{"gold_per_floor":[117,135,149,165,180,180,191,206,206,206,221,221,221,232,232,332,332,347,347,202,382,394,394,407,407,407,417,417],"floor_reached":28,"playtime":952,"items_purged":["Strike_R"],"score":216,"play_id":"fcacbccd-9433-471a-b8f0-eca4c29d6a38","local_time":"20190805103348","is_ascension_mode":false,"campfire_choices":[{"data":"Body Slam","floor":6,"key":"SMITH"},{"data":"Hemokinesis","floor":10,"key":"SMITH"},{"data":"Shockwave","floor":15,"key":"SMITH"},{"data":"Rupture","floor":23,"key":"SMITH"},{"data":"Brutality","floor":25,"key":"SMITH"}],"neow_cost":"NONE","seed_source_timestamp":28391442812897,"circlet_count":0,"master_deck":["Strike_R","Strike_R","Strike_R","Defend_R","Defend_R","Defend_R","Defend_R","Bash","Hemokinesis+1","Body Slam+1","Clothesline","Battle Trance","Brutality+1","Shockwave+1","Spot Weakness","Havoc+1","Rupture+1","Dropkick+1","Intimidate+1"],"relics":["Burning Blood"],"potions_floor_usage":[4,14,24,28],"damage_taken":[{"damage":11,"enemies":"Jaw Worm","floor":1,"turns":2},{"damage":10,"enemies":"Small Slimes","floor":2,"turns":3},{"damage":3,"enemies":"Cultist","floor":3,"turns":3},{"damage":0,"enemies":"2 Fungi Beasts","floor":4,"turns":4},{"damage":17,"enemies":"Large Slime","floor":5,"turns":9},{"damage":11,"enemies":"Blue Slaver","floor":7,"turns":4},{"damage":9,"enemies":"Exordium Wildlife","floor":8,"turns":4},{"damage":6,"enemies":"Large Slime","floor":11,"turns":5},{"damage":9,"enemies":"Red Slaver","floor":14,"turns":3},{"damage":43,"enemies":"The Guardian","floor":16,"turns":9},{"damage":4,"enemies":"Chosen","floor":18,"turns":4},{"damage":17,"enemies":"Shell Parasite","floor":22,"turns":6},{"damage":20,"enemies":"Snake Plant","floor":24,"turns":5},{"damage":30,"enemies":"Chosen and Byrds","floor":27,"turns":7},{"damage":9,"enemies":"Masked Bandits","floor":28,"turns":3}],"seed_played":"6838910346126410466","potions_obtained":[{"floor":1,"key":"Dexterity Potion"},{"floor":2,"key":"Block Potion"},{"floor":4,"key":"SpeedPotion"},{"floor":14,"key":"Fruit Juice"},{"floor":18,"key":"SteroidPotion"},{"floor":27,"key":"Block Potion"}],"is_trial":false,"path_per_floor":["M","M","M","M","M","R","M","M","T","R","M","?","?","M","R","B",null,"M","?","$","?","M","R","M","R","T","M","?"],"character_chosen":"IRONCLAD","items_purchased":["Rupture"],"campfire_rested":0,"item_purchase_floors":[20],"current_hp_per_floor":[83,79,82,88,77,77,72,69,69,69,69,62,62,64,64,27,93,93,93,93,66,55,55,41,41,41,17,8],"gold":417,"neow_bonus":"TEN_PERCENT_HP_BONUS","is_prod":false,"is_daily":false,"chose_seed":false,"campfire_upgraded":5,"win_rate":0,"timestamp":1564968828,"path_taken":["M","M","M","M","M","R","M","M","T","R","M","?","?","M","R","BOSS","M","?","$","?","?","R","M","R","T","M","?"],"build_version":"2019-07-17","purchased_purges":1,"victory":false,"max_hp_per_floor":[88,88,88,88,88,88,88,88,88,88,88,88,88,93,93,93,93,93,93,93,93,93,93,93,93,93,93,93],"card_choices":[{"not_picked":["Body Slam","Ghostly Armor"],"picked":"Hemokinesis","floor":1},{"not_picked":["Cleave","Wild Strike"],"picked":"Body Slam","floor":2},{"not_picked":["Second Wind","Havoc"],"picked":"Clothesline","floor":3},{"not_picked":["Body Slam","Warcry","Clash"],"picked":"SKIP","floor":4},{"not_picked":["Heavy Blade","Bloodletting"],"picked":"Battle Trance","floor":5},{"not_picked":["Clash","Armaments"],"picked":"Brutality","floor":7},{"not_picked":["Twin Strike","Thunderclap"],"picked":"Shockwave","floor":8},{"not_picked":["Iron Wave","Sword Boomerang","Whirlwind"],"picked":"SKIP","floor":11},{"not_picked":["Cleave","Heavy Blade"],"picked":"Spot Weakness","floor":14},{"not_picked":["Wild Strike+1","Second Wind+1"],"picked":"Havoc+1","floor":18},{"not_picked":["Body Slam+1","Anger+1"],"picked":"Dropkick+1","floor":22},{"not_picked":["Headbutt","Havoc","Cleave"],"picked":"SKIP","floor":24},{"not_picked":["Sentinel","Seeing Red"],"picked":"Intimidate+1","floor":27}],"player_experience":269902,"relics_obtained":[],"event_choices":[{"cards_removed":["Strike_R"],"damage_healed":0,"gold_gain":0,"player_choice":"Card Removal","damage_taken":7,"max_hp_gain":0,"max_hp_loss":0,"event_name":"Golden Wing","floor":12,"gold_loss":0},{"damage_healed":0,"gold_gain":0,"player_choice":"Ignored","damage_taken":0,"max_hp_gain":0,"max_hp_loss":0,"event_name":"Liars Game","floor":13,"gold_loss":0},{"damage_healed":0,"gold_gain":0,"player_choice":"Ignored","damage_taken":0,"max_hp_gain":0,"max_hp_loss":0,"event_name":"Cursed Tome","floor":19,"gold_loss":0},{"damage_healed":0,"gold_gain":180,"player_choice":"GOLD GOLD ","damage_taken":27,"max_hp_gain":0,"max_hp_loss":0,"event_name":"Knowing Skull","floor":21,"potions_obtained":[],"gold_loss":0,"cards_obtained":[]},{"damage_healed":0,"gold_gain":0,"player_choice":"Fought Bandits","damage_taken":0,"max_hp_gain":0,"max_hp_loss":0,"event_name":"Masked Bandits","floor":28,"gold_loss":0}],"is_beta":false,"boss_relics":[{"not_picked":["Empty Cage","Mark of Pain","Runic Pyramid"]}],"items_purged_floors":[20],"is_endless":false,"potions_floor_spawned":[1,2,4,14,18,22,27],"killed_by":"Masked Bandits","ascension_level":0}