{"gold_per_floor":[110,110,110,123,133,133,165,165,165,175,175,205,221,240,240,240],"floor_reached":16,"playtime":589,"items_purged":[],"score":240,"play_id":"705bf611-e65f-43ab-95a6-74247a1e2b8b","local_time":"20190731014705","is_ascension_mode":true,"campfire_choices":[{"data":"Zap","floor":6,"key":"SMITH"},{"data":"Coolheaded","floor":8,"key":"SMITH"},{"data":"Biased Cognition","floor":11,"key":"SMITH"},{"data":"Recycle","floor":15,"key":"SMITH"}],"neow_cost":"NONE","seed_source_timestamp":350937984632239,"circlet_count":0,"master_deck":["AscendersBane","Strike_B","Strike_B","Strike_B","Strike_B","Defend_B","Defend_B","Defend_B","Defend_B","Zap+1","Dualcast","Rainbow","Coolheaded+1","Biased Cognition+1","Cold Snap","Conserve Battery","Compile Driver","Biased Cognition","Recycle+1","Glacier"],"relics":["Cracked Core","Shovel","Question Card","Potion Belt"],"potions_floor_usage":[10,16,16,16,16],"damage_taken":[{"damage":5,"enemies":"Jaw Worm","floor":1,"turns":4},{"damage":3,"enemies":"Small Slimes","floor":4,"turns":4},{"damage":0,"enemies":"Cultist","floor":5,"turns":3},{"damage":7,"enemies":"3 Sentries","floor":7,"turns":7},{"damage":15,"enemies":"Exordium Thugs","floor":10,"turns":4},{"damage":0,"enemies":"Gremlin Nob","floor":12,"turns":4},{"damage":0,"enemies":"Looter","floor":13,"turns":3},{"damage":0,"enemies":"Blue Slaver","floor":14,"turns":2},{"damage":40,"enemies":"Hexaghost","floor":16,"turns":12}],"seed_played":"-7215133905764287783","potions_obtained":[{"floor":3,"key":"Fruit Juice"},{"floor":3,"key":"GamblersBrew"},{"floor":10,"key":"Swift Potion"},{"floor":12,"key":"SneckoOil"},{"floor":13,"key":"Swift Potion"}],"is_trial":false,"path_per_floor":["M","?","?","M","M","R","E","R","T","M","R","E","M","M","R","B"],"character_chosen":"DEFECT","items_purchased":[],"campfire_rested":0,"item_purchase_floors":[],"current_hp_per_floor":[59,59,59,56,56,56,49,49,49,39,39,39,39,39,39,0],"gold":240,"neow_bonus":"ONE_RANDOM_RARE_CARD","is_prod":false,"is_daily":false,"chose_seed":false,"campfire_upgraded":4,"win_rate":0,"timestamp":1564552025,"path_taken":["M","?","?","M","M","R","E","R","T","?","R","E","M","M","R","BOSS"],"build_version":"2019-07-17","purchased_purges":0,"victory":false,"max_hp_per_floor":[71,71,71,71,71,71,71,71,71,76,76,76,76,76,76,76],"card_choices":[{"not_picked":["FTL","Hologram"],"picked":"Coolheaded","floor":1},{"not_picked":["Rebound","Coolheaded"],"picked":"Biased Cognition","floor":4},{"not_picked":["Beam Cell","Streamline"],"picked":"Cold Snap","floor":5},{"not_picked":["BootSequence","Turbo"],"picked":"Conserve Battery","floor":7},{"not_picked":["Redo","Turbo","Chill"],"picked":"Compile Driver","floor":10},{"not_picked":["Tempest","Sweeping Beam","Aggregate"],"picked":"Biased Cognition","floor":12},{"not_picked":["Go for the Eyes","Leap","Redo"],"picked":"Recycle","floor":13},{"not_picked":["Stack","Turbo","Darkness"],"picked":"Glacier","floor":14}],"player_experience":1619229,"relics_obtained":[{"floor":7,"key":"Shovel"},{"floor":9,"key":"Question Card"},{"floor":12,"key":"Potion Belt"}],"event_choices":[{"damage_healed":0,"gold_gain":0,"player_choice":"Ignored","damage_taken":0,"max_hp_gain":0,"max_hp_loss":0,"event_name":"Liars Game","floor":2,"gold_loss":0},{"damage_healed":0,"gold_gain":0,"player_choice":"Got Potions","damage_taken":0,"max_hp_gain":0,"max_hp_loss":0,"event_name":"Lab","floor":3,"gold_loss":0}],"is_beta":false,"boss_relics":[],"items_purged_floors":[],"is_endless":false,"potions_floor_spawned":[10,12,13],"killed_by":"Hexaghost","ascension_level":15}