{"gold_per_floor":[114,114,16,91,91,117,133,165,165,165],"floor_reached":10,"playtime":633,"items_purged":[],"score":93,"play_id":"1e61cc0d-4a84-4d0b-8aa3-433c8bd0db5c","local_time":"20180722224316","is_ascension_mode":true,"campfire_choices":[],"neow_cost":"","seed_source_timestamp":115339692161410,"circlet_count":0,"master_deck":["Defend_G","Defend_G","Defend_G","Defend_G","Defend_G","Strike_G","Strike_G","Strike_G","Strike_G","Survivor","Neutralize","Well Laid Plans","Deadly Poison","Noxious Fumes","Leg Sweep","Noxious Fumes","Calculated Gamble"],"relics":["Ring of the Snake","Gremlin Horn","Bag of Preparation","Question Card"],"potions_floor_usage":[],"damage_taken":[{"damage":4,"enemies":"Small Slimes","floor":1,"turns":5},{"damage":18,"enemies":"3 Sentries","floor":6,"turns":10},{"damage":1,"enemies":"2 Louse","floor":7,"turns":3},{"damage":23,"enemies":"Gremlin Nob","floor":8,"turns":5},{"damage":6,"enemies":"Lagavulin","floor":10,"turns":5}],"seed_played":"617691866369233337","potions_obtained":[{"floor":8,"key":"Weak Potion"}],"is_trial":false,"path_per_floor":["M","?","$","?","?","E","M","E","T"],"character_chosen":"THE_SILENT","items_purchased":["Deadly Poison","Noxious Fumes"],"campfire_rested":0,"item_purchase_floors":[3,3],"current_hp_per_floor":[66,59,59,48,48,30,29,6,6,0],"gold":165,"neow_bonus":"","is_prod":false,"is_daily":false,"chose_seed":false,"campfire_upgraded":0,"win_rate":0,"timestamp":1532313796,"path_taken":["M","?","$","?","?","E","M","E","T","E"],"build_version":"2018-07-19v2","purchased_purges":0,"victory":false,"max_hp_per_floor":[70,70,70,70,70,70,70,70,70,70],"card_choices":[{"not_picked":["Outmaneuver","Quick Slash"],"picked":"Well Laid Plans","floor":1},{"not_picked":["Underhanded Strike","Well Laid Plans"],"picked":"Leg Sweep","floor":6},{"not_picked":["Poisoned Stab","Sucker Punch"],"picked":"Noxious Fumes","floor":7},{"not_picked":["Escape Plan","Endless Agony"],"picked":"Calculated Gamble","floor":8}],"player_experience":246304,"relics_obtained":[{"floor":6,"key":"Gremlin Horn"},{"floor":8,"key":"Bag of Preparation"},{"floor":9,"key":"Question Card"}],"event_choices":[{"event_name":"Golden Wing","player_choice":"Card Removal","floor":2,"damage_taken":0},{"event_name":"World of Goop","player_choice":"Gather Gold","floor":4,"damage_taken":0},{"event_name":"Liars Game","player_choice":"disagreed","floor":5,"damage_taken":0}],"is_beta":false,"boss_relics":[],"items_purged_floors":[],"is_endless":false,"potions_floor_spawned":[8],"killed_by":"Lagavulin","ascension_level":5}