{"gold_per_floor":[110,110,110,129,147,147,157,169,195,20,20,120,140,17,17,121,121,131,149,149,163,38,50,50,5,5,24,40,40,54,70,70,166,166,186,21,32,51,51,51,51,67,67,67,80,80],"floor_reached":46,"playtime":4602,"items_purged":["Strike_B","Strike_B","Defend_B"],"score":418,"play_id":"3af250f7-c032-4959-a054-9e39821cab2b","local_time":"20190802181705","is_ascension_mode":false,"campfire_choices":[{"data":"Zap","floor":6,"key":"SMITH"},{"data":"Loop","floor":11,"key":"SMITH"},{"floor":15,"key":"REST"},{"data":"Double Energy","floor":24,"key":"SMITH"},{"floor":29,"key":"REST"},{"data":"Rainbow","floor":32,"key":"SMITH"},{"floor":40,"key":"REST"},{"floor":44,"key":"REST"}],"neow_cost":"PERCENT_DAMAGE","seed_source_timestamp":58960972794485,"circlet_count":0,"master_deck":["Zap+1","Dualcast","Glacier","Cold Snap","Leap","Double Energy+1","Rip and Tear","Loop+1","Cold Snap","Genetic Algorithm","Streamline","Rainbow+1","Ball Lightning","Defragment+1","Loop","FTL","Steam","Steam Power","Gash","Gash","Compile Driver","Static Discharge+1","Storm","Blind","Redo","Hologram+1","Go for the Eyes+1"],"relics":["Cracked Core","Anchor","Empty Cage","Darkstone Periapt","Mummified Hand"],"potions_floor_usage":[],"damage_taken":[{"damage":0,"enemies":"Small Slimes","floor":1,"turns":4},{"damage":0,"enemies":"Cultist","floor":4,"turns":3},{"damage":3,"enemies":"Jaw Worm","floor":5,"turns":5},{"damage":8,"enemies":"Red Slaver","floor":7,"turns":3},{"damage":4,"enemies":"Lots of Slimes","floor":8,"turns":5},{"damage":2,"enemies":"3 Louse","floor":13,"turns":3},{"damage":7,"enemies":"The Guardian","floor":16,"turns":14},{"damage":16,"enemies":"2 Thieves","floor":18,"turns":4},{"damage":41,"enemies":"3 Byrds","floor":19,"turns":5},{"damage":7,"enemies":"3 Cultists","floor":21,"turns":6},{"damage":4,"enemies":"Snake Plant","floor":23,"turns":4},{"damage":15,"enemies":"Snecko","floor":27,"turns":5},{"damage":14,"enemies":"Cultist and Chosen","floor":28,"turns":5},{"damage":0,"enemies":"Centurion and Healer","floor":30,"turns":6},{"damage":0,"enemies":"Sentry and Sphere","floor":31,"turns":5},{"damage":18,"enemies":"Champ","floor":33,"turns":10},{"damage":29,"enemies":"Orb Walker","floor":35,"turns":5},{"damage":21,"enemies":"3 Darklings","floor":37,"turns":7},{"damage":24,"enemies":"Sphere and 2 Shapes","floor":38,"turns":5},{"damage":17,"enemies":"Transient","floor":42,"turns":5},{"damage":23,"enemies":"Spire Growth","floor":45,"turns":5},{"damage":16,"enemies":"Jaw Worm Horde","floor":46,"turns":3}],"seed_played":"7546689870022856596","potions_obtained":[{"floor":1,"key":"Weak Potion"},{"floor":5,"key":"SpeedPotion"},{"floor":13,"key":"Dexterity Potion"},{"floor":31,"key":"FocusPotion"}],"is_trial":false,"path_per_floor":["M","?","?","M","M","R","M","M","T","$","R","?","M","$","R","B",null,"M","M","?","M","$","M","R","$","T","M","M","R","M","M","R","B",null,"M","$","M","M","?","R","?","M","T","R","M","M"],"character_chosen":"DEFECT","items_purchased":["Loop","Cold Snap","Streamline","Steam","Storm","Blind"],"campfire_rested":4,"item_purchase_floors":[10,10,14,25,36,36],"current_hp_per_floor":[54,54,54,54,51,51,43,39,39,39,39,39,37,37,59,52,75,59,18,75,68,68,64,64,64,64,49,35,57,57,57,57,39,75,46,46,25,1,1,23,23,6,6,28,5,0],"gold":80,"neow_bonus":"REMOVE_TWO","is_prod":false,"is_daily":false,"chose_seed":false,"campfire_upgraded":4,"win_rate":0.0,"timestamp":1564762625,"path_taken":["M","?","?","M","M","R","M","M","T","$","R","?","?","$","R","BOSS","M","M","?","M","$","?","R","?","T","M","M","R","M","M","R","BOSS","M","$","M","M","?","R","?","M","T","R","M","M"],"build_version":"2019-07-17","purchased_purges":3,"victory":false,"max_hp_per_floor":[75,75,75,75,75,75,75,75,75,75,75,75,75,75,75,75,75,75,75,75,75,75,75,75,75,75,75,75,75,75,75,75,75,75,75,75,75,75,75,75,75,75,75,75,75,75],"card_choices":[{"not_picked":["Defragment","Self Repair"],"picked":"Glacier","floor":1},{"not_picked":["Go for the Eyes","Scrape"],"picked":"Cold Snap","floor":4},{"not_picked":["Darkness","Compile Driver"],"picked":"Leap","floor":5},{"not_picked":["Ball Lightning","Compile Driver"],"picked":"Double Energy","floor":7},{"not_picked":["Beam Cell","Barrage"],"picked":"Rip and Tear","floor":8},{"not_picked":["Thunder Strike","Hologram"],"picked":"Genetic Algorithm","floor":13},{"not_picked":["Buffer","All For One"],"picked":"Rainbow","floor":16},{"not_picked":["Cold Snap","Steam"],"picked":"Ball Lightning","floor":18},{"not_picked":["Coolheaded","Streamline"],"picked":"Defragment+1","floor":19},{"not_picked":["Storm","Auto Shields"],"picked":"Loop","floor":21},{"not_picked":["Streamline","Go for the Eyes"],"picked":"FTL","floor":23},{"not_picked":["All For One","Beam Cell"],"picked":"Steam Power","floor":27},{"not_picked":["Barrage","Go for the Eyes"],"picked":"Gash","floor":28},{"not_picked":["BootSequence","Glacier+1"],"picked":"Gash","floor":30},{"not_picked":["Steam Power+1","Leap"],"picked":"Compile Driver","floor":31},{"not_picked":["Electrodynamics","Rainbow"],"picked":"Seek","floor":33},{"not_picked":["Fusion","Barrage"],"picked":"Static Discharge+1","floor":35},{"not_picked":["Ball Lightning+1","Static Discharge+1"],"picked":"Redo","floor":37},{"not_picked":["Steam","Static Discharge+1","Glacier"],"picked":"SKIP","floor":38},{"not_picked":["Streamline","Compile Driver+1"],"picked":"Hologram+1","floor":42},{"not_picked":["Gash","Reprogram"],"picked":"Go for the Eyes+1","floor":45}],"player_experience":23232,"relics_obtained":[{"floor":9,"key":"Anchor"},{"floor":26,"key":"Darkstone Periapt"},{"floor":43,"key":"Mummified Hand"}],"event_choices":[{"damage_healed":0,"gold_gain":0,"player_choice":"Ignored","damage_taken":0,"max_hp_gain":0,"max_hp_loss":0,"event_name":"Liars Game","floor":2,"gold_loss":0},{"damage_healed":0,"gold_gain":0,"cards_transformed":["Defend_B"],"player_choice":"Change","damage_taken":0,"max_hp_gain":0,"max_hp_loss":0,"event_name":"Living Wall","floor":3,"gold_loss":0,"cards_obtained":["Consume"]},{"damage_healed":0,"gold_gain":100,"player_choice":"Pray","damage_taken":0,"max_hp_gain":0,"max_hp_loss":0,"event_name":"Golden Shrine","floor":12,"gold_loss":0},{"cards_removed":["Consume"],"damage_healed":57,"gold_gain":0,"player_choice":"Offered Uncommon","damage_taken":0,"max_hp_gain":0,"max_hp_loss":0,"event_name":"Bonfire Elementals","floor":20,"gold_loss":0},{"damage_healed":0,"gold_gain":0,"player_choice":"Ignored","damage_taken":0,"max_hp_gain":0,"max_hp_loss":0,"event_name":"Mysterious Sphere","floor":39,"gold_loss":0},{"cards_removed":["Seek"],"damage_healed":0,"gold_gain":0,"player_choice":"Removed Skill","damage_taken":0,"max_hp_gain":0,"max_hp_loss":0,"event_name":"Falling","floor":41,"gold_loss":0}],"is_beta":false,"boss_relics":[{"not_picked":["Ectoplasm","Nuclear Battery"],"picked":"Empty Cage"},{"not_picked":["Busted Crown","Philosopher\u0027s Stone","FrozenCore"]}],"items_purged_floors":[10,14,22],"is_endless":false,"potions_floor_spawned":[1,5,13,18,19,28,30,31,33,37,38,42],"killed_by":"Jaw Worm Horde","ascension_level":0}