{"gold_per_floor":[11,25,25,40,40,40,51,84,84,49,49,49,49,62,62,167,167,182,107,121,121,141,141,174,174,174,174,201,201,221,232,232,332,332,342,342,247,302,402,402,422,422,475,475,475,475,121,121,121,121],"floor_reached":50,"playtime":2910,"items_purged":["Strike_B+1"],"score":546,"play_id":"a86eeb3c-e187-4cb8-abec-315e74e24604","local_time":"20190502002023","is_ascension_mode":true,"campfire_choices":[{"floor":6.0,"key":"DIG"},{"floor":12.0,"key":"DIG"},{"floor":15.0,"key":"REST"},{"floor":23.0,"key":"DIG"},{"floor":29.0,"key":"REST"},{"floor":32.0,"key":"REST"},{"floor":40.0,"key":"DIG"},{"floor":42.0,"key":"DIG"},{"floor":45.0,"key":"DIG"},{"floor":46.0,"key":"REST"},{"floor":49.0,"key":"RECALL"}],"neow_cost":"NO_GOLD","seed_source_timestamp":0,"circlet_count":0,"master_deck":["Strike_B+1","Strike_B+1","Strike_B+1","Defend_B+1","Defend_B+1","Defend_B+1","Zap","Dualcast","Capacitor","Sunder","Ball Lightning","Core Surge","Biased Cognition","Ball Lightning+1","Glacier","Creative AI","Biased Cognition","Cold Snap","Core Surge","Go for the Eyes","Conserve Battery","Regret","Seek"],"special_seed":0,"relics":["FrozenCore","Shovel","Matryoshka","Mercury Hourglass","DataDisk","Art of War","Smiling Mask","Letter Opener","Dead Branch","Juzu Bracelet","Nunchaku","NlothsMask","Question Card","Cursed Key","WingedGreaves","Peace Pipe","PreservedInsect","Singing Bowl","Torii","Calipers"],"potions_floor_usage":[50],"damage_taken":[{"damage":1.0,"enemies":"Cultist","floor":1.0,"turns":3.0},{"damage":14.0,"enemies":"Jaw Worm","floor":2.0,"turns":3.0},{"damage":2.0,"enemies":"2 Louse","floor":4.0,"turns":2.0},{"damage":6.0,"enemies":"Blue Slaver","floor":7.0,"turns":3.0},{"damage":36.0,"enemies":"Gremlin Nob","floor":8.0,"turns":4.0},{"damage":0.0,"enemies":"3 Louse","floor":14.0,"turns":2.0},{"damage":45.0,"enemies":"Hexaghost","floor":16.0,"turns":9.0},{"damage":1.0,"enemies":"Spheric Guardian","floor":18.0,"turns":4.0},{"damage":27.0,"enemies":"2 Thieves","floor":20.0,"turns":4.0},{"damage":8.0,"enemies":"Snecko","floor":22.0,"turns":4.0},{"damage":31.0,"enemies":"Slavers","floor":24.0,"turns":7.0},{"damage":3.0,"enemies":"Book of Stabbing","floor":28.0,"turns":6.0},{"damage":2.0,"enemies":"Centurion and Healer","floor":30.0,"turns":7.0},{"damage":3.0,"enemies":"Chosen and Byrds","floor":31.0,"turns":4.0},{"damage":26.0,"enemies":"Automaton","floor":33.0,"turns":11.0},{"damage":0.0,"enemies":"Orb Walker","floor":35.0,"turns":3.0},{"damage":29.0,"enemies":"2 Orb Walkers","floor":38.0,"turns":5.0},{"damage":3.0,"enemies":"Mind Bloom Boss Battle","floor":39.0,"turns":6.0},{"damage":17.0,"enemies":"3 Darklings","floor":41.0,"turns":5.0},{"damage":54,"enemies":"Time Eater","floor":50,"turns":5}],"seed_played":"8296609084063813525","potions_obtained":[{"floor":1.0,"key":"PowerPotion"},{"floor":14.0,"key":"SpeedPotion"},{"floor":18.0,"key":"SpeedPotion"},{"floor":22.0,"key":"Regen Potion"},{"floor":28.0,"key":"EssenceOfSteel"},{"floor":33.0,"key":"Strength Potion"},{"floor":35.0,"key":"Poison Potion"},{"floor":41.0,"key":"Explosive Potion"}],"is_trial":false,"path_per_floor":["M","M","?","M","?","R","M","E","T","?","T","R","?","M","R","B",null,"M","?","M","?","M","R","E","?","T","?","E","R","M","M","R","B",null,"M","?","$","?","?","R","M","R","T","?","R","R","$","?","R","B"],"character_chosen":"DEFECT","items_purchased":["Conserve Battery","Calipers","Seek"],"campfire_rested":4,"item_purchase_floors":[37,47,47],"current_hp_per_floor":[74,60,60,58,58,58,52,16,16,34,34,34,34,34,56,11,75,74,74,47,47,39,39,23,23,23,23,20,42,40,37,59,33,75,75,75,75,46,43,43,26,26,26,26,26,48,48,50,50,0],"gold":121,"neow_bonus":"ONE_RARE_RELIC","is_prod":false,"is_daily":false,"chose_seed":false,"campfire_upgraded":0,"win_rate":0,"timestamp":1556770823,"path_taken":["M","M","?","?","?","R","?","E","T","?","?","R","?","M","R","BOSS","M","?","M","?","M","R","E","?","T","?","E","R","M","M","R","BOSS","M","?","$","?","?","R","M","R","T","?","R","R","?","?","R","BOSS"],"build_version":"2019-01-23","purchased_purges":1,"victory":false,"max_hp_per_floor":[75,75,75,75,75,75,75,75,75,75,75,75,75,75,75,75,75,75,75,75,75,75,75,75,75,75,75,75,75,75,75,75,75,75,75,75,75,75,75,75,75,75,75,75,75,75,75,77,77,77],"card_choices":[{"not_picked":["Ball Lightning","Conserve Battery"],"picked":"Capacitor","floor":1.0},{"not_picked":["Hologram","Reprogram"],"picked":"Sunder","floor":2.0},{"not_picked":["Steam","Double Energy"],"picked":"Ball Lightning","floor":4.0},{"not_picked":["Recycle","Stack","Leap"],"picked":"SKIP","floor":7.0},{"not_picked":["Aggregate","Sweeping Beam"],"picked":"Core Surge","floor":8.0},{"not_picked":["Rebound","Chill","Hologram"],"picked":"SKIP","floor":14.0},{"not_picked":["Reboot","Machine Learning"],"picked":"Biased Cognition","floor":16.0},{"not_picked":["Beam Cell","Chaos"],"picked":"Ball Lightning+1","floor":18.0},{"not_picked":["Stack","Tempest","Sunder+1"],"picked":"SKIP","floor":20.0},{"not_picked":["Leap+1","Stack"],"picked":"Glacier","floor":22.0},{"not_picked":["Compile Driver","Doom and Gloom","Leap+1"],"picked":"SKIP","floor":24.0},{"not_picked":["Self Repair+1","Fusion+1"],"picked":"Biased Cognition","floor":28.0},{"not_picked":["Turbo+1","Conserve Battery","Double Energy"],"picked":"Cold Snap","floor":30.0},{"not_picked":["Recycle","Hologram","Gash+1"],"picked":"Go for the Eyes","floor":31.0},{"not_picked":["Amplify","Echo Form","Electrodynamics"],"picked":"Core Surge","floor":33.0},{"not_picked":["Compile Driver","Steam+1","Rebound+1"],"picked":"Go for the Eyes","floor":35.0},{"not_picked":["FTL","Turbo","Steam","Streamline"],"picked":"SKIP","floor":41.0},{"not_picked":["Panache","Thinking Ahead","Deep Breath","Discovery"],"picked":"Singing Bowl","floor":48.0}],"player_experience":934045,"relics_obtained":[{"floor":6.0,"key":"Matryoshka"},{"floor":8.0,"key":"Mercury Hourglass"},{"floor":9.0,"key":"DataDisk"},{"floor":11.0,"key":"Art of War"},{"floor":11.0,"key":"Smiling Mask"},{"floor":12.0,"key":"Letter Opener"},{"floor":23.0,"key":"Dead Branch"},{"floor":24.0,"key":"Juzu Bracelet"},{"floor":26.0,"key":"Nunchaku"},{"floor":28.0,"key":"Question Card"},{"floor":38.0,"key":"WingedGreaves"},{"floor":39.0,"key":"Peace Pipe"},{"floor":40.0,"key":"PreservedInsect"},{"floor":42.0,"key":"Singing Bowl"},{"floor":45.0,"key":"Torii"}],"event_choices":[{"damage_healed":0.0,"max_hp_gain":0.0,"max_hp_loss":0.0,"gold_gain":0.0,"event_name":"Wheel of Change","player_choice":"Cursed","floor":3.0,"gold_loss":0.0,"damage_taken":0.0,"cards_obtained":["Decay"]},{"cards_removed":["Decay"],"damage_healed":0.0,"max_hp_gain":0.0,"max_hp_loss":0.0,"gold_gain":0.0,"event_name":"Fountain of Cleansing","player_choice":"Removed Curses","floor":5.0,"gold_loss":0.0,"damage_taken":0.0},{"damage_healed":18.0,"max_hp_gain":0.0,"max_hp_loss":0.0,"gold_gain":0.0,"event_name":"The Cleric","player_choice":"Healed","floor":10.0,"gold_loss":35.0,"damage_taken":0.0},{"damage_healed":0.0,"max_hp_gain":0.0,"max_hp_loss":0.0,"gold_gain":0.0,"event_name":"Shining Light","player_choice":"Ignored","floor":13.0,"gold_loss":0.0,"damage_taken":0.0},{"cards_removed":["Defend_B"],"damage_healed":0.0,"max_hp_gain":0.0,"max_hp_loss":0.0,"gold_gain":0.0,"event_name":"Beggar","player_choice":"Gave Gold","floor":19.0,"gold_loss":75.0,"damage_taken":0.0},{"damage_healed":0.0,"max_hp_gain":0.0,"max_hp_loss":0.0,"gold_gain":0.0,"event_name":"Back to Basics","player_choice":"Simplicity","floor":21.0,"gold_loss":0.0,"damage_taken":0.0,"cards_upgraded":["Strike_B","Strike_B","Strike_B","Strike_B","Defend_B","Defend_B","Defend_B"]},{"damage_healed":0.0,"max_hp_gain":0.0,"max_hp_loss":0.0,"gold_gain":0.0,"event_name":"Match and Keep!","player_choice":"1 cards matched","floor":25.0,"gold_loss":0.0,"damage_taken":0.0,"cards_obtained":["Creative AI"]},{"damage_healed":0.0,"max_hp_gain":0.0,"max_hp_loss":0.0,"gold_gain":0.0,"event_name":"FaceTrader","player_choice":"Trade","floor":27.0,"gold_loss":0.0,"damage_taken":0.0,"relics_obtained":["NlothsMask"]},{"damage_healed":0.0,"max_hp_gain":0.0,"max_hp_loss":0.0,"gold_gain":0.0,"event_name":"Tomb of Lord Red Mask","player_choice":"Ignored","floor":36.0,"gold_loss":0.0,"damage_taken":0.0},{"damage_healed":0.0,"max_hp_gain":0.0,"max_hp_loss":0.0,"gold_gain":0.0,"event_name":"Mysterious Sphere","player_choice":"Fight","floor":38.0,"gold_loss":0.0,"damage_taken":0.0},{"damage_healed":0.0,"max_hp_gain":0.0,"max_hp_loss":0.0,"gold_gain":0.0,"event_name":"MindBloom","player_choice":"Fight","floor":39.0,"gold_loss":0.0,"damage_taken":0.0},{"cards_removed":["Go for the Eyes"],"damage_healed":0.0,"max_hp_gain":0.0,"max_hp_loss":0.0,"gold_gain":0.0,"event_name":"Falling","player_choice":"Removed Attack","floor":44.0,"gold_loss":0.0,"damage_taken":0.0},{"damage_healed":0.0,"max_hp_gain":0.0,"max_hp_loss":0.0,"gold_gain":0.0,"event_name":"SensoryStone","player_choice":"Memory 1","floor":48.0,"gold_loss":0.0,"damage_taken":0.0}],"is_beta":false,"boss_relics":[{"not_picked":["Runic Pyramid","Empty Cage"],"picked":"FrozenCore"},{"not_picked":["Astrolabe","Fusion Hammer"],"picked":"Cursed Key"}],"items_purged_floors":[37],"is_endless":false,"potions_floor_spawned":[1,14,18,22,28,33,35,41],"killed_by":"Time Eater","ascension_level":2}