{"gold_per_floor":[117,117,42,42,62,62,88,13,40,58,68,97,97,122,122,195,195,213,242,242,252,267,267,167,192,246,246,264,275,150,150,150,228,228,239,256,356,656,672,703,703,731,754,769,785,785,805,819,819,819,819,819,819,22,49,49],"floor_reached":57,"playtime":2221,"items_purged":["Strike_R","Bash","Strike_R","Bludgeon+1"],"score":3129,"play_id":"83c48655-9ddd-4602-a54b-7728c27345d3","local_time":"20190603235343","is_ascension_mode":true,"campfire_choices":[{"data":"Bludgeon","floor":6.0,"key":"SMITH"},{"data":"Body Slam","floor":13.0,"key":"SMITH"},{"data":"Armaments","floor":15.0,"key":"SMITH"},{"data":"True Grit","floor":23.0,"key":"SMITH"},{"data":"Barricade","floor":27.0,"key":"SMITH"},{"data":"Battle Trance","floor":32.0,"key":"SMITH"},{"data":"Entrench","floor":41,"key":"SMITH"},{"data":"Dark Embrace","floor":46,"key":"SMITH"},{"floor":49,"key":"RECALL"},{"data":"Offering","floor":53,"key":"SMITH"}],"neow_cost":"PERCENT_DAMAGE","seed_source_timestamp":114888866558823,"circlet_count":0,"master_deck":["AscendersBane","Defend_R","Defend_R","Defend_R","Defend_R","Evolve","Battle Trance+1","Shrug It Off","Body Slam+1","Armaments+1","Barricade+1","True Grit+1","Shockwave","Feel No Pain","Offering+1","Power Through+1","Entrench+1","Seeing Red","Dark Embrace+1"],"special_seed":0,"relics":["Burning Blood","Gambling Chip","Bag of Marbles","Blood Vial","Oddly Smooth Stone","PreservedInsect","Coffee Dripper","Red Mask","Question Card","Pen Nib","Runic Pyramid","Ancient Tea Set","Du-Vu Doll","Bird Faced Urn","Champion Belt","Orichalcum"],"potions_floor_usage":[],"damage_taken":[{"damage":12.0,"enemies":"Small Slimes","floor":1.0,"turns":6.0},{"damage":7.0,"enemies":"2 Louse","floor":5.0,"turns":3.0},{"damage":8.0,"enemies":"Gremlin Nob","floor":7.0,"turns":3.0},{"damage":0.0,"enemies":"Jaw Worm","floor":10.0,"turns":1.0},{"damage":7.0,"enemies":"Exordium Thugs","floor":11.0,"turns":4.0},{"damage":22.0,"enemies":"Lagavulin","floor":12.0,"turns":4.0},{"damage":2.0,"enemies":"Gremlin Nob","floor":14.0,"turns":3.0},{"damage":41.0,"enemies":"Slime Boss","floor":16.0,"turns":8.0},{"damage":0.0,"enemies":"Chosen","floor":18.0,"turns":3.0},{"damage":40.0,"enemies":"Masked Bandits","floor":19.0,"turns":5.0},{"damage":0.0,"enemies":"3 Byrds","floor":21.0,"turns":5.0},{"damage":2.0,"enemies":"Shelled Parasite and Fungi","floor":22.0,"turns":8.0},{"damage":12.0,"enemies":"Gremlin Leader","floor":25.0,"turns":3.0},{"damage":0.0,"enemies":"3 Cultists","floor":28.0,"turns":4.0},{"damage":0.0,"enemies":"Snake Plant","floor":29.0,"turns":3.0},{"damage":0.0,"enemies":"Champ","floor":33.0,"turns":6.0},{"damage":6.0,"enemies":"3 Darklings","floor":35.0,"turns":3.0},{"damage":6.0,"enemies":"3 Shapes","floor":36.0,"turns":4.0},{"damage":6.0,"enemies":"Mind Bloom Boss Battle","floor":37.0,"turns":5.0},{"damage":8,"enemies":"Transient","floor":39,"turns":6},{"damage":0,"enemies":"Giant Head","floor":40,"turns":4},{"damage":6,"enemies":"Nemesis","floor":42,"turns":3},{"damage":6,"enemies":"Sphere and 2 Shapes","floor":44,"turns":5},{"damage":6,"enemies":"3 Darklings","floor":45,"turns":6},{"damage":0,"enemies":"Writhing Mass","floor":47,"turns":4},{"damage":0,"enemies":"Spire Growth","floor":48,"turns":4},{"damage":28,"enemies":"Awakened One","floor":50,"turns":5},{"damage":6,"enemies":"Donu and Deca","floor":51,"turns":6},{"damage":9,"enemies":"Shield and Spear","floor":55,"turns":9},{"damage":54,"enemies":"The Heart","floor":56,"turns":9}],"seed_played":"3026379209164041010","potions_obtained":[{"floor":1.0,"key":"Swift Potion"},{"floor":7.0,"key":"GamblersBrew"},{"floor":12.0,"key":"Strength Potion"},{"floor":14.0,"key":"PowerPotion"},{"floor":21.0,"key":"AttackPotion"},{"floor":25.0,"key":"Energy Potion"},{"floor":28.0,"key":"AttackPotion"},{"floor":47,"key":"GamblersBrew"}],"is_trial":false,"path_per_floor":["M","?","?","?","M","R","E","$","T","M","M","E","R","E","R","B",null,"M","?","?","M","M","R","$","E","T","R","M","M","$","?","R","B",null,"M","M","?","?","M","E","R","E","T","M","M","R","M","M","R","B","B",null,"R","$","E","B",null],"character_chosen":"IRONCLAD","items_purchased":["Bird Faced Urn","Champion Belt"],"campfire_rested":0,"item_purchase_floors":[54,54],"current_hp_per_floor":[44,44,44,44,43,43,41,41,41,49,50,36,36,42,42,9,59,67,35,35,43,49,49,49,45,45,45,53,61,61,40,40,48,72,74,76,78,78,78,80,80,80,80,80,80,80,80,80,80,58,60,75,75,75,80,32],"gold":49,"neow_bonus":"ONE_RARE_RELIC","is_prod":false,"is_daily":false,"chose_seed":false,"campfire_upgraded":9,"win_rate":0,"timestamp":1559577223,"path_taken":["M","?","?","?","M","R","E","?","T","M","?","E","R","E","R","BOSS","M","?","?","?","M","R","$","E","T","R","M","M","$","?","R","BOSS","M","M","?","?","M","E","R","E","T","M","?","R","?","M","R","BOSS","BOSS","R","$","E","BOSS"],"build_version":"2019-01-23","purchased_purges":4,"victory":true,"max_hp_per_floor":[75,75,75,75,75,75,75,75,75,75,75,75,75,75,75,75,75,75,75,75,75,75,75,75,75,75,75,75,75,75,80,80,80,80,80,80,80,80,80,80,80,80,80,80,80,80,80,80,80,80,80,80,80,80,80,80],"card_choices":[{"not_picked":["Disarm","Thunderclap"],"picked":"Evolve","floor":1.0},{"not_picked":["Hemokinesis","Wild Strike","Ghostly Armor"],"picked":"SKIP","floor":5.0},{"not_picked":["Iron Wave","Pommel Strike"],"picked":"Battle Trance","floor":7.0},{"not_picked":["Iron Wave","Headbutt"],"picked":"Shrug It Off","floor":10.0},{"not_picked":["Searing Blow","Intimidate","Flex"],"picked":"SKIP","floor":11.0},{"not_picked":["Rupture","Shrug It Off"],"picked":"Body Slam","floor":12.0},{"not_picked":["Wild Strike","Demon Form"],"picked":"Armaments","floor":14.0},{"not_picked":["Fiend Fire","Immolate"],"picked":"Barricade","floor":16.0},{"not_picked":["Body Slam+1","Thunderclap","Infernal Blade"],"picked":"SKIP","floor":18.0},{"not_picked":["Infernal Blade","Flex+1"],"picked":"True Grit","floor":21.0},{"not_picked":["Rampage","Inflame","Sword Boomerang"],"picked":"SKIP","floor":22.0},{"not_picked":["Rampage","Inflame","Sword Boomerang"],"picked":"SKIP","floor":22.0},{"not_picked":["True Grit","Wild Strike+1"],"picked":"Shockwave","floor":25.0},{"not_picked":["Clothesline","Flex","Twin Strike+1","Anger"],"picked":"SKIP","floor":28.0},{"not_picked":["True Grit","Shrug It Off","Clash"],"picked":"Feel No Pain","floor":29.0},{"not_picked":["Juggernaut","Demon Form","Fiend Fire"],"picked":"Offering","floor":33.0},{"not_picked":["Cleave","Armaments+1","Warcry+1"],"picked":"Power Through+1","floor":35.0},{"not_picked":["Thunderclap","Whirlwind","Clash","Clothesline+1"],"picked":"SKIP","floor":36.0},{"not_picked":["Anger","Shockwave","Pommel Strike"],"picked":"Entrench","floor":37},{"not_picked":["Double Tap","Heavy Blade+1","Perfected Strike","Iron Wave"],"picked":"SKIP","floor":39},{"not_picked":["Fiend Fire","Thunderclap+1","Headbutt"],"picked":"Seeing Red","floor":40},{"not_picked":["Double Tap","Sword Boomerang","Rampage","Thunderclap+1"],"picked":"SKIP","floor":42},{"not_picked":["Bloodletting","Cleave","True Grit"],"picked":"Dark Embrace","floor":44},{"not_picked":["Reckless Charge","True Grit","Rampage","Evolve"],"picked":"SKIP","floor":45},{"not_picked":["Warcry","Anger","Shockwave","Flex"],"picked":"SKIP","floor":47},{"not_picked":["Clash+1","Heavy Blade","Flame Barrier","Perfected Strike"],"picked":"SKIP","floor":48},{"not_picked":["Flame Barrier+1","Entrench","Flex","Feel No Pain"],"picked":"SKIP","floor":55}],"player_experience":1853369,"relics_obtained":[{"floor":7.0,"key":"Bag of Marbles"},{"floor":9.0,"key":"Blood Vial"},{"floor":12.0,"key":"Oddly Smooth Stone"},{"floor":14.0,"key":"PreservedInsect"},{"floor":19.0,"key":"Red Mask"},{"floor":25.0,"key":"Question Card"},{"floor":26.0,"key":"Pen Nib"},{"floor":40,"key":"Ancient Tea Set"},{"floor":42,"key":"Du-Vu Doll"},{"floor":55,"key":"Orichalcum"}],"event_choices":[{"damage_healed":0.0,"max_hp_gain":0.0,"max_hp_loss":0.0,"gold_gain":0.0,"cards_transformed":["Strike_R"],"event_name":"Living Wall","player_choice":"Change","floor":2.0,"gold_loss":0.0,"damage_taken":0.0,"cards_obtained":["Bludgeon"]},{"cards_removed":["Strike_R"],"damage_healed":0.0,"max_hp_gain":0.0,"max_hp_loss":0.0,"gold_gain":0.0,"event_name":"The Cleric","player_choice":"Card Removal","floor":3.0,"gold_loss":75.0,"damage_taken":0.0},{"damage_healed":0.0,"max_hp_gain":0.0,"max_hp_loss":0.0,"gold_gain":0.0,"event_name":"Liars Game","player_choice":"Ignored","floor":4.0,"gold_loss":0.0,"damage_taken":0.0},{"damage_healed":0.0,"max_hp_gain":0.0,"max_hp_loss":0.0,"gold_gain":0.0,"event_name":"Masked Bandits","player_choice":"Fought Bandits","floor":19.0,"gold_loss":0.0,"damage_taken":0.0},{"cards_removed":["Strike_R"],"damage_healed":0.0,"max_hp_gain":0.0,"max_hp_loss":0.0,"gold_gain":0.0,"event_name":"Purifier","player_choice":"Purged","floor":20.0,"gold_loss":0.0,"damage_taken":0.0},{"damage_healed":0.0,"max_hp_gain":5.0,"max_hp_loss":0.0,"gold_gain":0.0,"event_name":"Forgotten Altar","player_choice":"Shed Blood","floor":31.0,"gold_loss":0.0,"damage_taken":26.0},{"damage_healed":0.0,"max_hp_gain":0.0,"max_hp_loss":0.0,"gold_gain":0.0,"event_name":"MindBloom","player_choice":"Fight","floor":37.0,"gold_loss":0.0,"damage_taken":0.0},{"damage_healed":0,"gold_gain":300,"player_choice":"Gold","damage_taken":0,"max_hp_gain":0,"max_hp_loss":0,"event_name":"Wheel of Change","floor":38,"gold_loss":0}],"is_beta":false,"boss_relics":[{"not_picked":["Orrery","Tiny House"],"picked":"Coffee Dripper"},{"not_picked":["White Beast Statue","Fusion Hammer"],"picked":"Runic Pyramid"}],"items_purged_floors":[8,24,30,54],"is_endless":false,"potions_floor_spawned":[1,7,12,14,21,25,28,33,35,36,40,42,47],"ascension_level":20}