{"gold_per_floor":[109,109,127,137,40,40,70,70,70,70,70],"floor_reached":11,"playtime":381,"items_purged":[],"score":89,"play_id":"5f9bc3fa-8f87-4758-a633-c910ea338d7e","local_time":"20190519231709","is_ascension_mode":true,"campfire_choices":[{"data":"Rampage","floor":6,"key":"SMITH"}],"neow_cost":"PERCENT_DAMAGE","seed_source_timestamp":393125404716111,"circlet_count":0,"master_deck":["Strike_R","Strike_R","Strike_R","Strike_R","Strike_R","Defend_R","Defend_R","Defend_R","Defend_R","Bash+1","Flame Barrier","Rampage+1","Shrug It Off+1","Madness+1","True Grit+1"],"relics":["Burning Blood","Unceasing Top","Toxic Egg 2","Lantern","Pear"],"potions_floor_usage":[7],"damage_taken":[{"damage":6,"enemies":"Cultist","floor":1,"turns":4},{"damage":8,"enemies":"Jaw Worm","floor":3,"turns":4},{"damage":7,"enemies":"Small Slimes","floor":4,"turns":3},{"damage":49,"enemies":"Lagavulin","floor":7,"turns":8},{"damage":28,"enemies":"Gremlin Nob","floor":11,"turns":3}],"seed_played":"7530737321309050210","potions_obtained":[{"floor":1,"key":"Block Potion"}],"is_trial":false,"path_per_floor":["M","?","M","M","$","R","E","?","T","$","E"],"character_chosen":"IRONCLAD","items_purchased":["Madness+1"],"campfire_rested":0,"item_purchase_floors":[5],"current_hp_per_floor":[56,53,51,50,50,50,7,7,17,17,0],"gold":70,"neow_bonus":"ONE_RARE_RELIC","is_prod":false,"is_daily":false,"chose_seed":false,"campfire_upgraded":1,"win_rate":0,"timestamp":1558322229,"path_taken":["M","?","M","M","$","R","E","?","T","$","E"],"build_version":"2019-01-23","purchased_purges":0,"victory":false,"max_hp_per_floor":[80,80,80,80,80,80,80,80,90,90,90],"card_choices":[{"not_picked":["Anger","Sword Boomerang"],"picked":"Flame Barrier","floor":1},{"not_picked":["Clash","Carnage"],"picked":"Rampage","floor":3},{"not_picked":["Battle Trance+1","Cleave"],"picked":"Shrug It Off+1","floor":4},{"not_picked":["Anger","Fiend Fire"],"picked":"True Grit+1","floor":7}],"player_experience":1009637,"relics_obtained":[{"floor":7,"key":"Lantern"},{"floor":9,"key":"Pear"}],"event_choices":[{"damage_healed":0,"gold_gain":0,"player_choice":"Success","damage_taken":3,"relics_obtained":["Toxic Egg 2"],"max_hp_gain":0,"max_hp_loss":0,"event_name":"Scrap Ooze","floor":2,"gold_loss":0},{"damage_healed":0,"gold_gain":0,"player_choice":"Upgraded","damage_taken":0,"max_hp_gain":0,"max_hp_loss":0,"event_name":"Upgrade Shrine","floor":8,"gold_loss":0,"cards_upgraded":["Bash"]}],"is_beta":false,"boss_relics":[],"items_purged_floors":[],"is_endless":false,"potions_floor_spawned":[1],"killed_by":"Gremlin Nob","ascension_level":5}