{"gold_per_floor":[116,116,132,57,70,70,105,105,105,1,20,20,20],"floor_reached":13,"playtime":248,"items_purged":["Strike_R"],"score":166,"play_id":"a2a0d9c6-d03f-4261-bd02-350ec81f1d57","local_time":"20190603225637","is_ascension_mode":true,"campfire_choices":[{"data":"Armaments","floor":6,"key":"SMITH"},{"data":"Searing Blow","floor":8,"key":"SMITH"}],"neow_cost":"NONE","seed_source_timestamp":113737665706935,"circlet_count":0,"master_deck":["AscendersBane","Strike_R","Defend_R","Defend_R","Defend_R","Defend_R","Bash","Armaments+1","Rupture","Searing Blow+1","Power Through","True Grit"],"relics":["Burning Blood","NeowsBlessing","Thread and Needle","Paper Frog"],"potions_floor_usage":[7],"damage_taken":[{"damage":0,"enemies":"Cultist","floor":1,"turns":1},{"damage":0,"enemies":"Jaw Worm","floor":3,"turns":1},{"damage":0,"enemies":"2 Louse","floor":5,"turns":1},{"damage":61,"enemies":"3 Sentries","floor":7,"turns":14},{"damage":13,"enemies":"Exordium Wildlife","floor":11,"turns":6},{"damage":0,"enemies":"3 Sentries","floor":13,"turns":1}],"seed_played":"-663081582492344426","potions_obtained":[{"floor":3,"key":"FearPotion"},{"floor":7,"key":"SneckoOil"}],"is_trial":false,"path_per_floor":["M","?","M","?","M","R","E","R","T","$","M","?","?"],"character_chosen":"IRONCLAD","items_purchased":["True Grit"],"campfire_rested":0,"item_purchase_floors":[10],"current_hp_per_floor":[74,74,75,75,75,75,20,20,20,20,13,6,6],"gold":20,"neow_bonus":"THREE_ENEMY_KILL","is_prod":false,"is_daily":false,"chose_seed":false,"campfire_upgraded":2,"win_rate":0,"timestamp":1559573797,"path_taken":["M","?","M","?","M","R","E","R","T","$","M","?","?"],"build_version":"2019-01-23","purchased_purges":1,"victory":false,"max_hp_per_floor":[75,75,75,75,75,75,75,75,75,75,75,75,75],"card_choices":[{"not_picked":["Body Slam","Reckless Charge"],"picked":"Armaments","floor":1},{"not_picked":["Wild Strike","Clothesline","Combust"],"picked":"SKIP","floor":3},{"not_picked":["True Grit","Metallicize"],"picked":"Searing Blow","floor":5},{"not_picked":["Impervious","Shrug It Off"],"picked":"Power Through","floor":7},{"not_picked":["Wild Strike","Carnage","True Grit"],"picked":"SKIP","floor":11}],"player_experience":1852294,"relics_obtained":[{"floor":7,"key":"Thread and Needle"},{"floor":9,"key":"Paper Frog"}],"event_choices":[{"damage_healed":0,"gold_gain":0,"cards_transformed":["Strike_R"],"player_choice":"Change","damage_taken":0,"max_hp_gain":0,"max_hp_loss":0,"event_name":"Living Wall","floor":2,"gold_loss":0,"cards_obtained":["Rupture"]},{"cards_removed":["Strike_R"],"damage_healed":0,"gold_gain":0,"player_choice":"Card Removal","damage_taken":0,"max_hp_gain":0,"max_hp_loss":0,"event_name":"The Cleric","floor":4,"gold_loss":75},{"cards_removed":["Strike_R"],"damage_healed":0,"gold_gain":0,"player_choice":"Card Removal","damage_taken":7,"max_hp_gain":0,"max_hp_loss":0,"event_name":"Golden Wing","floor":12,"gold_loss":0},{"damage_healed":0,"gold_gain":0,"player_choice":"Searched \u00271\u0027 times","damage_taken":0,"max_hp_gain":0,"max_hp_loss":0,"event_name":"Dead Adventurer","floor":13,"gold_loss":0}],"is_beta":false,"boss_relics":[],"items_purged_floors":[10],"is_endless":false,"potions_floor_spawned":[3,7],"killed_by":"3 Sentries","ascension_level":20}