{"gold_per_floor":[17,17,17,29,44,44,56,90,90,90,100,114,114,130,130,226,226,236,123,134,149,149,149,164,164,164,164,176,203,223,256,256,359,359,378,124,137,157,157,157,190,190,190,206,206,222,222,241,241,241],"floor_reached":51,"playtime":3270,"items_purged":["Strike_R","Strike_R"],"score":1008,"play_id":"0b27f96d-25f0-4954-bdd1-2ae239052816","local_time":"20190804124051","is_ascension_mode":true,"campfire_choices":[{"data":"True Grit","floor":6.0,"key":"SMITH"},{"data":"Rupture","floor":10.0,"key":"SMITH"},{"data":"Shockwave","floor":13.0,"key":"SMITH"},{"data":"Inflame","floor":15.0,"key":"SMITH"},{"data":"Brutality","floor":23.0,"key":"SMITH"},{"data":"Heavy Blade","floor":25.0,"key":"SMITH"},{"data":"Shrug It Off","floor":27.0,"key":"SMITH"},{"data":"Rupture","floor":32.0,"key":"SMITH"},{"data":"Bash","floor":40.0,"key":"SMITH"},{"data":"Shrug It Off","floor":42.0,"key":"SMITH"},{"data":"Double Tap","floor":45.0,"key":"SMITH"},{"floor":47,"key":"REST"},{"data":"Power Through","floor":49,"key":"SMITH"}],"neow_cost":"NO_GOLD","seed_source_timestamp":295409253671520,"circlet_count":0,"master_deck":["Strike_R","Defend_R+1","Defend_R","Defend_R","Bash+1","Double Tap+1","True Grit+1","Headbutt","Reaper","Shrug It Off+1","Shockwave+1","Rupture+1","Power Through+1","Inflame+1","Brutality+1","Shrug It Off+1","Combust","Spot Weakness+1","Heavy Blade+1","Flame Barrier+1","Disarm+1","Rupture+1","True Grit+1","Rupture+1"],"special_seed":0,"relics":["Burning Blood","Self Forming Clay","Pocketwatch","WingedGreaves","Lizard Tail","Toxic Egg 2","Red Mask","War Paint","Runic Cube","Membership Card","Bag of Marbles","Ice Cream"],"potions_floor_usage":[],"damage_taken":[{"damage":0.0,"enemies":"2 Louse","floor":1.0,"turns":3.0},{"damage":2.0,"enemies":"Jaw Worm","floor":4.0,"turns":3.0},{"damage":13.0,"enemies":"Cultist","floor":5.0,"turns":4.0},{"damage":27.0,"enemies":"Lots of Slimes","floor":7.0,"turns":6.0},{"damage":26.0,"enemies":"3 Sentries","floor":8.0,"turns":12.0},{"damage":21.0,"enemies":"Exordium Thugs","floor":11.0,"turns":6.0},{"damage":11.0,"enemies":"Looter","floor":12.0,"turns":2.0},{"damage":1.0,"enemies":"Blue Slaver","floor":14.0,"turns":5.0},{"damage":37.0,"enemies":"Slime Boss","floor":16.0,"turns":9.0},{"damage":7.0,"enemies":"3 Byrds","floor":18.0,"turns":7.0},{"damage":14.0,"enemies":"Spheric Guardian","floor":20.0,"turns":6.0},{"damage":21.0,"enemies":"Snake Plant","floor":21.0,"turns":6.0},{"damage":13.0,"enemies":"Centurion and Healer","floor":24.0,"turns":6.0},{"damage":29.0,"enemies":"Cultist and Chosen","floor":28.0,"turns":6.0},{"damage":41.0,"enemies":"Masked Bandits","floor":29.0,"turns":4.0},{"damage":27.0,"enemies":"Snake Plant","floor":30.0,"turns":5.0},{"damage":15.0,"enemies":"Book of Stabbing","floor":31.0,"turns":7.0},{"damage":36.0,"enemies":"Collector","floor":33.0,"turns":6.0},{"damage":4.0,"enemies":"3 Shapes","floor":35.0,"turns":5.0},{"damage":34.0,"enemies":"3 Darklings","floor":37.0,"turns":8.0},{"damage":26.0,"enemies":"Maw","floor":38.0,"turns":7.0},{"damage":56.0,"enemies":"Reptomancer","floor":41.0,"turns":6.0},{"damage":33.0,"enemies":"4 Shapes","floor":44.0,"turns":7.0},{"damage":26,"enemies":"Sphere and 2 Shapes","floor":46,"turns":10},{"damage":5,"enemies":"Maw","floor":48,"turns":5},{"damage":33,"enemies":"Time Eater","floor":50,"turns":10}],"seed_played":"-2034045798853383596","potions_obtained":[{"floor":5.0,"key":"LiquidBronze"},{"floor":7.0,"key":"EssenceOfSteel"},{"floor":12.0,"key":"Explosive Potion"},{"floor":16.0,"key":"Explosive Potion"},{"floor":18.0,"key":"Block Potion"},{"floor":30.0,"key":"Explosive Potion"},{"floor":31.0,"key":"SpeedPotion"},{"floor":37.0,"key":"SkillPotion"},{"floor":41.0,"key":"SkillPotion"},{"floor":48,"key":"Swift Potion"}],"is_trial":false,"path_per_floor":["M","?","?","M","M","R","M","E","T","R","M","M","R","M","R","B",null,"M","$","M","M","?","R","M","R","T","R","M","?","M","E","R","B",null,"M","$","M","M","?","R","E","R","T","M","R","M","R","M","R","B",null],"character_chosen":"IRONCLAD","items_purchased":["Combust","Membership Card","True Grit+1"],"campfire_rested":1,"item_purchase_floors":[19,36,36],"current_hp_per_floor":[78,78,75,79,79,79,70,60,60,60,66,61,61,66,66,75,79,80,80,80,78,78,78,80,80,80,80,80,80,73,80,80,76,79,80,80,80,80,80,80,30,30,30,35,35,44,68,69,69,42],"gold":241,"neow_bonus":"TRANSFORM_TWO_CARDS","is_prod":false,"is_daily":false,"chose_seed":false,"campfire_upgraded":12,"win_rate":0,"timestamp":1564890051,"path_taken":["M","?","?","M","M","R","M","E","T","R","M","M","R","M","R","BOSS","M","$","M","M","?","R","M","R","T","R","M","?","M","E","R","BOSS","M","$","M","M","?","R","E","R","T","?","R","M","R","?","R","BOSS"],"build_version":"2019-07-17","purchased_purges":2,"victory":true,"max_hp_per_floor":[80,80,80,80,80,80,80,80,80,80,80,80,80,80,80,80,80,80,80,80,80,80,80,80,80,80,80,80,80,80,80,80,80,80,80,80,80,80,80,80,80,80,80,80,80,80,80,80,80,80],"card_choices":[{"not_picked":["Pummel","Wild Strike"],"picked":"Headbutt","floor":1.0},{"not_picked":["Perfected Strike","True Grit","Rage"],"picked":"SKIP","floor":4.0},{"not_picked":["Sword Boomerang","Heavy Blade"],"picked":"Shrug It Off","floor":5.0},{"not_picked":["Havoc","Iron Wave"],"picked":"Shockwave","floor":7.0},{"not_picked":["Limit Break","Bludgeon"],"picked":"Rupture","floor":8.0},{"not_picked":["Twin Strike","Sever Soul","Perfected Strike"],"picked":"SKIP","floor":11.0},{"not_picked":["Flex","Warcry"],"picked":"Power Through","floor":12.0},{"not_picked":["Twin Strike","Havoc"],"picked":"Inflame","floor":14.0},{"not_picked":["Immolate","Offering"],"picked":"Brutality","floor":16.0},{"not_picked":["Anger","Wild Strike"],"picked":"Shrug It Off","floor":18.0},{"not_picked":["Armaments","Cleave","Shrug It Off"],"picked":"SKIP","floor":20.0},{"not_picked":["Reaper","Uppercut"],"picked":"Spot Weakness","floor":21.0},{"not_picked":["Reckless Charge","Infernal Blade+1","Perfected Strike"],"picked":"SKIP","floor":24.0},{"not_picked":["Armaments+1","Iron Wave","Havoc+1"],"picked":"SKIP","floor":28.0},{"not_picked":["Sever Soul","Cleave"],"picked":"Flame Barrier+1","floor":29.0},{"not_picked":["Power Through+1","Thunderclap"],"picked":"Disarm+1","floor":30.0},{"not_picked":["Clothesline","Body Slam+1"],"picked":"Rupture","floor":31.0},{"not_picked":["Second Wind+1","Clash+1","Heavy Blade+1"],"picked":"SKIP","floor":35.0},{"not_picked":["Flex+1","Hemokinesis","Iron Wave+1"],"picked":"SKIP","floor":37.0},{"not_picked":["Uppercut","Fire Breathing","Clash+1"],"picked":"SKIP","floor":38.0},{"not_picked":["Pommel Strike","Clash+1","Anger+1"],"picked":"SKIP","floor":41.0},{"not_picked":["Pommel Strike","Rupture","Heavy Blade+1"],"picked":"SKIP","floor":44.0},{"not_picked":["Searing Blow","Uppercut+1","True Grit+1"],"picked":"SKIP","floor":46},{"not_picked":["Armaments+1","Havoc+1","Combust+1"],"picked":"SKIP","floor":48}],"player_experience":251762,"relics_obtained":[{"floor":8.0,"key":"Pocketwatch"},{"floor":9.0,"key":"WingedGreaves"},{"floor":26.0,"key":"Toxic Egg 2"},{"floor":29.0,"key":"Red Mask"},{"floor":31.0,"key":"War Paint"},{"floor":41.0,"key":"Bag of Marbles"},{"floor":43.0,"key":"Ice Cream"}],"event_choices":[{"damage_healed":0.0,"max_hp_gain":0.0,"max_hp_loss":0.0,"gold_gain":0.0,"cards_transformed":["Strike_R"],"event_name":"Living Wall","player_choice":"Change","floor":2.0,"gold_loss":0.0,"damage_taken":0.0,"cards_obtained":["Reaper"]},{"damage_healed":0.0,"max_hp_gain":0.0,"max_hp_loss":0.0,"gold_gain":0.0,"event_name":"Scrap Ooze","player_choice":"Success","floor":3.0,"gold_loss":0.0,"damage_taken":3.0,"relics_obtained":["Self Forming Clay"]},{"damage_healed":0.0,"max_hp_gain":0.0,"max_hp_loss":0.0,"gold_gain":0.0,"event_name":"The Library","player_choice":"Read","floor":22.0,"gold_loss":0.0,"damage_taken":0.0,"cards_obtained":["Heavy Blade"]},{"damage_healed":0.0,"max_hp_gain":0.0,"max_hp_loss":0.0,"gold_gain":0.0,"event_name":"Masked Bandits","player_choice":"Fought Bandits","floor":29.0,"gold_loss":0.0,"damage_taken":0.0},{"damage_healed":0.0,"max_hp_gain":0.0,"max_hp_loss":0.0,"gold_gain":0.0,"event_name":"Duplicator","player_choice":"Copied","floor":39.0,"gold_loss":0.0,"damage_taken":0.0,"cards_obtained":["Rupture"]}],"is_beta":false,"boss_relics":[{"not_picked":["Pandora\u0027s Box","Cursed Key"],"picked":"Lizard Tail"},{"not_picked":["Calling Bell","Empty Cage"],"picked":"Runic Cube"}],"items_purged_floors":[19,36],"is_endless":false,"potions_floor_spawned":[5,7,12,16,18,20,30,31,37,38,41,48],"ascension_level":9}