{"gold_per_floor":[118,133,133,58,82,82,105,126,126,126,144,163,163,187,187,187],"floor_reached":16,"playtime":540,"items_purged":["Injury"],"score":115,"play_id":"178342a3-22cc-41a5-8e75-d7fb4e20e2ff","local_time":"20190517105016","is_ascension_mode":true,"campfire_choices":[{"data":"Sweeping Beam","floor":6,"key":"SMITH"},{"data":"Capacitor","floor":13,"key":"SMITH"},{"floor":15,"key":"REST"}],"neow_cost":"NONE","seed_source_timestamp":175353315480089,"circlet_count":0,"master_deck":["Strike_B","Strike_B","Strike_B","Strike_B","Defend_B","Defend_B","Defend_B","Defend_B","Zap","Dualcast","Sweeping Beam+1","Melter","Self Repair","Ball Lightning","Steam","Capacitor+1","Creative AI"],"relics":["Cracked Core","Golden Idol","Question Card","Kunai"],"potions_floor_usage":[16,16],"damage_taken":[{"damage":0,"enemies":"2 Louse","floor":1,"turns":2},{"damage":4,"enemies":"Jaw Worm","floor":2,"turns":4},{"damage":0,"enemies":"Small Slimes","floor":5,"turns":2},{"damage":12,"enemies":"Looter","floor":7,"turns":3},{"damage":13,"enemies":"Large Slime","floor":8,"turns":6},{"damage":8,"enemies":"Exordium Thugs","floor":11,"turns":4},{"damage":9,"enemies":"3 Louse","floor":12,"turns":3},{"damage":3,"enemies":"Exordium Wildlife","floor":14,"turns":4},{"damage":62,"enemies":"Slime Boss","floor":16,"turns":7}],"seed_played":"792527212509392388","potions_obtained":[{"floor":7,"key":"SteroidPotion"},{"floor":8,"key":"Strength Potion"},{"floor":12,"key":"FocusPotion"},{"floor":14,"key":"Energy Potion"}],"is_trial":false,"path_per_floor":["M","M","?","$","M","R","M","M","T","?","M","M","R","M","R","B"],"character_chosen":"DEFECT","items_purchased":[],"campfire_rested":1,"item_purchase_floors":[],"current_hp_per_floor":[75,71,71,71,71,71,66,60,60,57,49,40,40,37,59,0],"gold":187,"neow_bonus":"THREE_CARDS","is_prod":false,"is_daily":false,"chose_seed":false,"campfire_upgraded":2,"win_rate":0,"timestamp":1558104616,"path_taken":["M","M","?","$","M","R","M","M","T","?","M","M","R","M","R","BOSS"],"build_version":"2019-01-23","purchased_purges":1,"victory":false,"max_hp_per_floor":[75,75,75,75,75,75,75,75,75,75,75,75,75,75,75,75],"card_choices":[{"not_picked":["Rip and Tear","Stack"],"picked":"Sweeping Beam","floor":0},{"not_picked":["Streamline","Turbo","Go for the Eyes"],"picked":"SKIP","floor":1},{"not_picked":["Turbo","Redo"],"picked":"Melter","floor":2},{"not_picked":["Reprogram","Barrage"],"picked":"Self Repair","floor":5},{"not_picked":["Chill","Streamline","Gash"],"picked":"SKIP","floor":7},{"not_picked":["Skim","Creative AI"],"picked":"Ball Lightning","floor":8},{"not_picked":["Cold Snap","Barrage","Beam Cell"],"picked":"Steam","floor":11},{"not_picked":["Sweeping Beam","Coolheaded","Tempest"],"picked":"Capacitor","floor":12},{"not_picked":["Force Field","Sweeping Beam","Fusion"],"picked":"Creative AI","floor":14}],"player_experience":1004313,"relics_obtained":[{"floor":9,"key":"Question Card"}],"event_choices":[{"damage_healed":0,"gold_gain":0,"player_choice":"Take Wound","damage_taken":0,"relics_obtained":["Golden Idol"],"max_hp_gain":0,"max_hp_loss":0,"event_name":"Golden Idol","floor":3,"gold_loss":0,"cards_obtained":["Injury"]},{"damage_healed":0,"gold_gain":0,"player_choice":"Success","damage_taken":3,"relics_obtained":["Kunai"],"max_hp_gain":0,"max_hp_loss":0,"event_name":"Scrap Ooze","floor":10,"gold_loss":0}],"is_beta":false,"boss_relics":[],"items_purged_floors":[4],"is_endless":false,"potions_floor_spawned":[7,8,12,14],"killed_by":"Slime Boss","ascension_level":4}