{"gold_per_floor":[114,129,129,144,159,189,189,17,92,92,92,107,122,137,137],"floor_reached":15,"playtime":704,"items_purged":[],"score":99,"play_id":"93fc9d75-2aad-428f-a4ab-843bc754f2c4","local_time":"20180808171724","daily_mods":["Allstar","Uncertain Future","Night Terrors"],"is_ascension_mode":false,"campfire_choices":[{"floor":7,"key":"REST"},{"data":"Sunder","floor":10,"key":"SMITH"}],"neow_cost":"","seed_source_timestamp":0,"circlet_count":0,"master_deck":["Strike_B","Strike_B","Strike_B","Defend_B","Defend_B","Defend_B","Defend_B","Zap","Dualcast","Secret Weapon","Deep Breath","Jack Of All Trades","Purity","Leap","Chaos","Stack","Hologram","Sunder+1","Stack","Hologram","Force Field","Leap","Double Energy"],"special_seed":17751,"relics":["Cracked Core","Sundial","Lantern","Bottled Flame"],"potions_floor_usage":[5],"damage_taken":[{"damage":0,"enemies":"Small Slimes","floor":1,"turns":3},{"damage":11,"enemies":"Jaw Worm","floor":2,"turns":2},{"damage":0,"enemies":"Cultist","floor":4,"turns":4},{"damage":15,"enemies":"Gremlin Gang","floor":5,"turns":7},{"damage":39,"enemies":"Gremlin Nob","floor":6,"turns":6},{"damage":0,"enemies":"3 Louse","floor":12,"turns":3},{"damage":6,"enemies":"Lots of Slimes","floor":13,"turns":3},{"damage":1,"enemies":"Red Slaver","floor":14,"turns":5}],"seed_played":"-1865023326789257994","potions_obtained":[{"floor":2,"key":"LiquidBronze"},{"floor":4,"key":"EssenceOfSteel"},{"floor":13,"key":"SpeedPotion"}],"is_trial":false,"path_per_floor":["M","M","?","M","M","E","R","$","T","R","?","M","M","M"],"character_chosen":"DEFECT","items_purchased":["Lantern","Hologram"],"campfire_rested":1,"item_purchase_floors":[8,8],"current_hp_per_floor":[75,64,64,64,49,10,70,70,70,70,80,80,74,73,73],"gold":137,"neow_bonus":"","is_prod":false,"is_daily":true,"chose_seed":false,"campfire_upgraded":1,"win_rate":0.0,"timestamp":1533716244,"path_taken":["M","M","?","?","M","E","R","$","T","R","?","M","M","M","R"],"build_version":"2018-08-02","purchased_purges":0,"victory":false,"max_hp_per_floor":[75,75,75,75,75,75,70,70,70,70,80,80,80,80,80],"card_choices":[{"not_picked":["Sweeping Beam","Hello World"],"picked":"Leap","floor":1},{"not_picked":["Steam","Compile Driver"],"picked":"Chaos","floor":2},{"not_picked":["Beam Cell","Cold Snap"],"picked":"Hologram","floor":4},{"not_picked":["Defragment","FTL"],"picked":"Sunder","floor":5},{"not_picked":["Barrage","Heatsinks"],"picked":"Stack","floor":6},{"not_picked":["Coolheaded","Cold Snap"],"picked":"Force Field","floor":12},{"not_picked":["Hologram","Steam"],"picked":"Leap","floor":13},{"not_picked":["Sunder","Beam Cell"],"picked":"Double Energy","floor":14}],"player_experience":162427,"relics_obtained":[{"floor":6,"key":"Sundial"},{"floor":9,"key":"Bottled Flame"}],"event_choices":[{"event_name":"Living Wall","player_choice":"Change","floor":3,"damage_taken":0},{"event_name":"Bonfire Elementals","player_choice":"RARE","floor":11,"damage_taken":0}],"is_beta":false,"boss_relics":[],"items_purged_floors":[],"is_endless":false,"potions_floor_spawned":[2,4,13],"ascension_level":0}