{"gold_per_floor":[109,34,48,63,76,76,107,194,206,235,280,304,316,359,371,488,500,525,548,560,572,241,241,260,260,284,199,298,173,173,199,199,298,298,315,315,370,390,490,490,490,507,533,533,562,11,28,28,28,28,28,28,28,54,54],"floor_reached":56,"playtime":9455,"items_purged":["Strike_G","Defend_G","Strike_G","Doubt"],"score":1386,"play_id":"481ba0c9-bda5-4702-8cfa-121870372be1","local_time":"20190806204354","is_ascension_mode":false,"campfire_choices":[{"data":"Footwork","floor":6.0,"key":"SMITH"},{"data":"Footwork","floor":15.0,"key":"SMITH"},{"data":"Footwork","floor":23.0,"key":"SMITH"},{"data":"Blur","floor":25.0,"key":"SMITH"},{"data":"Neutralize","floor":30.0,"key":"SMITH"},{"floor":32.0,"key":"RECALL"},{"floor":40.0,"key":"REST"},{"floor":44.0,"key":"REST"},{"floor":49,"key":"REST"},{"data":"Deadly Poison","floor":52,"key":"SMITH"}],"neow_cost":"NONE","seed_source_timestamp":0,"circlet_count":0,"master_deck":["Defend_G","Defend_G","Defend_G","Survivor","Neutralize+1","Bouncing Flask+1","Dash","Footwork+1","Deadly Poison+1","Footwork+1","Underhanded Strike","Escape Plan+1","Blur+1","Deflect","Footwork+1","Adrenaline","Mind Blast+1","Dodge and Roll","After Image","Prepared+1","Dodge and Roll+1","Prepared+1","Footwork+1","Caltrops","Dodge and Roll+1","Prepared+1","Masterful Stab+1","Catalyst+1","Escape Plan","Predator+1"],"special_seed":0,"relics":["Ring of the Snake","MawBank","Kunai","The Specimen","Molten Egg 2","Empty Cage","WingedGreaves","War Paint","Dream Catcher","Smiling Mask","Cursed Key","Tough Bandages","Unceasing Top","Ancient Tea Set","Pocketwatch","TheAbacus","Mercury Hourglass","Mummified Hand"],"potions_floor_usage":[55],"damage_taken":[{"damage":0.0,"enemies":"Cultist","floor":1.0,"turns":3.0},{"damage":0.0,"enemies":"Small Slimes","floor":3.0,"turns":6.0},{"damage":0.0,"enemies":"Jaw Worm","floor":4.0,"turns":5.0},{"damage":3.0,"enemies":"3 Louse","floor":5.0,"turns":5.0},{"damage":4.0,"enemies":"3 Sentries","floor":7.0,"turns":12.0},{"damage":12.0,"enemies":"2 Fungi Beasts","floor":10.0,"turns":5.0},{"damage":11.0,"enemies":"Gremlin Nob","floor":11.0,"turns":6.0},{"damage":0.0,"enemies":"Looter","floor":12.0,"turns":4.0},{"damage":0.0,"enemies":"3 Sentries","floor":14.0,"turns":10.0},{"damage":0.0,"enemies":"The Guardian","floor":16.0,"turns":12.0},{"damage":0.0,"enemies":"Shell Parasite","floor":18.0,"turns":8.0},{"damage":0.0,"enemies":"3 Byrds","floor":19.0,"turns":10.0},{"damage":0.0,"enemies":"Snake Plant","floor":24.0,"turns":8.0},{"damage":9.0,"enemies":"Gremlin Leader","floor":31.0,"turns":13.0},{"damage":21.0,"enemies":"Automaton","floor":33.0,"turns":19.0},{"damage":0.0,"enemies":"3 Darklings","floor":35.0,"turns":8.0},{"damage":65.0,"enemies":"2 Orb Walkers","floor":37.0,"turns":8.0},{"damage":0.0,"enemies":"3 Shapes","floor":38.0,"turns":8.0},{"damage":2.0,"enemies":"Mind Bloom Boss Battle","floor":39.0,"turns":9.0},{"damage":0.0,"enemies":"Sphere and 2 Shapes","floor":42.0,"turns":6.0},{"damage":0.0,"enemies":"Reptomancer","floor":45.0,"turns":12.0},{"damage":0,"enemies":"Transient","floor":47,"turns":5},{"damage":0,"enemies":"Donu and Deca","floor":50,"turns":16},{"damage":0,"enemies":"Shield and Spear","floor":54,"turns":7},{"damage":44,"enemies":"The Heart","floor":55,"turns":12}],"seed_played":"-273168041515108111","potions_obtained":[{"floor":3.0,"key":"FearPotion"},{"floor":7.0,"key":"SteroidPotion"},{"floor":10.0,"key":"GhostInAJar"},{"floor":11.0,"key":"Swift Potion"},{"floor":31.0,"key":"Fire Potion"},{"floor":33.0,"key":"GamblersBrew"},{"floor":39.0,"key":"Fire Potion"},{"floor":42.0,"key":"Fire Potion"},{"floor":47,"key":"SkillPotion"}],"is_trial":false,"path_per_floor":["M","$","M","M","M","R","E","?","T","M","E","M","?","E","R","B",null,"M","M","?","T","$","R","M","R","T","?","?","$","R","E","R","B",null,"M","?","?","M","?","R","?","M","T","R","E","$","M","?","R","B",null,"R","$","E","B",null],"character_chosen":"THE_SILENT","items_purchased":["War Paint","Mind Blast+1","TheAbacus","Mercury Hourglass","Masterful Stab+1"],"campfire_rested":3,"item_purchase_floors":[22,22,46,46,46],"current_hp_per_floor":[77,77,77,77,74,74,70,59,59,47,36,36,36,36,36,36,77,77,77,77,77,77,77,77,77,77,77,77,77,77,68,68,47,77,77,77,12,12,10,33,33,33,33,56,56,56,56,56,73,73,73,73,73,73,29],"gold":54,"neow_bonus":"TEN_PERCENT_HP_BONUS","is_prod":false,"is_daily":false,"chose_seed":false,"campfire_upgraded":6,"win_rate":0,"timestamp":1565117034,"path_taken":["M","$","M","M","M","R","E","?","T","M","E","M","?","E","R","BOSS","M","?","?","?","$","R","M","R","T","?","?","?","R","E","R","BOSS","M","?","?","M","?","R","?","M","T","R","E","?","?","?","R","BOSS","R","$","E","BOSS"],"build_version":"2019-07-17","purchased_purges":4,"victory":true,"max_hp_per_floor":[77,77,77,77,77,77,77,77,77,77,77,77,77,77,77,77,77,77,77,77,77,77,77,77,77,77,77,77,77,77,77,77,77,77,77,77,77,77,77,77,77,77,77,77,77,77,77,73,73,73,73,73,73,73,73],"card_choices":[{"not_picked":["Flying Knee","PiercingWail"],"picked":"Bouncing Flask","floor":1.0},{"not_picked":["Quick Slash","Flying Knee"],"picked":"Dash","floor":3.0},{"not_picked":["Heel Hook","Escape Plan"],"picked":"Footwork","floor":4.0},{"not_picked":["Flying Knee","Finisher"],"picked":"Deadly Poison","floor":5.0},{"not_picked":["Acrobatics","Endless Agony"],"picked":"Footwork","floor":7.0},{"not_picked":["Dagger Throw","Expertise"],"picked":"Underhanded Strike","floor":10.0},{"not_picked":["Predator","Glass Knife"],"picked":"Escape Plan","floor":11.0},{"not_picked":["Dagger Spray","Deadly Poison"],"picked":"Blur","floor":12.0},{"not_picked":["Outmaneuver","Flying Knee"],"picked":"Footwork","floor":14.0},{"not_picked":["Unload+1","Venomology"],"picked":"Adrenaline","floor":16.0},{"not_picked":["PiercingWail+1","Dagger Throw+1","Quick Slash+1"],"picked":"SKIP","floor":18.0},{"not_picked":["Bane+1","Eviscerate+1","Cloak And Dagger"],"picked":"SKIP","floor":19.0},{"not_picked":["Dagger Throw+1","Cloak And Dagger","Die Die Die+1"],"picked":"SKIP","floor":24.0},{"not_picked":["Slice+1","Terror"],"picked":"Dodge and Roll","floor":31.0},{"not_picked":["A Thousand Cuts","Night Terror"],"picked":"After Image","floor":33.0},{"not_picked":["Cloak And Dagger","Underhanded Strike+1"],"picked":"Prepared+1","floor":35.0},{"not_picked":["Bane+1","Sucker Punch+1"],"picked":"Dodge and Roll+1","floor":38.0},{"not_picked":["Flechettes+1","Cloak And Dagger"],"picked":"Prepared+1","floor":39.0},{"not_picked":["Choke+1","Calculated Gamble"],"picked":"Footwork+1","floor":40.0},{"not_picked":["Quick Slash+1","Underhanded Strike+1"],"picked":"Caltrops","floor":42.0},{"not_picked":["Outmaneuver+1","Doppelganger"],"picked":"Dodge and Roll+1","floor":44.0},{"not_picked":["Heel Hook+1","Die Die Die+1"],"picked":"Prepared+1","floor":45.0},{"not_picked":["Prepared+1","Infinite Blades"],"picked":"Catalyst+1","floor":47},{"not_picked":["Dodge and Roll+1","Underhanded Strike+1"],"picked":"Escape Plan","floor":49},{"not_picked":["Bane+1","Heel Hook+1"],"picked":"Predator+1","floor":54}],"player_experience":162675,"relics_obtained":[{"floor":7.0,"key":"MawBank"},{"floor":9.0,"key":"Kunai"},{"floor":11.0,"key":"The Specimen"},{"floor":14.0,"key":"Molten Egg 2"},{"floor":21.0,"key":"WingedGreaves"},{"floor":31.0,"key":"Smiling Mask"},{"floor":37.0,"key":"Tough Bandages"},{"floor":39.0,"key":"Unceasing Top"},{"floor":43.0,"key":"Ancient Tea Set"},{"floor":45.0,"key":"Pocketwatch"},{"floor":54,"key":"Mummified Hand"}],"event_choices":[{"damage_healed":0.0,"max_hp_gain":0.0,"max_hp_loss":0.0,"gold_gain":75.0,"event_name":"World of Goop","player_choice":"Gather Gold","floor":8.0,"gold_loss":0.0,"damage_taken":11.0},{"damage_healed":0.0,"max_hp_gain":0.0,"max_hp_loss":0.0,"gold_gain":0.0,"cards_transformed":["Strike_G"],"event_name":"Transmorgrifier","player_choice":"Transformed","floor":13.0,"gold_loss":0.0,"damage_taken":0.0,"cards_obtained":["Deflect"]},{"damage_healed":0.0,"max_hp_gain":0.0,"max_hp_loss":0.0,"gold_gain":0.0,"event_name":"The Mausoleum","player_choice":"Ignored","floor":20.0,"gold_loss":0.0,"damage_taken":0.0},{"damage_healed":0.0,"max_hp_gain":0.0,"max_hp_loss":0.0,"gold_gain":0.0,"event_name":"Addict","player_choice":"Obtained Relic","floor":27.0,"gold_loss":85.0,"damage_taken":0.0,"relics_obtained":["Dream Catcher"]},{"damage_healed":0.0,"max_hp_gain":0.0,"max_hp_loss":0.0,"gold_gain":99.0,"event_name":"Nest","player_choice":"Stole From Cult","floor":28.0,"gold_loss":0.0,"damage_taken":0.0},{"damage_healed":0.0,"max_hp_gain":0.0,"max_hp_loss":0.0,"gold_gain":0.0,"event_name":"Tomb of Lord Red Mask","player_choice":"Ignored","floor":36.0,"gold_loss":0.0,"damage_taken":0.0},{"damage_healed":0.0,"max_hp_gain":0.0,"max_hp_loss":0.0,"gold_gain":0.0,"event_name":"Mysterious Sphere","player_choice":"Fight","floor":37.0,"gold_loss":0.0,"damage_taken":0.0},{"damage_healed":0.0,"max_hp_gain":0.0,"max_hp_loss":0.0,"gold_gain":0.0,"event_name":"MindBloom","player_choice":"Fight","floor":39.0,"gold_loss":0.0,"damage_taken":0.0},{"cards_removed":["Defend_G"],"damage_healed":0.0,"max_hp_gain":0.0,"max_hp_loss":0.0,"gold_gain":0.0,"event_name":"Falling","player_choice":"Removed Skill","floor":41.0,"gold_loss":0.0,"damage_taken":0.0},{"damage_healed":0,"gold_gain":0,"player_choice":"Max HP","damage_taken":0,"max_hp_gain":0,"max_hp_loss":4,"event_name":"Winding Halls","floor":48,"gold_loss":0}],"is_beta":false,"boss_relics":[{"not_picked":["Runic Pyramid","Orrery"],"picked":"Empty Cage"},{"not_picked":["Calling Bell","Astrolabe"],"picked":"Cursed Key"}],"items_purged_floors":[2,22,29,46],"is_endless":false,"potions_floor_spawned":[3,7,10,11,14,24,31,33,39,42,47],"ascension_level":0}