{"gold_per_floor":[114,90,90,109,74,112,112,150,150,169,188,207,226,245,245,370,370,389,408,408,427,477,477,477,88,163,182,201,220,258,277,277,402,402,421,421,440,459,459,459,478,478,503,503,522,560,40,40,40,40],"floor_reached":51,"playtime":3705,"items_purged":[],"score":933,"play_id":"17bae256-53f0-4de8-a0d3-20f3f4358304","local_time":"20180810161912","daily_mods":["Brewmaster","Cursed Run","Time Dilation"],"is_ascension_mode":false,"campfire_choices":[{"data":"Unload","floor":7,"key":"SMITH"},{"data":"Storm of Steel","floor":15,"key":"SMITH"},{"data":"PiercingWail","floor":24,"key":"SMITH"},{"data":"1","floor":32,"key":"LIFT"},{"floor":40,"key":"REST"},{"data":"2","floor":42,"key":"LIFT"},{"floor":49,"key":"REST"}],"neow_cost":"","seed_source_timestamp":0,"circlet_count":0,"master_deck":["Defend_G","Defend_G","Defend_G","Defend_G","Defend_G","Strike_G","Strike_G+1","Strike_G","Strike_G","Survivor","Neutralize","Venomology","Venomology","Venomology","Venomology","Dodge and Roll","Dodge and Roll","Unload+1","Dodge and Roll","Outmaneuver","Normality","Poisoned Stab","Storm of Steel+1","Concentrate","Leg Sweep","Catalyst","Injury","Burst","Infinite Blades+1","Dodge and Roll","Infinite Blades","PiercingWail+1","Writhe","Deadly Poison","Blade Dance","Bouncing Flask","Envenom","Pain","Bouncing Flask","Grand Finale+1","Infinite Blades+1","Flechettes+1","Dodge and Roll","Injury","Bullet Time","Blur+1","Trip","Transmutation","Secret Technique","Bane+1","Footwork+1","Phantasmal Killer","Dodge and Roll","Injury","Enlightenment","Adrenaline","After Image","A Thousand Cuts","Crippling Poison+1"],"special_seed":17753,"relics":["Cursed Key","Darkstone Periapt","Du-Vu Doll","White Beast Statue","Golden Idol","Anchor","Blood Vial","The Courier","Black Star","Bag of Preparation","Bag of Marbles","Mummified Hand","Girya","Gambling Chip","Lizard Tail","Omamori","Whetstone","Dream Catcher","Mango","Potion Belt","Sling"],"potions_floor_usage":[1,1,4,4,4,6,6,6,8,8,8,8,8,8,10,11,11,11,12,12,13,13,13,13,14,14,16,16,16,16,16,18,18,18,18,18,18,18,18,19,19,19,19,19,19,21,21,21,21,23,23,27,28,28,29,29,30,30,30,30,31,33,33,33,33,33,33,35,35,35,35,38,41,41,41,41,45,45,46,46,46,46,50,50,50,50,50,50],"damage_taken":[{"damage":0,"enemies":"Cultist","floor":1,"turns":4},{"damage":0,"enemies":"Small Slimes","floor":4,"turns":3},{"damage":13,"enemies":"Gremlin Nob","floor":6,"turns":4},{"damage":2,"enemies":"3 Sentries","floor":8,"turns":9},{"damage":0,"enemies":"Jaw Worm","floor":10,"turns":2},{"damage":1,"enemies":"Blue Slaver","floor":11,"turns":4},{"damage":0,"enemies":"Looter","floor":12,"turns":2},{"damage":7,"enemies":"Large Slime","floor":13,"turns":5},{"damage":0,"enemies":"Blue Slaver","floor":14,"turns":3},{"damage":11,"enemies":"The Guardian","floor":16,"turns":14},{"damage":10,"enemies":"Shell Parasite","floor":18,"turns":6},{"damage":10,"enemies":"Spheric Guardian","floor":19,"turns":6},{"damage":0,"enemies":"Chosen and Byrds","floor":21,"turns":5},{"damage":0,"enemies":"Slavers","floor":23,"turns":1},{"damage":3,"enemies":"Snake Plant","floor":27,"turns":4},{"damage":14,"enemies":"Snecko","floor":28,"turns":3},{"damage":3,"enemies":"Cultist and Chosen","floor":29,"turns":5},{"damage":2,"enemies":"Book of Stabbing","floor":30,"turns":4},{"damage":12,"enemies":"Centurion and Healer","floor":31,"turns":3},{"damage":73,"enemies":"Automaton","floor":33,"turns":8},{"damage":12,"enemies":"3 Shapes","floor":35,"turns":4},{"damage":0,"enemies":"Orb Walker","floor":37,"turns":1},{"damage":17,"enemies":"4 Shapes","floor":38,"turns":3},{"damage":3,"enemies":"Spire Growth","floor":41,"turns":4},{"damage":28,"enemies":"Sphere and 2 Shapes","floor":45,"turns":4},{"damage":57,"enemies":"Nemesis","floor":46,"turns":7},{"damage":98,"enemies":"Donu and Deca","floor":50,"turns":12}],"seed_played":"-7128863653250281528","potions_obtained":[{"floor":6,"key":"Weak Potion"},{"floor":8,"key":"Weak Potion"},{"floor":10,"key":"FairyPotion"},{"floor":11,"key":"SkillPotion"},{"floor":12,"key":"Fire Potion"},{"floor":14,"key":"Regen Potion"},{"floor":18,"key":"Regen Potion"},{"floor":19,"key":"Ancient Potion"},{"floor":21,"key":"Energy Potion"},{"floor":28,"key":"Poison Potion"},{"floor":29,"key":"Weak Potion"},{"floor":30,"key":"Ancient Potion"},{"floor":31,"key":"EntropicBrew"},{"floor":33,"key":"LiquidBronze"},{"floor":35,"key":"Fire Potion"},{"floor":41,"key":"GamblersBrew"},{"floor":45,"key":"Energy Potion"},{"floor":46,"key":"SkillPotion"}],"is_trial":false,"path_per_floor":["M","$","?","M","?","E","R","E","T","M","M","M","M","M","R","B",null,"M","M","?","M","T","E","R","$","T","M","M","M","E","M","R","B",null,"M","?","M","M","?","R","M","R","T","?","M","E","$","?","R","B"],"character_chosen":"THE_SILENT","items_purchased":["Dodge and Roll","Bag of Marbles","Deadly Poison","Blade Dance","Bouncing Flask","Envenom","Mango","Potion Belt","Sling"],"campfire_rested":2,"item_purchase_floors":[2,25,25,25,25,25,47,47,47],"current_hp_per_floor":[70,70,53,53,70,57,57,55,61,63,64,66,61,72,72,69,82,72,75,75,77,83,85,85,85,91,90,78,77,77,67,67,15,100,88,78,80,65,65,95,94,94,100,100,74,19,33,33,69,37],"gold":40,"neow_bonus":"","is_prod":false,"is_daily":true,"chose_seed":false,"campfire_upgraded":3,"win_rate":0.0,"timestamp":1533885552,"path_taken":["M","?","?","M","?","E","R","E","T","M","M","M","?","?","R","BOSS","M","M","?","M","?","E","R","?","T","M","M","M","E","M","R","BOSS","M","?","?","M","?","R","M","R","T","?","M","E","$","?","R","BOSS"],"build_version":"2018-08-09","purchased_purges":0,"victory":true,"max_hp_per_floor":[70,70,70,70,70,70,70,70,76,76,76,76,76,76,76,82,82,82,82,82,82,88,88,88,88,94,94,94,94,94,94,94,100,100,100,100,100,100,100,100,100,100,106,106,106,106,120,120,120,120],"card_choices":[{"not_picked":["Expertise","Outmaneuver"],"picked":"Dodge and Roll","floor":1},{"not_picked":["Flying Knee","Prepared"],"picked":"Unload","floor":4},{"not_picked":["Deflect","Dagger Spray"],"picked":"Dodge and Roll","floor":6},{"not_picked":["Dagger Throw","Endless Agony"],"picked":"Outmaneuver","floor":8},{"not_picked":["Underhanded Strike","Dodge and Roll"],"picked":"Poisoned Stab","floor":10},{"not_picked":["Quick Slash","Backstab"],"picked":"Storm of Steel","floor":11},{"not_picked":["Choke","Dagger Throw"],"picked":"Concentrate","floor":12},{"not_picked":["Footwork","Acrobatics"],"picked":"Leg Sweep","floor":13},{"not_picked":["Calculated Gamble","Dodge and Roll"],"picked":"Catalyst","floor":14},{"not_picked":["A Thousand Cuts","Tools of the Trade"],"picked":"Burst","floor":16},{"not_picked":["Predator","Slice"],"picked":"Infinite Blades+1","floor":18},{"not_picked":["Slice","Dagger Throw"],"picked":"Dodge and Roll","floor":19},{"not_picked":["Bane","Backstab"],"picked":"PiercingWail","floor":21},{"not_picked":["Outmaneuver","Backflip"],"picked":"Bouncing Flask","floor":27},{"not_picked":["Skewer","Footwork"],"picked":"Grand Finale","floor":28},{"not_picked":["Underhanded Strike","Calculated Gamble"],"picked":"Infinite Blades+1","floor":29},{"not_picked":["Masterful Stab","Eviscerate"],"picked":"Flechettes+1","floor":30},{"not_picked":["Concentrate","Backflip"],"picked":"Dodge and Roll","floor":31},{"not_picked":["Malaise","Glass Knife"],"picked":"Bullet Time","floor":33},{"not_picked":["Heel Hook","Acrobatics+1"],"picked":"Blur+1","floor":35},{"not_picked":["Deep Breath","Dramatic Entrance"],"picked":"Trip","floor":36},{"not_picked":["Mind Blast","Dramatic Entrance"],"picked":"Transmutation","floor":36},{"not_picked":["Master of Strategy","Secret Weapon"],"picked":"Secret Technique","floor":36},{"not_picked":["Choke+1","Dagger Spray"],"picked":"Bane+1","floor":37},{"not_picked":["Backstab","Outmaneuver+1"],"picked":"Footwork+1","floor":38},{"not_picked":["Slice+1","Deflect"],"picked":"Dodge and Roll","floor":41},{"not_picked":["Poisoned Stab","Dodge and Roll"],"picked":"After Image","floor":45},{"not_picked":["Bouncing Flask+1","Outmaneuver+1"],"picked":"A Thousand Cuts","floor":46},{"not_picked":["Blur","Quick Slash"],"picked":"Crippling Poison+1","floor":49}],"player_experience":172127,"relics_obtained":[{"floor":6,"key":"Anchor"},{"floor":8,"key":"Blood Vial"},{"floor":9,"key":"The Courier"},{"floor":22,"key":"Bag of Preparation"},{"floor":26,"key":"Mummified Hand"},{"floor":30,"key":"Girya"},{"floor":30,"key":"Gambling Chip"},{"floor":43,"key":"Omamori"},{"floor":46,"key":"Whetstone"},{"floor":46,"key":"Dream Catcher"}],"event_choices":[{"event_name":"Golden Idol","player_choice":"Take Damage","floor":3,"damage_taken":0},{"event_name":"The Cleric","player_choice":"Healed","floor":5,"damage_taken":0},{"event_name":"The Library","player_choice":"Read","floor":20,"damage_taken":0},{"event_name":"SensoryStone","player_choice":"Memory 3","floor":36,"damage_taken":0},{"event_name":"Transmorgrifier","player_choice":"Transform","floor":39,"damage_taken":0},{"event_name":"Match and Keep!","player_choice":"2 cards matched","floor":44,"damage_taken":0},{"event_name":"Falling","player_choice":"Removed Skill","floor":48,"damage_taken":0}],"is_beta":false,"boss_relics":[{"not_picked":["Coffee Dripper","Busted Crown"],"picked":"Black Star"},{"not_picked":["Snecko Eye","Philosopher\u0027s Stone"],"picked":"Lizard Tail"}],"items_purged_floors":[],"is_endless":false,"potions_floor_spawned":[1,4,6,8,10,11,12,13,14,16,18,19,21,23,27,28,29,30,31,33,35,37,38,41,45,46],"ascension_level":0}