{"gold_per_floor":[112,131,142,67,77,110,60,60,84,84,84,111,11,28,28,125,125,141,141,141,130,150,150,175,175,222,234,250,250,250,265,265,366,366,376,396,396,396,396],"floor_reached":39,"playtime":1850,"items_purged":["Defend_R","Defend_R"],"score":436,"play_id":"6e3b87e0-3bb7-453a-9881-afe284eda5a0","local_time":"20190119234301","is_ascension_mode":false,"campfire_choices":[{"data":"True Grit","floor":8,"key":"SMITH"},{"data":"Rage","floor":11,"key":"SMITH"},{"data":"Flame Barrier","floor":15,"key":"SMITH"},{"floor":23,"key":"RECALL"},{"floor":25,"key":"REST"},{"floor":29,"key":"REST"},{"floor":32,"key":"REST"}],"neow_cost":"NONE","seed_source_timestamp":543753106163750,"circlet_count":0,"master_deck":["Thunderclap","Rage+1","Disarm","True Grit+1","Flame Barrier+1","Flame Barrier","Demon Form","Rampage+1","Bite","Bite","Bite","Bite","Rampage+1","Inflame","Whirlwind","Barricade","Dropkick+1","Seeing Red+1","Madness","Madness"],"relics":["Burning Blood","PreservedInsect","Bag of Preparation","Fusion Hammer","Enchiridion","Bottled Flame","Anchor","Empty Cage"],"potions_floor_usage":[16,21,35,39],"damage_taken":[{"damage":3,"enemies":"2 Louse","floor":1,"turns":2},{"damage":4,"enemies":"Small Slimes","floor":2,"turns":3},{"damage":8,"enemies":"Jaw Worm","floor":3,"turns":4},{"damage":4,"enemies":"Blue Slaver","floor":5,"turns":4},{"damage":33,"enemies":"3 Sentries","floor":6,"turns":9},{"damage":12,"enemies":"Gremlin Nob","floor":12,"turns":4},{"damage":4,"enemies":"3 Louse","floor":14,"turns":3},{"damage":20,"enemies":"Hexaghost","floor":16,"turns":16},{"damage":2,"enemies":"Spheric Guardian","floor":18,"turns":5},{"damage":1,"enemies":"2 Thieves","floor":21,"turns":4},{"damage":8,"enemies":"Snecko","floor":22,"turns":6},{"damage":3,"enemies":"Book of Stabbing","floor":24,"turns":4},{"damage":3,"enemies":"Shelled Parasite and Fungi","floor":27,"turns":6},{"damage":6,"enemies":"Snake Plant","floor":28,"turns":3},{"damage":22,"enemies":"3 Cultists","floor":31,"turns":5},{"damage":8,"enemies":"Champ","floor":33,"turns":10},{"damage":17,"enemies":"3 Shapes","floor":35,"turns":5},{"damage":30,"enemies":"3 Darklings","floor":36,"turns":6},{"damage":44,"enemies":"Transient","floor":39,"turns":5}],"seed_played":"-7383742662491102766","potions_obtained":[{"floor":6,"key":"Weak Potion"},{"floor":14,"key":"Ancient Potion"},{"floor":16,"key":"Fire Potion"},{"floor":21,"key":"Swift Potion"},{"floor":28,"key":"SneckoOil"},{"floor":33,"key":"Explosive Potion"}],"is_trial":false,"path_per_floor":["M","M","M","$","M","E","?","R","T","?","R","E","$","M","R","B",null,"M","?","?","M","M","R","E","R","T","M","M","R","?","M","R","B",null,"M","M","?","?","M"],"character_chosen":"IRONCLAD","items_purchased":[],"campfire_rested":3,"item_purchase_floors":[],"current_hp_per_floor":[80,80,78,78,80,53,53,53,53,37,37,31,31,33,33,19,80,80,56,40,56,56,56,56,56,56,56,56,56,56,48,56,56,56,51,31,31,24,0],"gold":396,"neow_bonus":"TRANSFORM_CARD","is_prod":false,"is_daily":false,"chose_seed":false,"campfire_upgraded":3,"win_rate":0,"timestamp":1547959381,"path_taken":["M","M","M","$","M","E","?","R","T","?","R","E","$","M","R","BOSS","M","?","?","M","M","R","E","R","T","M","M","R","?","M","R","BOSS","M","M","?","?","M"],"build_version":"2019-01-17v2","purchased_purges":2,"victory":false,"max_hp_per_floor":[80,80,80,80,80,80,80,80,80,80,80,80,80,80,80,80,80,80,56,56,56,56,56,56,56,56,56,56,56,56,56,56,56,56,56,56,56,56,56],"card_choices":[{"not_picked":["Pommel Strike","Clash"],"picked":"Thunderclap","floor":1},{"not_picked":["Pommel Strike","Twin Strike"],"picked":"Rage","floor":2},{"not_picked":["Warcry","Headbutt"],"picked":"Disarm","floor":3},{"not_picked":["Reckless Charge","Wild Strike","Combust"],"picked":"SKIP","floor":5},{"not_picked":["Burning Pact","Pommel Strike"],"picked":"True Grit","floor":6},{"not_picked":["Clothesline","Shrug It Off"],"picked":"Flame Barrier","floor":12},{"not_picked":["Feed","Second Wind"],"picked":"Flame Barrier","floor":14},{"not_picked":["Brutality","Offering"],"picked":"Demon Form","floor":16},{"not_picked":["Thunderclap","Clothesline"],"picked":"Rampage+1","floor":18},{"not_picked":["True Grit","Burning Pact","Evolve+1"],"picked":"SKIP","floor":21},{"not_picked":["Iron Wave","Twin Strike"],"picked":"Rampage+1","floor":22},{"not_picked":["True Grit","Sword Boomerang+1","Infernal Blade"],"picked":"SKIP","floor":24},{"not_picked":["True Grit","Sword Boomerang+1","Infernal Blade"],"picked":"SKIP","floor":24},{"not_picked":["Ghostly Armor","True Grit+1"],"picked":"Inflame","floor":27},{"not_picked":["Pommel Strike","Armaments","Feel No Pain+1"],"picked":"SKIP","floor":28},{"not_picked":["Second Wind","Metallicize"],"picked":"Whirlwind","floor":31},{"not_picked":["Offering","Double Tap"],"picked":"Barricade","floor":33},{"not_picked":["Infernal Blade","Body Slam+1"],"picked":"Dropkick+1","floor":35},{"not_picked":["Perfected Strike","Rage"],"picked":"Seeing Red+1","floor":36}],"player_experience":526194,"relics_obtained":[{"floor":6,"key":"PreservedInsect"},{"floor":12,"key":"Bag of Preparation"},{"floor":20,"key":"Enchiridion"},{"floor":24,"key":"Bottled Flame"},{"floor":26,"key":"Anchor"}],"event_choices":[{"cards_removed":["Defend_R"],"damage_healed":0,"gold_gain":0,"player_choice":"Card Removal","damage_taken":0,"max_hp_gain":0,"max_hp_loss":0,"event_name":"The Cleric","floor":7,"gold_loss":50},{"damage_healed":0,"gold_gain":0,"player_choice":"Entered Light","damage_taken":16,"max_hp_gain":0,"max_hp_loss":0,"event_name":"Shining Light","floor":10,"gold_loss":0,"cards_upgraded":["Strike_R","Strike_R"]},{"damage_healed":0,"gold_gain":0,"player_choice":"Became a vampire","damage_taken":0,"max_hp_gain":0,"max_hp_loss":24,"event_name":"Vampires","floor":19,"gold_loss":0,"cards_obtained":["Bite","Bite","Bite","Bite","Bite"]},{"damage_healed":0,"gold_gain":0,"player_choice":"Obtained Book","damage_taken":16,"max_hp_gain":0,"max_hp_loss":0,"event_name":"Cursed Tome","floor":20,"gold_loss":0},{"damage_healed":0,"gold_gain":0,"player_choice":"Ignored","damage_taken":0,"max_hp_gain":0,"max_hp_loss":0,"event_name":"Ghosts","floor":30,"gold_loss":0},{"cards_removed":["Bite"],"damage_healed":0,"gold_gain":0,"player_choice":"Removed Attack","damage_taken":0,"max_hp_gain":0,"max_hp_loss":0,"event_name":"Falling","floor":37,"gold_loss":0},{"damage_healed":0,"gold_gain":0,"player_choice":"Embrace Madness","damage_taken":7,"max_hp_gain":0,"max_hp_loss":0,"event_name":"Winding Halls","floor":38,"gold_loss":0,"cards_obtained":["Madness","Madness"]}],"is_beta":false,"boss_relics":[{"not_picked":["Black Star","Tiny House"],"picked":"Fusion Hammer"},{"not_picked":["Pandora\u0027s Box","Runic Dome"],"picked":"Empty Cage"}],"items_purged_floors":[4,13],"is_endless":false,"potions_floor_spawned":[6,14,16,21,28,33],"killed_by":"Transient","ascension_level":0}