{"gold_per_floor":[114,39,39,39,39,39,51,51,74,92,127,144,164,180,180,259,259,273,93,113,163,78,78,89,89,138,220,234,261,287,317,329,418,430,462,488,105,125,136,136,136,156,180,212,212,212,240,256,256,256,256,256,256,9,42,42],"floor_reached":57,"playtime":3129,"items_purged":["Strike_G","Strike_G","Strike_G","Deadly Poison"],"score":2972,"play_id":"b3e2822f-3d85-4851-ba59-6d142f8a3cc4","local_time":"20190622172203","is_ascension_mode":true,"campfire_choices":[{"data":"Crippling Poison","floor":6.0,"key":"SMITH"},{"data":"Neutralize","floor":15.0,"key":"SMITH"},{"data":"Tactician","floor":23.0,"key":"SMITH"},{"data":"Burst","floor":32.0,"key":"SMITH"},{"floor":40.0,"key":"RECALL"},{"floor":46.0,"key":"REST"},{"data":"Catalyst","floor":49.0,"key":"SMITH"},{"data":"Acrobatics","floor":53.0,"key":"SMITH"}],"neow_cost":"NONE","seed_source_timestamp":1731397177011966,"circlet_count":0,"master_deck":["AscendersBane","Defend_G","Defend_G","Defend_G","Survivor","Neutralize+1","Crippling Poison+1","Footwork+1","Burst+1","Footwork","Escape Plan","Noxious Fumes","Backflip","Tactician+1","Acrobatics+1","Footwork+1","Catalyst+1","Catalyst","Backflip"],"special_seed":0,"relics":["Runic Pyramid","Potion Belt","Blood Vial","Orrery","Tough Bandages","Snake Skull","Frozen Egg 2","MawBank","Runic Dome","Bottled Lightning","Lantern","Thread and Needle","Orichalcum"],"potions_floor_usage":[56,56,56],"damage_taken":[{"damage":0.0,"enemies":"Jaw Worm","floor":1.0,"turns":7.0},{"damage":0.0,"enemies":"2 Louse","floor":7.0,"turns":3.0},{"damage":0.0,"enemies":"Small Slimes","floor":10.0,"turns":3.0},{"damage":4.0,"enemies":"Lagavulin","floor":11.0,"turns":6.0},{"damage":0.0,"enemies":"Red Slaver","floor":12.0,"turns":5.0},{"damage":5.0,"enemies":"Exordium Wildlife","floor":13.0,"turns":3.0},{"damage":8.0,"enemies":"Large Slime","floor":14.0,"turns":6.0},{"damage":6.0,"enemies":"Hexaghost","floor":16.0,"turns":13.0},{"damage":11.0,"enemies":"3 Byrds","floor":18.0,"turns":5.0},{"damage":8.0,"enemies":"Shell Parasite","floor":20.0,"turns":7.0},{"damage":0.0,"enemies":"Snake Plant","floor":24.0,"turns":5.0},{"damage":0.0,"enemies":"Sentry and Sphere","floor":28.0,"turns":6.0},{"damage":8.0,"enemies":"Gremlin Leader","floor":29.0,"turns":5.0},{"damage":6.0,"enemies":"Snecko","floor":30.0,"turns":9.0},{"damage":6.0,"enemies":"Centurion and Healer","floor":31.0,"turns":6.0},{"damage":0.0,"enemies":"Champ","floor":33.0,"turns":9.0},{"damage":7.0,"enemies":"3 Shapes","floor":35.0,"turns":4.0},{"damage":2.0,"enemies":"Orb Walker","floor":36.0,"turns":4.0},{"damage":1.0,"enemies":"3 Darklings","floor":38.0,"turns":5.0},{"damage":12.0,"enemies":"Writhing Mass","floor":39.0,"turns":6.0},{"damage":0.0,"enemies":"Maw","floor":42.0,"turns":7.0},{"damage":39.0,"enemies":"Nemesis","floor":44.0,"turns":11.0},{"damage":0.0,"enemies":"Reptomancer","floor":47.0,"turns":5.0},{"damage":0.0,"enemies":"Transient","floor":48.0,"turns":6.0},{"damage":6.0,"enemies":"Awakened One","floor":50.0,"turns":11.0},{"damage":0.0,"enemies":"Time Eater","floor":51.0,"turns":5.0},{"damage":30.0,"enemies":"Shield and Spear","floor":55.0,"turns":12.0},{"damage":29,"enemies":"The Heart","floor":56,"turns":9}],"seed_played":"6971148216686358270","potions_obtained":[{"floor":10.0,"key":"GamblersBrew"},{"floor":11.0,"key":"Swift Potion"},{"floor":14.0,"key":"Dexterity Potion"},{"floor":30.0,"key":"FearPotion"},{"floor":31.0,"key":"Swift Potion"},{"floor":42.0,"key":"EntropicBrew"},{"floor":44.0,"key":"Weak Potion"},{"floor":47.0,"key":"FearPotion"},{"floor":55.0,"key":"Energy Potion"}],"is_trial":false,"path_per_floor":["M","$","?","?","?","R","M","?","T","M","E","M","M","M","R","B",null,"M","$","M","?","?","R","M","?","T","T","M","E","M","M","R","B",null,"M","M","$","M","M","R","?","M","T","E","?","R","E","M","R","B","B",null,"R","$","E","B",null],"character_chosen":"THE_SILENT","items_purchased":["Tactician","Bottled Lightning","Catalyst","SkillPotion"],"campfire_rested":1,"item_purchase_floors":[19,37,54,54],"current_hp_per_floor":[59,59,52,52,57,57,57,57,57,57,53,55,52,46,46,42,64,55,55,49,49,49,49,51,51,51,51,53,47,43,39,39,41,64,59,59,59,60,50,50,50,52,52,15,15,36,38,40,40,36,38,63,63,63,35,8],"gold":42,"neow_bonus":"BOSS_RELIC","is_prod":false,"is_daily":false,"chose_seed":false,"campfire_upgraded":6,"win_rate":0,"timestamp":1561195323,"path_taken":["M","$","?","?","?","R","M","?","T","M","E","?","M","M","R","BOSS","M","$","M","?","?","R","M","?","T","?","M","E","?","M","R","BOSS","M","M","$","M","?","R","?","?","T","E","?","R","E","?","R","BOSS","BOSS","R","$","E","BOSS"],"build_version":"2019-01-23","purchased_purges":4,"victory":true,"max_hp_per_floor":[66,66,66,66,71,71,71,71,71,71,71,71,71,71,71,71,71,71,71,71,71,71,71,71,71,71,71,71,71,71,71,71,71,71,71,71,71,71,71,71,71,71,71,71,71,71,71,71,71,71,71,71,71,71,71,71],"card_choices":[{"not_picked":["Blade Dance","Dodge and Roll"],"picked":"Crippling Poison","floor":1.0},{"not_picked":["Distraction","Quick Slash","Deflect"],"picked":"SKIP","floor":7.0},{"not_picked":["Bane","Outmaneuver"],"picked":"Deadly Poison","floor":10.0},{"not_picked":["Well Laid Plans","Slice","Dagger Throw"],"picked":"SKIP","floor":11.0},{"not_picked":["Bane","Dagger Spray","Slice"],"picked":"SKIP","floor":12.0},{"not_picked":["A Thousand Cuts","Sucker Punch","Underhanded Strike"],"picked":"SKIP","floor":13.0},{"not_picked":["PiercingWail","Flying Knee"],"picked":"Footwork","floor":14.0},{"not_picked":["Wraith Form v2","Phantasmal Killer"],"picked":"Burst","floor":16.0},{"not_picked":["Blade Dance","Well Laid Plans"],"picked":"Footwork","floor":17.0},{"not_picked":["Slice","Noxious Fumes"],"picked":"Escape Plan","floor":17.0},{"not_picked":["Backflip","Acrobatics"],"picked":"Noxious Fumes","floor":17.0},{"not_picked":["Expertise","Underhanded Strike"],"picked":"Backflip","floor":18.0},{"not_picked":["Caltrops","Sucker Punch"],"picked":"Acrobatics","floor":20.0},{"not_picked":["Glass Knife","Dagger Throw","Backflip"],"picked":"SKIP","floor":24.0},{"not_picked":["Flying Knee","Acrobatics","Poisoned Stab+1"],"picked":"SKIP","floor":28.0},{"not_picked":["Flying Knee","Acrobatics","Poisoned Stab+1"],"picked":"SKIP","floor":28.0},{"not_picked":["Cloak And Dagger","Accuracy+1","Quick Slash"],"picked":"SKIP","floor":29.0},{"not_picked":["Deadly Poison","Bullet Time","PiercingWail"],"picked":"SKIP","floor":30.0},{"not_picked":["Deflect","Blade Dance","Cloak And Dagger"],"picked":"SKIP","floor":31.0},{"not_picked":["Crippling Poison","Acrobatics","Noxious Fumes+1"],"picked":"SKIP","floor":35.0},{"not_picked":["Slice","Dagger Throw","Terror+1"],"picked":"SKIP","floor":36.0},{"not_picked":["Deflect","Outmaneuver+1","Underhanded Strike+1"],"picked":"SKIP","floor":38.0},{"not_picked":["Dodge and Roll","Poisoned Stab+1","Underhanded Strike+1"],"picked":"SKIP","floor":39.0},{"not_picked":["Slice+1","All Out Attack","Bullet Time"],"picked":"SKIP","floor":42.0},{"not_picked":["Sucker Punch","Quick Slash"],"picked":"Footwork+1","floor":44.0},{"not_picked":["Escape Plan+1","Terror+1"],"picked":"Catalyst","floor":47.0},{"not_picked":["Backflip+1","Sucker Punch","PiercingWail"],"picked":"SKIP","floor":48.0},{"not_picked":["Underhanded Strike","Endless Agony"],"picked":"Backflip","floor":55.0}],"player_experience":1975867,"relics_obtained":[{"floor":9.0,"key":"Potion Belt"},{"floor":11.0,"key":"Blood Vial"},{"floor":26.0,"key":"Snake Skull"},{"floor":27.0,"key":"Frozen Egg 2"},{"floor":29.0,"key":"MawBank"},{"floor":44.0,"key":"Lantern"},{"floor":47.0,"key":"Thread and Needle"},{"floor":55.0,"key":"Orichalcum"}],"event_choices":[{"cards_removed":["Strike_G"],"damage_healed":0.0,"max_hp_gain":0.0,"max_hp_loss":0.0,"gold_gain":0.0,"event_name":"Golden Wing","player_choice":"Card Removal","floor":3.0,"gold_loss":0.0,"damage_taken":7.0},{"cards_removed":["Strike_G"],"damage_healed":0.0,"max_hp_gain":0.0,"max_hp_loss":0.0,"gold_gain":0.0,"event_name":"Living Wall","player_choice":"Forget","floor":4.0,"gold_loss":0.0,"damage_taken":0.0},{"damage_healed":0.0,"max_hp_gain":5.0,"max_hp_loss":0.0,"gold_gain":0.0,"event_name":"Big Fish","player_choice":"Donut","floor":5.0,"gold_loss":0.0,"damage_taken":0.0},{"cards_removed":["Defend_G"],"damage_healed":0.0,"max_hp_gain":0.0,"max_hp_loss":0.0,"gold_gain":0.0,"event_name":"Purifier","player_choice":"Purged","floor":8.0,"gold_loss":0.0,"damage_taken":0.0},{"damage_healed":0.0,"max_hp_gain":0.0,"max_hp_loss":0.0,"gold_gain":50.0,"event_name":"Nest","player_choice":"Stole From Cult","floor":21.0,"gold_loss":0.0,"damage_taken":0.0},{"damage_healed":0.0,"max_hp_gain":0.0,"max_hp_loss":0.0,"gold_gain":0.0,"event_name":"Addict","player_choice":"Obtained Relic","floor":22.0,"gold_loss":85.0,"damage_taken":0.0,"relics_obtained":["Tough Bandages"]},{"damage_healed":0.0,"max_hp_gain":0.0,"max_hp_loss":0.0,"gold_gain":0.0,"event_name":"Ghosts","player_choice":"Ignored","floor":25.0,"gold_loss":0.0,"damage_taken":0.0},{"damage_healed":0.0,"max_hp_gain":0.0,"max_hp_loss":0.0,"gold_gain":0.0,"event_name":"Upgrade Shrine","player_choice":"Upgraded","floor":41.0,"gold_loss":0.0,"damage_taken":0.0,"cards_upgraded":["Footwork"]},{"cards_removed":["Defend_G"],"damage_healed":0.0,"max_hp_gain":0.0,"max_hp_loss":0.0,"gold_gain":0.0,"event_name":"Bonfire Elementals","player_choice":"Offered Basic","floor":45.0,"gold_loss":0.0,"damage_taken":0.0}],"is_beta":false,"boss_relics":[{"not_picked":["Eternal Feather","Velvet Choker"],"picked":"Orrery"},{"not_picked":["Lizard Tail","Fusion Hammer"],"picked":"Runic Dome"}],"items_purged_floors":[2,19,37,54],"is_endless":false,"potions_floor_spawned":[10,11,14,30,31,33,38,42,44,47,55],"ascension_level":20}