{"gold_per_floor":[110,14,14,31,31,56,56,82,82,82,94,121,121,139,139,237,237,250,269,269,269,285,285,317,328,328,328,341,358,20,20],"floor_reached":31,"playtime":1263,"items_purged":[],"score":358,"play_id":"1f00dc50-25af-4ac5-8ad8-8e5fe1b9cbb8","local_time":"20190804230045","is_ascension_mode":true,"campfire_choices":[{"floor":7,"key":"REST"},{"floor":10,"key":"REST"},{"data":"Discovery","floor":13,"key":"SMITH"},{"floor":15,"key":"REST"},{"data":"Immolate","floor":23,"key":"SMITH"},{"floor":27,"key":"REST"}],"neow_cost":"NONE","seed_source_timestamp":859949553891300,"circlet_count":0,"master_deck":["Strike_R","Strike_R","Strike_R","Strike_R","Strike_R","Defend_R","Defend_R","Defend_R","Defend_R","Bash","Deep Breath","Clothesline","Discovery+1","Anger","Intimidate","Intimidate","Spot Weakness","Sword Boomerang","Whirlwind","Immolate+1","Anger","Iron Wave","Writhe","Dual Wield+1","Inflame+1","Rupture+1","Shrug It Off","Finesse"],"relics":["Burning Blood","Charon\u0027s Ashes","Smiling Mask","Ornamental Fan","Anchor","Sozu","Self Forming Clay","Blood Vial","Frozen Egg 2","Bottled Tornado"],"potions_floor_usage":[6,22],"damage_taken":[{"damage":11,"enemies":"Jaw Worm","floor":1,"turns":6},{"damage":0,"enemies":"Cultist","floor":4,"turns":2},{"damage":48,"enemies":"3 Sentries","floor":6,"turns":9},{"damage":31,"enemies":"Gremlin Nob","floor":8,"turns":4},{"damage":3,"enemies":"2 Louse","floor":11,"turns":1},{"damage":20,"enemies":"Lagavulin","floor":12,"turns":5},{"damage":0,"enemies":"Red Slaver","floor":14,"turns":3},{"damage":65,"enemies":"The Guardian","floor":16,"turns":9},{"damage":13,"enemies":"Shell Parasite","floor":18,"turns":4},{"damage":6,"enemies":"2 Thieves","floor":19,"turns":2},{"damage":8,"enemies":"Centurion and Healer","floor":22,"turns":4},{"damage":26,"enemies":"Gremlin Leader","floor":24,"turns":5},{"damage":12,"enemies":"Snake Plant","floor":25,"turns":4},{"damage":34,"enemies":"Shelled Parasite and Fungi","floor":28,"turns":4},{"damage":25,"enemies":"Centurion and Healer","floor":29,"turns":5},{"damage":24,"enemies":"Slavers","floor":31,"turns":1}],"seed_played":"-4516912483600982978","potions_obtained":[{"floor":1,"key":"Block Potion"},{"floor":11,"key":"GamblersBrew"}],"is_trial":false,"path_per_floor":["M","$","?","M","?","E","R","E","T","R","M","E","R","M","R","B",null,"M","M","?","?","M","R","E","M","T","R","M","M","$","E"],"character_chosen":"IRONCLAD","items_purchased":["Discovery","Bottled Tornado","Finesse"],"campfire_rested":4,"item_purchase_floors":[2,30,30],"current_hp_per_floor":[67,67,67,73,73,31,55,30,30,54,57,43,43,49,73,14,64,57,57,57,57,55,55,35,31,31,55,29,12,12,0],"gold":20,"neow_bonus":"RANDOM_COLORLESS","is_prod":false,"is_daily":false,"chose_seed":false,"campfire_upgraded":2,"win_rate":0,"timestamp":1564977645,"path_taken":["M","$","?","?","?","E","R","E","T","R","?","E","R","M","R","BOSS","M","M","?","?","M","R","E","M","T","R","?","M","$","E"],"build_version":"2019-07-17","purchased_purges":0,"victory":false,"max_hp_per_floor":[80,80,80,80,80,80,80,80,80,80,80,80,80,80,80,80,80,80,80,80,80,80,80,80,80,80,80,80,80,80,80],"card_choices":[{"not_picked":["Sword Boomerang","True Grit"],"picked":"Clothesline","floor":1},{"not_picked":["Clothesline","Heavy Blade"],"picked":"Anger","floor":4},{"not_picked":["Perfected Strike","Pummel"],"picked":"Intimidate","floor":6},{"not_picked":["Juggernaut","Combust"],"picked":"Intimidate","floor":8},{"not_picked":["Iron Wave","Heavy Blade"],"picked":"Spot Weakness","floor":11},{"not_picked":["Reckless Charge","Warcry"],"picked":"Sword Boomerang","floor":12},{"not_picked":["Body Slam","Pummel"],"picked":"Whirlwind","floor":14},{"not_picked":["Berserk","Dark Embrace"],"picked":"Immolate","floor":16},{"not_picked":["Spot Weakness","Body Slam"],"picked":"Anger","floor":18},{"not_picked":["Armaments","Twin Strike"],"picked":"Iron Wave","floor":19},{"not_picked":["Wild Strike","Blood for Blood","Evolve"],"picked":"SKIP","floor":22},{"not_picked":["Uppercut","Sword Boomerang"],"picked":"Dual Wield+1","floor":24},{"not_picked":["Limit Break","Infernal Blade"],"picked":"Inflame+1","floor":25},{"not_picked":["Twin Strike","Pommel Strike"],"picked":"Rupture+1","floor":28},{"not_picked":["Pommel Strike","Wild Strike"],"picked":"Shrug It Off","floor":29}],"player_experience":229150,"relics_obtained":[{"floor":6,"key":"Charon\u0027s Ashes"},{"floor":8,"key":"Smiling Mask"},{"floor":9,"key":"Ornamental Fan"},{"floor":12,"key":"Anchor"},{"floor":24,"key":"Blood Vial"},{"floor":26,"key":"Frozen Egg 2"}],"event_choices":[{"damage_healed":0,"gold_gain":0,"player_choice":"0 cards matched","damage_taken":0,"max_hp_gain":0,"max_hp_loss":0,"event_name":"Match and Keep!","floor":3,"gold_loss":0,"cards_obtained":[]},{"damage_healed":0,"gold_gain":0,"player_choice":"Ignored","damage_taken":0,"max_hp_gain":0,"max_hp_loss":0,"event_name":"WeMeetAgain","floor":5,"gold_loss":0},{"damage_healed":0,"gold_gain":0,"player_choice":"Opened","damage_taken":0,"relics_obtained":["Self Forming Clay"],"max_hp_gain":0,"max_hp_loss":0,"event_name":"The Mausoleum","floor":20,"gold_loss":0,"cards_obtained":["Writhe"]},{"damage_healed":0,"gold_gain":0,"player_choice":"Bought 0 Potions","damage_taken":0,"max_hp_gain":0,"max_hp_loss":0,"event_name":"The Woman in Blue","floor":21,"gold_loss":0}],"is_beta":false,"boss_relics":[{"not_picked":["Velvet Choker","Coffee Dripper"],"picked":"Sozu"}],"items_purged_floors":[],"is_endless":false,"potions_floor_spawned":[1,11,19,29],"killed_by":"Slavers","ascension_level":6}