{"gold_per_floor":[109,184,194,208,222,222,247,247,247,260,285,285,1,21,21,21],"floor_reached":16,"playtime":526,"items_purged":[],"score":146,"play_id":"04e8817d-dcc4-426d-b916-a4ee4f928075","local_time":"20190805233018","is_ascension_mode":true,"campfire_choices":[{"data":"Thunderclap","floor":6,"key":"SMITH"},{"data":"Bash","floor":8,"key":"SMITH"},{"floor":15,"key":"REST"}],"neow_cost":"NONE","seed_source_timestamp":77406387372500,"circlet_count":0,"master_deck":["Strike_R","Strike_R","Strike_R","Strike_R","Strike_R","Defend_R","Defend_R","Defend_R","Defend_R","Bash+1","Thunderclap+1","Carnage","Carnage+1","Clash","Anger+1","Whirlwind+1","Clothesline+1","Discovery","Wild Strike+1"],"relics":["Burning Blood","NeowsBlessing","Molten Egg 2","Letter Opener","Shuriken","Toy Ornithopter"],"potions_floor_usage":[5,10,16],"damage_taken":[{"damage":0,"enemies":"2 Louse","floor":1,"turns":1},{"damage":0,"enemies":"Cultist","floor":3,"turns":1},{"damage":0,"enemies":"Small Slimes","floor":4,"turns":1},{"damage":19,"enemies":"Exordium Thugs","floor":5,"turns":3},{"damage":32,"enemies":"Gremlin Nob","floor":7,"turns":4},{"damage":0,"enemies":"Lots of Slimes","floor":10,"turns":3},{"damage":25,"enemies":"3 Sentries","floor":11,"turns":4},{"damage":4,"enemies":"Red Slaver","floor":14,"turns":2},{"damage":60,"enemies":"The Guardian","floor":16,"turns":7}],"seed_played":"5991229778320646130","potions_obtained":[{"floor":4,"key":"Energy Potion"},{"floor":7,"key":"SpeedPotion"},{"floor":11,"key":"Ancient Potion"}],"is_trial":false,"path_per_floor":["M","?","M","M","M","R","E","R","T","M","E","?","$","M","R","B"],"character_chosen":"IRONCLAD","items_purchased":["Toy Ornithopter","Discovery"],"campfire_rested":1,"item_purchase_floors":[13,13],"current_hp_per_floor":[78,67,73,79,66,66,40,40,40,46,27,27,27,29,53,0],"gold":21,"neow_bonus":"THREE_ENEMY_KILL","is_prod":false,"is_daily":false,"chose_seed":false,"campfire_upgraded":2,"win_rate":0,"timestamp":1565065818,"path_taken":["M","?","M","M","M","R","E","R","T","M","E","?","$","M","R","BOSS"],"build_version":"2019-07-17","purchased_purges":0,"victory":false,"max_hp_per_floor":[80,80,80,80,80,80,80,80,80,80,80,80,80,80,80,80],"card_choices":[{"not_picked":["Wild Strike","Infernal Blade"],"picked":"Thunderclap","floor":1},{"not_picked":["Corruption","Warcry"],"picked":"Carnage","floor":3},{"not_picked":["Sever Soul","Second Wind"],"picked":"Carnage","floor":4},{"not_picked":["Wild Strike","Warcry"],"picked":"Clash","floor":5},{"not_picked":["Disarm","Carnage"],"picked":"Anger","floor":7},{"not_picked":["Perfected Strike+1","Armaments"],"picked":"Whirlwind+1","floor":10},{"not_picked":["Dark Embrace","Combust"],"picked":"Clothesline+1","floor":11},{"not_picked":["Reckless Charge+1","Sentinel"],"picked":"Wild Strike+1","floor":14}],"player_experience":239285,"relics_obtained":[{"floor":7,"key":"Molten Egg 2"},{"floor":9,"key":"Letter Opener"},{"floor":11,"key":"Shuriken"}],"event_choices":[{"damage_healed":0,"gold_gain":75,"player_choice":"Gather Gold","damage_taken":11,"max_hp_gain":0,"max_hp_loss":0,"event_name":"World of Goop","floor":2,"gold_loss":0},{"damage_healed":0,"gold_gain":0,"player_choice":"Upgraded","damage_taken":0,"max_hp_gain":0,"max_hp_loss":0,"event_name":"Upgrade Shrine","floor":12,"gold_loss":0,"cards_upgraded":["Carnage"]}],"is_beta":false,"boss_relics":[],"items_purged_floors":[],"is_endless":false,"potions_floor_spawned":[4,7,11],"killed_by":"The Guardian","ascension_level":6}