{"gold_per_floor":[114,114,131,145,162,162,162,7,53,53,0,0,36,61,61,156,156,174,99,117,137,4,4,22,22,22,42,42,42,42],"floor_reached":30,"playtime":606,"items_purged":["Strike_B","Strike_B"],"score":460,"play_id":"245fb90b-6f9d-4367-aac2-8fb469575169","local_time":"20190723225536","is_ascension_mode":true,"campfire_choices":[{"data":"Coolheaded","floor":6.0,"key":"SMITH"},{"data":"Defragment","floor":10.0,"key":"SMITH"},{"data":"Melter","floor":12.0,"key":"SMITH"},{"data":"Dualcast","floor":15.0,"key":"SMITH"},{"data":"Defragment","floor":23,"key":"SMITH"},{"data":"Turbo","floor":25,"key":"SMITH"},{"data":"Recycle","floor":28,"key":"SMITH"}],"neow_cost":"TEN_PERCENT_HP_LOSS","seed_source_timestamp":450364694627765,"circlet_count":0,"master_deck":["AscendersBane","Defend_B","Defend_B","Defend_B","Defend_B","Zap+1","Dualcast+1","Melter+1","Coolheaded+1","Lockon","Ball Lightning","Defragment+1","Turbo+1","White Noise","Hologram","Core Surge","Tempest","Reboot","Conserve Battery","Cold Snap","Consume","Defragment+1","Recycle+1","Chill"],"special_seed":0,"relics":["Cracked Core","Incense Burner","Golden Idol","Smiling Mask","Bronze Scales","Coffee Dripper","Prayer Wheel"],"potions_floor_usage":[24],"damage_taken":[{"damage":2.0,"enemies":"Jaw Worm","floor":1.0,"turns":3.0},{"damage":1.0,"enemies":"Cultist","floor":3.0,"turns":3.0},{"damage":0.0,"enemies":"2 Louse","floor":4.0,"turns":2.0},{"damage":14.0,"enemies":"2 Fungi Beasts","floor":5.0,"turns":3.0},{"damage":33.0,"enemies":"3 Sentries","floor":13.0,"turns":8.0},{"damage":0.0,"enemies":"Large Slime","floor":14.0,"turns":3.0},{"damage":3.0,"enemies":"Hexaghost","floor":16.0,"turns":6.0},{"damage":8.0,"enemies":"3 Byrds","floor":18.0,"turns":2.0},{"damage":18,"enemies":"2 Thieves","floor":20,"turns":2},{"damage":9,"enemies":"Snecko","floor":21,"turns":4},{"damage":8,"enemies":"Centurion and Healer","floor":24,"turns":6},{"damage":0,"enemies":"Sentry and Sphere","floor":27,"turns":3},{"damage":0,"enemies":"Shelled Parasite and Fungi","floor":30,"turns":1}],"seed_played":"4347692339300790230","potions_obtained":[{"floor":1.0,"key":"Energy Potion"},{"floor":4.0,"key":"SpeedPotion"},{"floor":13.0,"key":"Swift Potion"},{"floor":21,"key":"Weak Potion"},{"floor":27,"key":"Strength Potion"}],"is_trial":false,"path_per_floor":["M","?","M","M","M","R","?","$","T","R","$","R","E","M","R","B",null,"M","?","M","M","$","R","M","R","T","M","R","$","M"],"character_chosen":"DEFECT","items_purchased":["Defragment","Turbo","Defragment"],"campfire_rested":0,"item_purchase_floors":[8,11,22],"current_hp_per_floor":[62,62,61,61,47,47,47,47,47,47,47,47,14,14,14,11,46,38,38,20,11,11,11,3,3,3,3,3,3,3],"gold":42,"neow_bonus":"ONE_RARE_RELIC","is_prod":false,"is_daily":false,"chose_seed":false,"campfire_upgraded":7,"win_rate":0,"timestamp":1563893736,"path_taken":["M","?","M","?","M","R","?","$","T","R","?","R","E","M","R","BOSS","M","?","M","?","$","R","M","R","T","?","R","$","M"],"build_version":"2019-07-17","purchased_purges":2,"victory":false,"max_hp_per_floor":[64,64,64,64,64,64,58,58,58,58,58,58,58,58,58,58,58,58,58,58,58,58,58,58,58,58,58,58,58,58],"card_choices":[{"not_picked":["Rebound","Compile Driver"],"picked":"Melter","floor":1.0},{"not_picked":["Hello World","Streamline"],"picked":"Coolheaded","floor":3.0},{"not_picked":["Reinforced Body","Aggregate"],"picked":"Lockon","floor":4.0},{"not_picked":["Hologram","FTL"],"picked":"Ball Lightning","floor":5.0},{"not_picked":["Steam","Rebound"],"picked":"White Noise","floor":13.0},{"not_picked":["Ball Lightning","Stack"],"picked":"Hologram","floor":14.0},{"not_picked":["Creative AI","Fission"],"picked":"Core Surge","floor":16.0},{"not_picked":["Barrage","Go for the Eyes"],"picked":"Tempest","floor":18.0},{"not_picked":["Ball Lightning","FTL"],"picked":"Cold Snap","floor":20},{"not_picked":["Beam Cell+1","Ball Lightning"],"picked":"Consume","floor":21},{"not_picked":["Streamline","Conserve Battery","Barrage"],"picked":"SKIP","floor":24},{"not_picked":["Turbo","Leap"],"picked":"Recycle","floor":27},{"not_picked":["Cold Snap","Streamline+1"],"picked":"Chill","floor":27}],"player_experience":2067305,"relics_obtained":[{"floor":9.0,"key":"Smiling Mask"},{"floor":13.0,"key":"Bronze Scales"},{"floor":26,"key":"Prayer Wheel"}],"event_choices":[{"damage_healed":0.0,"max_hp_gain":0.0,"max_hp_loss":0.0,"gold_gain":0.0,"event_name":"Upgrade Shrine","player_choice":"Upgraded","floor":2.0,"gold_loss":0.0,"damage_taken":0.0,"cards_upgraded":["Zap"]},{"damage_healed":0.0,"max_hp_gain":0.0,"max_hp_loss":6.0,"gold_gain":0.0,"event_name":"Golden Idol","player_choice":"Lose Max HP","floor":7.0,"gold_loss":0.0,"damage_taken":0.0,"relics_obtained":["Golden Idol"]},{"damage_healed":0,"gold_gain":0,"cards_transformed":["Strike_B","Strike_B"],"player_choice":"Transformed Cards","damage_taken":0,"max_hp_gain":0,"max_hp_loss":0,"event_name":"Designer","floor":19,"gold_loss":75,"cards_obtained":["Reboot","Conserve Battery"]}],"is_beta":false,"boss_relics":[{"not_picked":["Lizard Tail","Sozu"],"picked":"Coffee Dripper"}],"items_purged_floors":[8,22],"is_endless":false,"potions_floor_spawned":[1,4,13,21,27],"killed_by":"Shelled Parasite and Fungi","ascension_level":20}