{"gold_per_floor":[110,126,76,91,106,131,131,162,162,162],"floor_reached":10,"playtime":624,"items_purged":[],"score":94,"play_id":"57650c27-d32f-45ff-b696-b0f34124a04a","local_time":"20180720232037","is_ascension_mode":true,"campfire_choices":[],"neow_cost":"NONE","seed_source_timestamp":123527715310568,"circlet_count":0,"master_deck":["Strike_R","Strike_R","Strike_R","Defend_R","Defend_R","Defend_R","Defend_R","Bash","Flex","Corruption","Heavy Blade","Whirlwind","Fiend Fire","Injury"],"relics":["Burning Blood","Mummified Hand","Golden Idol","Singing Bowl","Bottled Flame"],"potions_floor_usage":[8,8],"damage_taken":[{"damage":0,"enemies":"Small Slimes","floor":1,"turns":5},{"damage":0,"enemies":"2 Louse","floor":2,"turns":3},{"damage":0,"enemies":"Cultist","floor":4,"turns":4},{"damage":0,"enemies":"Large Slime","floor":5,"turns":5},{"damage":67,"enemies":"Lagavulin","floor":6,"turns":8},{"damage":16,"enemies":"Gremlin Nob","floor":8,"turns":4},{"damage":9,"enemies":"3 Sentries","floor":10,"turns":2}],"seed_played":"7755464843899368564","potions_obtained":[{"floor":2,"key":"SmokeBomb"},{"floor":4,"key":"Energy Potion"},{"floor":6,"key":"Dexterity Potion"}],"is_trial":false,"path_per_floor":["M","M","?","M","M","E","?","E","T"],"character_chosen":"IRONCLAD","items_purchased":[],"campfire_rested":0,"item_purchase_floors":[],"current_hp_per_floor":[80,80,80,80,80,19,19,11,11,2],"gold":162,"neow_bonus":"REMOVE_CARD","is_prod":false,"is_daily":false,"chose_seed":false,"campfire_upgraded":0,"win_rate":0,"timestamp":1532143237,"path_taken":["M","M","?","M","M","E","?","E","T","E"],"build_version":"2018-07-19v2","purchased_purges":0,"victory":false,"max_hp_per_floor":[80,80,80,80,80,80,80,82,82,82],"card_choices":[{"not_picked":["Perfected Strike","Clothesline"],"picked":"Flex","floor":1},{"not_picked":["Cleave","Intimidate"],"picked":"Corruption","floor":2},{"not_picked":["Entrench","Sword Boomerang"],"picked":"Heavy Blade","floor":4},{"not_picked":["Iron Wave","Carnage"],"picked":"Whirlwind","floor":5},{"not_picked":["Cleave","Evolve"],"picked":"Fiend Fire","floor":6},{"not_picked":["Rage","Reckless Charge","Clash"],"picked":"Singing Bowl","floor":8}],"player_experience":213496,"relics_obtained":[{"floor":6,"key":"Mummified Hand"},{"floor":8,"key":"Singing Bowl"},{"floor":9,"key":"Bottled Flame"}],"event_choices":[{"event_name":"The Cleric","player_choice":"Card Removal","floor":3,"damage_taken":0},{"event_name":"Golden Idol","player_choice":"Take Wound","floor":7,"damage_taken":0}],"is_beta":false,"boss_relics":[],"items_purged_floors":[],"is_endless":false,"potions_floor_spawned":[2,4,6],"killed_by":"3 Sentries","ascension_level":4}