{"gold_per_floor":[109,109,109,109,34,69,69,69,92,130,130,144,169,204,204,297,297,320,335,235,258,46,46,77,102,102,102],"floor_reached":27,"playtime":769,"items_purged":["Strike_R","Strike_R","Strike_R"],"score":598,"play_id":"a42848c1-a2bd-4e69-9d9f-61a5581a113d","local_time":"20190601205245","is_ascension_mode":true,"campfire_choices":[{"data":"Armaments","floor":8.0,"key":"SMITH"},{"data":"Inflame","floor":15.0,"key":"SMITH"},{"floor":23,"key":"REST"}],"neow_cost":"NONE","seed_source_timestamp":20826807970147,"circlet_count":0,"master_deck":["AscendersBane","Strike_R","Strike_R","Defend_R","Defend_R","Defend_R","Defend_R","Bash","Armaments+1","Evolve","Power Through","Inflame+1","Dark Embrace","Sword Boomerang","Disarm","Reaper","Feed","Body Slam+1","True Grit"],"special_seed":0,"relics":["Burning Blood","NeowsBlessing","Golden Idol","Anchor","Ornamental Fan","Bag of Marbles","Vajra","Darkstone Periapt","Philosopher\u0027s Stone","Mercury Hourglass","Pantograph"],"potions_floor_usage":[16,16,25,27],"damage_taken":[{"damage":0.0,"enemies":"Cultist","floor":1.0,"turns":1.0},{"damage":0.0,"enemies":"Gremlin Nob","floor":6.0,"turns":1.0},{"damage":0.0,"enemies":"3 Sentries","floor":10.0,"turns":2.0},{"damage":13.0,"enemies":"Small Slimes","floor":12.0,"turns":4.0},{"damage":0.0,"enemies":"2 Louse","floor":13.0,"turns":2.0},{"damage":39.0,"enemies":"Lagavulin","floor":14.0,"turns":7.0},{"damage":28,"enemies":"Hexaghost","floor":16,"turns":9},{"damage":15,"enemies":"Shell Parasite","floor":18,"turns":8},{"damage":53,"enemies":"3 Byrds","floor":19,"turns":6},{"damage":18,"enemies":"Centurion and Healer","floor":21,"turns":9},{"damage":77,"enemies":"Slavers","floor":24,"turns":11},{"damage":18,"enemies":"Snake Plant","floor":25,"turns":4},{"damage":27,"enemies":"Gremlin Leader","floor":27,"turns":6}],"seed_played":"5980280730679975670","potions_obtained":[{"floor":6.0,"key":"Block Potion"},{"floor":10.0,"key":"Regen Potion"},{"floor":18,"key":"FearPotion"},{"floor":25,"key":"Weak Potion"}],"is_trial":false,"path_per_floor":["M","?","?","?","$","E","T","R","T","E","?","M","M","E","R","B",null,"M","M","$","M","$","R","E","M","T","E"],"character_chosen":"IRONCLAD","items_purchased":["Feed"],"campfire_rested":1,"item_purchase_floors":[22],"current_hp_per_floor":[74,79,51,51,51,57,57,57,57,63,63,56,62,29,29,22,66,70,30,30,38,38,62,12,9,9,0],"gold":102,"neow_bonus":"THREE_ENEMY_KILL","is_prod":false,"is_daily":false,"chose_seed":false,"campfire_upgraded":2,"win_rate":0,"timestamp":1559393565,"path_taken":["M","?","?","?","$","E","?","R","T","E","?","?","M","E","R","BOSS","M","M","?","M","$","R","E","M","T","E"],"build_version":"2019-01-23","purchased_purges":3,"victory":false,"max_hp_per_floor":[75,80,80,80,80,80,80,80,80,80,80,80,80,80,80,80,80,80,80,80,80,80,80,83,83,83,83],"card_choices":[{"not_picked":["Sword Boomerang","Heavy Blade"],"picked":"Armaments","floor":1.0},{"not_picked":["Perfected Strike","Cleave"],"picked":"Evolve","floor":6.0},{"not_picked":["Spot Weakness","Metallicize"],"picked":"Power Through","floor":10.0},{"not_picked":["Thunderclap","Fire Breathing","Twin Strike"],"picked":"SKIP","floor":12.0},{"not_picked":["Pummel","Anger"],"picked":"Sword Boomerang","floor":13.0},{"not_picked":["Clothesline","Pummel"],"picked":"Disarm","floor":14.0},{"not_picked":["Berserk","Exhume"],"picked":"Reaper","floor":16},{"not_picked":["Evolve","Combust","Clothesline"],"picked":"SKIP","floor":18},{"not_picked":["Sword Boomerang","Corruption+1","Wild Strike"],"picked":"SKIP","floor":19},{"not_picked":["Pummel","Flame Barrier","Perfected Strike"],"picked":"SKIP","floor":21},{"not_picked":["Whirlwind","True Grit"],"picked":"Body Slam+1","floor":24},{"not_picked":["Exhume","Disarm"],"picked":"True Grit","floor":25}],"player_experience":1827155,"relics_obtained":[{"floor":6.0,"key":"Anchor"},{"floor":7.0,"key":"Ornamental Fan"},{"floor":9.0,"key":"Bag of Marbles"},{"floor":10.0,"key":"Vajra"},{"floor":14.0,"key":"Darkstone Periapt"},{"floor":24,"key":"Mercury Hourglass"},{"floor":26,"key":"Pantograph"}],"event_choices":[{"damage_healed":0.0,"max_hp_gain":5.0,"max_hp_loss":0.0,"gold_gain":0.0,"event_name":"Big Fish","player_choice":"Donut","floor":2.0,"gold_loss":0.0,"damage_taken":0.0},{"damage_healed":0.0,"max_hp_gain":0.0,"max_hp_loss":0.0,"gold_gain":0.0,"event_name":"Golden Idol","player_choice":"Take Damage","floor":3.0,"gold_loss":0.0,"damage_taken":28.0,"relics_obtained":["Golden Idol"]},{"damage_healed":0.0,"max_hp_gain":0.0,"max_hp_loss":0.0,"gold_gain":0.0,"event_name":"Liars Game","player_choice":"Ignored","floor":4.0,"gold_loss":0.0,"damage_taken":0.0},{"damage_healed":0.0,"max_hp_gain":0.0,"max_hp_loss":0.0,"gold_gain":0.0,"event_name":"Match and Keep!","player_choice":"2 cards matched","floor":11.0,"gold_loss":0.0,"damage_taken":0.0,"cards_obtained":["Inflame","Dark Embrace"]},{"damage_healed":0.0,"max_hp_gain":0.0,"max_hp_loss":0.0,"gold_gain":0.0,"event_name":"Match and Keep!","player_choice":"2 cards matched","floor":11.0,"gold_loss":0.0,"damage_taken":0.0,"cards_obtained":["Inflame","Dark Embrace"]}],"is_beta":false,"boss_relics":[{"not_picked":["White Beast Statue","Black Blood"],"picked":"Philosopher\u0027s Stone"}],"items_purged_floors":[5,20,22],"is_endless":false,"potions_floor_spawned":[6,10,14,18,25],"killed_by":"Gremlin Leader","ascension_level":20}