{"gold_per_floor":[111,130,25,45,10,10,43,43,69,104,104,104,121,133,133,238,238,251,269,27,27,27,54,54,72,72,98,98,128,140,151,151,250,250,263,363,373,393,56,56,67,95,95,95,121,121,121,121,121,121],"floor_reached":50,"playtime":4318,"items_purged":["Writhe"],"score":668,"play_id":"d7050331-24a2-4c5f-921f-f513de3662b7","local_time":"20190729235812","is_ascension_mode":false,"campfire_choices":[{"data":"Crippling Poison","floor":6,"key":"SMITH"},{"floor":8,"key":"REST"},{"data":"Backstab","floor":12,"key":"SMITH"},{"data":"Bane","floor":15,"key":"SMITH"},{"data":"Bane","floor":24,"key":"SMITH"},{"data":"Die Die Die","floor":32,"key":"SMITH"},{"floor":40,"key":"REST"},{"data":"Storm of Steel","floor":46,"key":"SMITH"},{"data":"Neutralize","floor":49,"key":"SMITH"}],"neow_cost":"NONE","seed_source_timestamp":341940645147400,"circlet_count":0,"master_deck":["Strike_G","Strike_G","Strike_G","Strike_G","Defend_G","Defend_G","Defend_G","Defend_G","Defend_G","Survivor","Neutralize+1","Quick Slash","Dagger Throw","Poisoned Stab","Sucker Punch","Crippling Poison+1","Backstab+1","Poisoned Stab","Escape Plan","Dagger Spray","Bane+1","Die Die Die+1","Masterful Stab+1","Cloak And Dagger+1","Bane+1","Outmaneuver","Acrobatics+1","Backflip+1","Dagger Spray+1","Storm of Steel+1","Dagger Throw+1","Endless Agony+1","Poisoned Stab+1","Tactician","Skewer+1","Secret Weapon","Terror+1","Doubt"],"relics":["Ring of the Snake","PreservedInsect","Happy Flower","Question Card","Sozu","Bottled Lightning","Anchor","Blood Vial","Mango","Paper Crane","Gambling Chip","WristBlade","Pear","Gremlin Horn","Vajra","Snake Skull"],"potions_floor_usage":[16,33],"damage_taken":[{"damage":0,"enemies":"Small Slimes","floor":1,"turns":4},{"damage":0,"enemies":"Cultist","floor":2,"turns":4},{"damage":6,"enemies":"2 Louse","floor":4,"turns":3},{"damage":29,"enemies":"3 Sentries","floor":7,"turns":10},{"damage":11,"enemies":"Lagavulin","floor":10,"turns":4},{"damage":1,"enemies":"Blue Slaver","floor":13,"turns":3},{"damage":1,"enemies":"Large Slime","floor":14,"turns":3},{"damage":16,"enemies":"Slime Boss","floor":16,"turns":6},{"damage":5,"enemies":"2 Thieves","floor":18,"turns":3},{"damage":3,"enemies":"Shell Parasite","floor":19,"turns":3},{"damage":4,"enemies":"Slavers","floor":23,"turns":3},{"damage":2,"enemies":"Shelled Parasite and Fungi","floor":25,"turns":2},{"damage":2,"enemies":"Book of Stabbing","floor":27,"turns":3},{"damage":0,"enemies":"Gremlin Leader","floor":29,"turns":3},{"damage":0,"enemies":"Centurion and Healer","floor":30,"turns":3},{"damage":7,"enemies":"Snake Plant","floor":31,"turns":3},{"damage":56,"enemies":"Collector","floor":33,"turns":9},{"damage":9,"enemies":"3 Shapes","floor":35,"turns":3},{"damage":0,"enemies":"Orb Walker","floor":37,"turns":2},{"damage":49,"enemies":"Writhing Mass","floor":38,"turns":6},{"damage":0,"enemies":"Jaw Worm Horde","floor":41,"turns":3},{"damage":14,"enemies":"Reptomancer","floor":42,"turns":3},{"damage":0,"enemies":"Giant Head","floor":45,"turns":5},{"damage":107,"enemies":"Awakened One","floor":50,"turns":8}],"seed_played":"8243699229762933275","potions_obtained":[{"floor":2,"key":"LiquidBronze"},{"floor":16,"key":"GhostInAJar"}],"is_trial":false,"path_per_floor":["M","M","$","M","?","R","E","R","T","E","?","R","M","M","R","B",null,"M","M","$","?","?","E","R","M","T","E","?","E","M","M","R","B",null,"M","?","M","M","$","R","M","E","T","?","E","R","?","?","R","B"],"character_chosen":"THE_SILENT","items_purchased":["Poisoned Stab","Sucker Punch","Bottled Lightning","Pear"],"campfire_rested":2,"item_purchase_floors":[3,3,20,39],"current_hp_per_floor":[77,77,77,71,77,77,48,71,71,60,60,60,59,58,58,42,77,72,69,69,69,69,65,65,65,79,79,79,81,83,78,78,24,91,82,82,84,37,47,77,79,67,67,67,69,69,101,96,96,0],"gold":121,"neow_bonus":"TEN_PERCENT_HP_BONUS","is_prod":false,"is_daily":false,"chose_seed":false,"campfire_upgraded":7,"win_rate":0.0,"timestamp":1564462692,"path_taken":["M","M","$","M","?","R","E","R","T","E","?","R","?","?","R","BOSS","M","M","$","?","?","E","R","M","T","E","?","E","?","M","R","BOSS","M","?","?","M","$","R","M","E","T","?","E","R","?","?","R","BOSS"],"build_version":"2019-07-17","purchased_purges":1,"victory":false,"max_hp_per_floor":[77,77,77,77,77,77,77,77,77,77,77,77,77,77,77,77,77,77,77,77,77,77,77,77,77,91,91,91,91,91,91,91,91,91,91,91,91,91,101,101,101,101,101,101,101,101,101,96,96,96],"card_choices":[{"not_picked":["Dodge and Roll","Expertise"],"picked":"Quick Slash","floor":1},{"not_picked":["PiercingWail","Eviscerate"],"picked":"Dagger Throw","floor":2},{"not_picked":["Bouncing Flask","Dagger Throw"],"picked":"Crippling Poison","floor":4},{"not_picked":["Prepared","Footwork"],"picked":"Backstab","floor":7},{"not_picked":["Backflip","Dash"],"picked":"Poisoned Stab","floor":10},{"not_picked":["Dodge and Roll","Acrobatics","PiercingWail"],"picked":"Dagger Spray","floor":13},{"not_picked":["Blur","Flying Knee","Expertise"],"picked":"Bane","floor":14},{"not_picked":["Phantasmal Killer","Unload","Glass Knife"],"picked":"Die Die Die","floor":16},{"not_picked":["Distraction","Caltrops","Poisoned Stab"],"picked":"Masterful Stab+1","floor":18},{"not_picked":["Flying Knee","Deflect","All Out Attack"],"picked":"Cloak And Dagger+1","floor":19},{"not_picked":["Blade Dance","Acrobatics","Eviscerate+1"],"picked":"Bane","floor":23},{"not_picked":["Eviscerate","Distraction","Phantasmal Killer"],"picked":"Outmaneuver","floor":25},{"not_picked":["Underhanded Strike","Heel Hook","Leg Sweep+1"],"picked":"Acrobatics+1","floor":27},{"not_picked":["Unload","Sucker Punch","Dagger Throw"],"picked":"Backflip+1","floor":29},{"not_picked":["PiercingWail","Sucker Punch","Blade Dance","After Image"],"picked":"SKIP","floor":30},{"not_picked":["Poisoned Stab","Infinite Blades","Calculated Gamble"],"picked":"Dagger Spray+1","floor":31},{"not_picked":["Die Die Die","Wraith Form v2","Doppelganger"],"picked":"Storm of Steel","floor":33},{"not_picked":["Predator","Riddle With Holes","Eviscerate+1"],"picked":"Dagger Throw+1","floor":35},{"not_picked":["PiercingWail+1","Skewer","Footwork+1"],"picked":"Endless Agony+1","floor":37},{"not_picked":["Endless Agony","Backflip","Quick Slash+1"],"picked":"Poisoned Stab+1","floor":38},{"not_picked":["Prepared+1","Dash","Glass Knife"],"picked":"Tactician","floor":41},{"not_picked":["Dagger Throw+1","PiercingWail+1","Heel Hook+1"],"picked":"Skewer+1","floor":42},{"not_picked":["Deep Breath","Good Instincts","Sadistic Nature"],"picked":"Secret Weapon","floor":44},{"not_picked":["Bane","Sucker Punch+1","Finisher"],"picked":"Terror+1","floor":45}],"player_experience":180732,"relics_obtained":[{"floor":7,"key":"PreservedInsect"},{"floor":9,"key":"Happy Flower"},{"floor":10,"key":"Question Card"},{"floor":23,"key":"Blood Vial"},{"floor":26,"key":"Mango"},{"floor":27,"key":"Paper Crane"},{"floor":29,"key":"Gambling Chip"},{"floor":42,"key":"Gremlin Horn"},{"floor":43,"key":"Vajra"},{"floor":45,"key":"Snake Skull"}],"event_choices":[{"damage_healed":19,"gold_gain":0,"player_choice":"Healed","damage_taken":0,"max_hp_gain":0,"max_hp_loss":0,"event_name":"The Cleric","floor":5,"gold_loss":35},{"damage_healed":0,"gold_gain":0,"cards_transformed":["Strike_G"],"player_choice":"Transformed","damage_taken":0,"max_hp_gain":0,"max_hp_loss":0,"event_name":"Transmorgrifier","floor":11,"gold_loss":0,"cards_obtained":["Escape Plan"]},{"damage_healed":0,"gold_gain":0,"player_choice":"Opened","damage_taken":0,"relics_obtained":["Anchor"],"max_hp_gain":0,"max_hp_loss":0,"event_name":"The Mausoleum","floor":21,"gold_loss":0,"cards_obtained":["Writhe"]},{"damage_healed":0,"gold_gain":0,"player_choice":"Ignored","damage_taken":0,"max_hp_gain":0,"max_hp_loss":0,"event_name":"Vampires","floor":22,"gold_loss":0},{"damage_healed":0,"gold_gain":0,"player_choice":"Ignored","damage_taken":0,"max_hp_gain":0,"max_hp_loss":0,"event_name":"Ghosts","floor":28,"gold_loss":0},{"damage_healed":0,"gold_gain":100,"player_choice":"Pray","damage_taken":0,"max_hp_gain":0,"max_hp_loss":0,"event_name":"Golden Shrine","floor":36,"gold_loss":0},{"damage_healed":0,"gold_gain":0,"player_choice":"Memory 1","damage_taken":0,"max_hp_gain":0,"max_hp_loss":0,"event_name":"SensoryStone","floor":44,"gold_loss":0},{"damage_healed":32,"gold_gain":0,"player_choice":"Heal","damage_taken":0,"max_hp_gain":0,"max_hp_loss":0,"event_name":"MindBloom","floor":47,"gold_loss":0,"cards_obtained":["Doubt"]},{"damage_healed":0,"gold_gain":0,"player_choice":"Max HP","damage_taken":0,"max_hp_gain":0,"max_hp_loss":5,"event_name":"Winding Halls","floor":48,"gold_loss":0}],"is_beta":false,"boss_relics":[{"not_picked":["Snecko Eye","HoveringKite"],"picked":"Sozu"},{"not_picked":["Velvet Choker","Fusion Hammer"],"picked":"WristBlade"}],"items_purged_floors":[39],"is_endless":false,"potions_floor_spawned":[2,16,18,19,25,27,33,38,42],"killed_by":"Awakened One","ascension_level":0}