{"gold_per_floor":[115,40,50,50,50,50,13,13,40,40,72,90,125,200,200,200],"floor_reached":16,"playtime":226,"items_purged":[],"score":262,"play_id":"aa7268a0-c716-4576-9672-7f213153f1d9","local_time":"20190604210556","is_ascension_mode":true,"campfire_choices":[{"data":"Neutralize","floor":6,"key":"SMITH"},{"data":"Masterful Stab","floor":10,"key":"SMITH"},{"data":"Flechettes","floor":15,"key":"SMITH"}],"neow_cost":"NONE","seed_source_timestamp":193519925857187,"circlet_count":0,"master_deck":["AscendersBane","Defend_G","Defend_G","Defend_G","Defend_G","Defend_G","Strike_G","Strike_G","Strike_G","Strike_G","Survivor","Neutralize+1","Masterful Stab+1","Endless Agony","Flechettes+1"],"relics":["Ring of the Snake","NeowsBlessing","Anchor","Boot"],"potions_floor_usage":[],"damage_taken":[{"damage":0,"enemies":"2 Louse","floor":1,"turns":1},{"damage":0,"enemies":"Small Slimes","floor":3,"turns":1},{"damage":0,"enemies":"Gremlin Nob","floor":11,"turns":1},{"damage":0,"enemies":"Cultist","floor":12,"turns":3},{"damage":33,"enemies":"Lagavulin","floor":13,"turns":8},{"damage":0,"enemies":"Slime Boss","floor":16,"turns":3}],"seed_played":"284619825029028913","potions_obtained":[{"floor":1,"key":"Fire Potion"}],"is_trial":false,"path_per_floor":["M","?","M","$","?","R","$","?","T","R","E","M","E","?","R","B"],"character_chosen":"THE_SILENT","items_purchased":["Endless Agony"],"campfire_rested":0,"item_purchase_floors":[7],"current_hp_per_floor":[59,59,59,59,59,59,59,66,66,66,66,66,33,22,22,22],"gold":200,"neow_bonus":"THREE_ENEMY_KILL","is_prod":false,"is_daily":false,"chose_seed":false,"campfire_upgraded":3,"win_rate":0,"timestamp":1559653556,"path_taken":["M","?","M","$","?","R","$","?","T","R","E","?","E","?","R","BOSS"],"build_version":"2019-01-23","purchased_purges":0,"victory":false,"max_hp_per_floor":[66,66,66,66,66,66,66,66,66,66,66,66,66,66,66,66],"card_choices":[{"not_picked":["Skewer","Poisoned Stab"],"picked":"Masterful Stab","floor":1},{"not_picked":["Deadly Poison","Poisoned Stab","Prepared"],"picked":"SKIP","floor":3},{"not_picked":["Backflip","Dagger Throw","Dagger Spray"],"picked":"SKIP","floor":11},{"not_picked":["Quick Slash","Bouncing Flask"],"picked":"Flechettes","floor":12},{"not_picked":["Dagger Throw","Crippling Poison","Burst"],"picked":"SKIP","floor":13}],"player_experience":1871120,"relics_obtained":[{"floor":9,"key":"Anchor"},{"floor":13,"key":"Boot"}],"event_choices":[{"cards_removed":["Strike_G"],"damage_healed":0,"gold_gain":0,"player_choice":"Card Removal","damage_taken":0,"max_hp_gain":0,"max_hp_loss":0,"event_name":"The Cleric","floor":2,"gold_loss":75},{"damage_healed":0,"gold_gain":0,"player_choice":"Ignored","damage_taken":0,"max_hp_gain":0,"max_hp_loss":0,"event_name":"Liars Game","floor":5,"gold_loss":0},{"damage_healed":7,"gold_gain":0,"player_choice":"Full Heal","damage_taken":0,"max_hp_gain":0,"max_hp_loss":0,"event_name":"Wheel of Change","floor":8,"gold_loss":0},{"damage_healed":0,"gold_gain":75,"player_choice":"Gather Gold","damage_taken":11,"max_hp_gain":0,"max_hp_loss":0,"event_name":"World of Goop","floor":14,"gold_loss":0}],"is_beta":false,"boss_relics":[],"items_purged_floors":[],"is_endless":false,"potions_floor_spawned":[1],"killed_by":"Slime Boss","ascension_level":20}