{"gold_per_floor":[110,123,139,151,161,161,161,161,185,185,209,209,11,45,45,45],"floor_reached":16,"playtime":291,"items_purged":[],"score":200,"play_id":"efa9caad-7ea2-495a-928d-696dc63f719a","local_time":"20190523172931","is_ascension_mode":true,"campfire_choices":[{"data":"Zap","floor":6.0,"key":"SMITH"},{"data":"Blizzard","floor":8,"key":"SMITH"},{"data":"Dualcast","floor":12,"key":"SMITH"},{"data":"Apotheosis","floor":15,"key":"SMITH"}],"neow_cost":"NONE","seed_source_timestamp":1131569767952337,"circlet_count":0,"master_deck":["AscendersBane","Strike_B","Strike_B","Strike_B","Strike_B","Defend_B","Defend_B","Defend_B","Defend_B","Zap+1","Dualcast+1","Blizzard+1","White Noise","Heatsinks","Cold Snap","Glacier","Apotheosis+1","Sunder"],"special_seed":0,"relics":["Cracked Core","NeowsBlessing","Bag of Preparation","PreservedInsect","Blood Vial","Oddly Smooth Stone"],"potions_floor_usage":[],"damage_taken":[{"damage":0.0,"enemies":"Cultist","floor":1.0,"turns":1.0},{"damage":0.0,"enemies":"Jaw Worm","floor":2.0,"turns":1.0},{"damage":0.0,"enemies":"Small Slimes","floor":3.0,"turns":1.0},{"damage":17.0,"enemies":"Blue Slaver","floor":4.0,"turns":7.0},{"damage":13.0,"enemies":"Exordium Thugs","floor":5.0,"turns":5.0},{"damage":4,"enemies":"Lagavulin","floor":14,"turns":6},{"damage":0,"enemies":"Hexaghost","floor":16,"turns":9}],"seed_played":"-7687411062776400811","potions_obtained":[{"floor":1.0,"key":"FearPotion"},{"floor":4.0,"key":"Energy Potion"},{"floor":5.0,"key":"Fire Potion"}],"is_trial":false,"path_per_floor":["M","M","M","M","M","R","?","R","T","?","T","R","$","E","R","B"],"character_chosen":"DEFECT","items_purchased":["Apotheosis"],"campfire_rested":0,"item_purchase_floors":[13],"current_hp_per_floor":[64,64,64,47,34,34,34,34,34,23,23,23,23,21,21,23],"gold":45,"neow_bonus":"THREE_ENEMY_KILL","is_prod":false,"is_daily":false,"chose_seed":false,"campfire_upgraded":4,"win_rate":0,"timestamp":1558603771,"path_taken":["M","M","?","M","M","R","?","R","T","?","?","R","$","E","R","BOSS"],"build_version":"2019-01-23","purchased_purges":0,"victory":false,"max_hp_per_floor":[71,71,71,71,71,71,71,71,71,71,71,71,71,71,71,71],"card_choices":[{"not_picked":["Aggregate","Stack"],"picked":"Blizzard","floor":1.0},{"not_picked":["FTL","Hello World"],"picked":"White Noise","floor":2.0},{"not_picked":["Gash","Go for the Eyes"],"picked":"Heatsinks","floor":3.0},{"not_picked":["Steam Power","Doom and Gloom"],"picked":"Cold Snap","floor":4.0},{"not_picked":["Conserve Battery","Turbo"],"picked":"Glacier","floor":5.0},{"not_picked":["Lockon","Barrage"],"picked":"Sunder","floor":14}],"player_experience":1747151,"relics_obtained":[{"floor":9,"key":"Bag of Preparation"},{"floor":11,"key":"Blood Vial"},{"floor":14,"key":"Oddly Smooth Stone"}],"event_choices":[{"damage_healed":0,"gold_gain":0,"player_choice":"Searched \u00270\u0027 times","damage_taken":0,"max_hp_gain":0,"max_hp_loss":0,"event_name":"Dead Adventurer","floor":7,"gold_loss":0},{"damage_healed":0,"gold_gain":0,"player_choice":"Success","damage_taken":11,"relics_obtained":["PreservedInsect"],"max_hp_gain":0,"max_hp_loss":0,"event_name":"Scrap Ooze","floor":10,"gold_loss":0}],"is_beta":false,"boss_relics":[],"items_purged_floors":[],"is_endless":false,"potions_floor_spawned":[1,4,5],"killed_by":"Hexaghost","ascension_level":20}