{"gold_per_floor":[116,191,191,191,191,225,225,242,289,2,58,58,71,84,84,84],"floor_reached":16,"playtime":243,"items_purged":["Strike_B"],"score":266,"play_id":"85c195f8-eb66-4bd3-ad60-087864484413","local_time":"20190625112450","is_ascension_mode":true,"campfire_choices":[{"data":"Zap","floor":7,"key":"SMITH"},{"data":"Recycle","floor":12,"key":"SMITH"},{"data":"Dualcast","floor":15,"key":"SMITH"}],"neow_cost":"NONE","seed_source_timestamp":182649353164,"circlet_count":0,"master_deck":["AscendersBane","Strike_B","Strike_B","Defend_B","Defend_B","Defend_B","Defend_B","Zap+1","Dualcast+1","Ball Lightning","Recycle+1","Cold Snap","Turbo","Impatience","Wraith Form v2"],"relics":["Cracked Core","NeowsBlessing","Meat on the Bone","Turnip","PrismaticShard","Tiny Chest"],"potions_floor_usage":[11,11],"damage_taken":[{"damage":0,"enemies":"Small Slimes","floor":1,"turns":1},{"damage":0,"enemies":"3 Sentries","floor":6,"turns":1},{"damage":0,"enemies":"Jaw Worm","floor":8,"turns":1},{"damage":38,"enemies":"Gremlin Nob","floor":11,"turns":4},{"damage":0,"enemies":"2 Louse","floor":13,"turns":2},{"damage":10,"enemies":"2 Fungi Beasts","floor":14,"turns":2},{"damage":45,"enemies":"Hexaghost","floor":16,"turns":9}],"seed_played":"3205382808432563915","potions_obtained":[{"floor":1,"key":"SneckoOil"},{"floor":8,"key":"Regen Potion"},{"floor":11,"key":"Dexterity Potion"}],"is_trial":false,"path_per_floor":["M","?","?","?","?","E","R","M","T","$","E","R","M","M","R","B"],"character_chosen":"DEFECT","items_purchased":["PrismaticShard"],"campfire_rested":0,"item_purchase_floors":[10],"current_hp_per_floor":[64,53,53,53,42,42,42,42,42,42,28,28,40,42,42,0],"gold":84,"neow_bonus":"THREE_ENEMY_KILL","is_prod":false,"is_daily":false,"chose_seed":false,"campfire_upgraded":3,"win_rate":0,"timestamp":1561433090,"path_taken":["M","?","?","?","?","E","R","M","T","$","E","R","M","M","R","BOSS"],"build_version":"2019-01-23","purchased_purges":1,"victory":false,"max_hp_per_floor":[71,71,71,71,71,71,71,71,71,71,71,71,71,71,71,71],"card_choices":[{"not_picked":["Capacitor","Loop"],"picked":"Ball Lightning","floor":1},{"not_picked":["Compile Driver","Auto Shields"],"picked":"Cold Snap","floor":6},{"not_picked":["Rip and Tear","Cold Snap"],"picked":"Turbo","floor":8},{"not_picked":["Cleave","Perfected Strike","Headbutt"],"picked":"SKIP","floor":11},{"not_picked":["Clothesline","Auto Shields"],"picked":"Impatience","floor":13},{"not_picked":["Warcry","Sucker Punch"],"picked":"Wraith Form v2","floor":14}],"player_experience":1994536,"relics_obtained":[{"floor":6,"key":"Turnip"},{"floor":11,"key":"Tiny Chest"}],"event_choices":[{"damage_healed":0,"gold_gain":75,"player_choice":"Gather Gold","damage_taken":11,"max_hp_gain":0,"max_hp_loss":0,"event_name":"World of Goop","floor":2,"gold_loss":0},{"damage_healed":0,"gold_gain":0,"cards_transformed":["Strike_B"],"player_choice":"Change","damage_taken":0,"max_hp_gain":0,"max_hp_loss":0,"event_name":"Living Wall","floor":3,"gold_loss":0,"cards_obtained":["Recycle"]},{"damage_healed":0,"gold_gain":0,"player_choice":"Ignored","damage_taken":0,"max_hp_gain":0,"max_hp_loss":0,"event_name":"Liars Game","floor":4,"gold_loss":0},{"damage_healed":0,"gold_gain":0,"player_choice":"Success","damage_taken":11,"relics_obtained":["Meat on the Bone"],"max_hp_gain":0,"max_hp_loss":0,"event_name":"Scrap Ooze","floor":5,"gold_loss":0}],"is_beta":false,"boss_relics":[],"items_purged_floors":[10],"is_endless":false,"potions_floor_spawned":[1,8,11],"killed_by":"Hexaghost","ascension_level":20}