{"gold_per_floor":[117,131,142,158,158,158,185,198,198,223,223,233,233,263,263,365,365,378,396,396,8,8,8,35,35,35,54,54,54,54,64,64,64],"floor_reached":33,"playtime":2979,"items_purged":[],"score":304,"play_id":"250e2d4a-fe0d-402e-8e79-f35bda7cb78f","local_time":"20190705042512","is_ascension_mode":false,"campfire_choices":[{"data":"Uppercut","floor":6,"key":"SMITH"},{"floor":11,"key":"REST"},{"data":"Anger","floor":15,"key":"SMITH"},{"floor":23,"key":"REST"},{"floor":25,"key":"REST"},{"floor":29,"key":"REST"},{"floor":32,"key":"REST"}],"neow_cost":"NONE","seed_source_timestamp":1302002176896700,"circlet_count":0,"master_deck":["Strike_R","Strike_R","Defend_R","Defend_R","Defend_R","Defend_R","Bash","Thunderclap","Shrug It Off","Thunderclap","Uppercut+1","Thunderclap","Anger+1","Sword Boomerang","Body Slam","Flex","Juggernaut","Heavy Blade","Anger+1","Dramatic Entrance","Hemokinesis","Uppercut","Wild Strike+1","Power Through+1","Feed","Intimidate"],"relics":["Burning Blood","Thread and Needle","Kunai","Sundial","Empty Cage","Anchor","Blood Vial","Pear"],"potions_floor_usage":[10,16,16,22,24,30],"damage_taken":[{"damage":0,"enemies":"Small Slimes","floor":1,"turns":3},{"damage":3,"enemies":"2 Louse","floor":2,"turns":3},{"damage":0,"enemies":"Cultist","floor":3,"turns":3},{"damage":8,"enemies":"Red Slaver","floor":4,"turns":6},{"damage":38,"enemies":"3 Sentries","floor":7,"turns":10},{"damage":0,"enemies":"Looter","floor":8,"turns":3},{"damage":6,"enemies":"Gremlin Nob","floor":10,"turns":4},{"damage":0,"enemies":"Blue Slaver","floor":12,"turns":4},{"damage":36,"enemies":"Hexaghost","floor":16,"turns":9},{"damage":28,"enemies":"Spheric Guardian","floor":18,"turns":7},{"damage":10,"enemies":"3 Byrds","floor":19,"turns":7},{"damage":0,"enemies":"Centurion and Healer","floor":22,"turns":1},{"damage":78,"enemies":"Gremlin Leader","floor":24,"turns":6},{"damage":17,"enemies":"Snecko","floor":27,"turns":5},{"damage":0,"enemies":"Cultist and Chosen","floor":30,"turns":1},{"damage":11,"enemies":"Snake Plant","floor":31,"turns":5},{"damage":95,"enemies":"Collector","floor":33,"turns":6}],"seed_played":"4119591406216415356","potions_obtained":[{"floor":2,"key":"FearPotion"},{"floor":3,"key":"EntropicBrew"},{"floor":7,"key":"FearPotion"},{"floor":8,"key":"Explosive Potion"},{"floor":10,"key":"Ancient Potion"},{"floor":12,"key":"SmokeBomb"},{"floor":18,"key":"SteroidPotion"},{"floor":19,"key":"SmokeBomb"}],"is_trial":false,"path_per_floor":["M","M","M","M","?","R","E","M","T","E","R","M","?","?","R","B",null,"M","M","?","$","M","R","E","R","T","M","?","R","M","M","R","B"],"character_chosen":"IRONCLAD","items_purchased":["Anchor","Dramatic Entrance","Hemokinesis","Uppercut"],"campfire_rested":5,"item_purchase_floors":[21,21,21,21],"current_hp_per_floor":[80,80,80,78,78,78,46,52,52,52,76,80,85,85,85,55,85,63,59,59,59,65,85,13,38,48,39,39,67,75,72,95,0],"gold":64,"neow_bonus":"THREE_CARDS","is_prod":false,"is_daily":false,"chose_seed":false,"campfire_upgraded":2,"win_rate":0.0,"timestamp":1562318712,"path_taken":["M","M","M","M","?","R","E","M","T","E","R","M","?","?","R","BOSS","M","M","?","$","M","R","E","R","T","M","?","R","?","M","R","BOSS"],"build_version":"2019-07-01","purchased_purges":0,"victory":false,"max_hp_per_floor":[80,80,80,80,80,80,80,80,80,80,80,80,85,85,85,85,85,85,85,85,85,85,85,85,85,95,95,95,95,95,95,95,95],"card_choices":[{"not_picked":["Corruption","Wild Strike"],"picked":"Thunderclap","floor":0},{"not_picked":["Wild Strike","Clothesline"],"picked":"Shrug It Off","floor":1},{"not_picked":["Clash","Warcry"],"picked":"Thunderclap","floor":2},{"not_picked":["Sword Boomerang","Body Slam"],"picked":"Uppercut","floor":3},{"not_picked":["Rupture","Reckless Charge"],"picked":"Thunderclap","floor":4},{"not_picked":["Feed","Headbutt"],"picked":"Anger","floor":7},{"not_picked":["True Grit","Pommel Strike"],"picked":"Sword Boomerang","floor":8},{"not_picked":["Demon Form","Rupture"],"picked":"Body Slam","floor":10},{"not_picked":["Armaments","Evolve"],"picked":"Flex","floor":12},{"not_picked":["Fiend Fire","Dark Embrace"],"picked":"Juggernaut","floor":16},{"not_picked":["Shrug It Off","Iron Wave"],"picked":"Heavy Blade","floor":18},{"not_picked":["Flex","Pommel Strike"],"picked":"Anger+1","floor":19},{"not_picked":["Entrench+1","Uppercut"],"picked":"Wild Strike+1","floor":24},{"not_picked":["Body Slam+1","True Grit"],"picked":"Power Through+1","floor":27},{"not_picked":["Shockwave","Clothesline"],"picked":"Intimidate","floor":31}],"player_experience":21814,"relics_obtained":[{"floor":7,"key":"Thread and Needle"},{"floor":9,"key":"Kunai"},{"floor":10,"key":"Sundial"},{"floor":24,"key":"Blood Vial"},{"floor":26,"key":"Pear"}],"event_choices":[{"damage_healed":0,"gold_gain":0,"player_choice":"Ignored","damage_taken":0,"max_hp_gain":0,"max_hp_loss":0,"event_name":"Liars Game","floor":5,"gold_loss":0},{"damage_healed":0,"gold_gain":0,"player_choice":"Donut","damage_taken":0,"max_hp_gain":5,"max_hp_loss":0,"event_name":"Big Fish","floor":13,"gold_loss":0},{"damage_healed":0,"gold_gain":30,"player_choice":"Searched \u00272\u0027 times","damage_taken":0,"max_hp_gain":0,"max_hp_loss":0,"event_name":"Dead Adventurer","floor":14,"gold_loss":0},{"damage_healed":0,"gold_gain":0,"player_choice":"Ignored","damage_taken":0,"max_hp_gain":0,"max_hp_loss":0,"event_name":"Beggar","floor":20,"gold_loss":0},{"damage_healed":0,"gold_gain":0,"cards_transformed":["Strike_R"],"player_choice":"Transformed","damage_taken":0,"max_hp_gain":0,"max_hp_loss":0,"event_name":"Transmorgrifier","floor":28,"gold_loss":0,"cards_obtained":["Feed"]}],"is_beta":false,"boss_relics":[{"not_picked":["Velvet Choker","Busted Crown"],"picked":"Empty Cage"}],"items_purged_floors":[],"is_endless":false,"potions_floor_spawned":[2,3,7,8,10,12,18,19,30],"killed_by":"Collector","ascension_level":0}