{"gold_per_floor":[360,380,380,393,393,7,24,24,47,77,2,30,5,37,37,137,137,157,10,10,22,22,49,59,85,85,85,113,28,28,40,40,144,144,158,176,196,45,57,89,89,120,208,220,261,287,328,353,365,377],"floor_reached":50,"playtime":4493,"items_purged":["Strike_B","Injury","Strike_B"],"score":937,"play_id":"56e7027a-98da-483e-9de1-272016277f7f","local_time":"20180724015600","is_ascension_mode":true,"campfire_choices":[{"data":"Zap","floor":8,"key":"SMITH"},{"data":"Dualcast","floor":15,"key":"SMITH"},{"data":"Hologram","floor":27,"key":"SMITH"},{"data":"Recycle","floor":32,"key":"SMITH"},{"data":"Seek","floor":41,"key":"SMITH"},{"data":"Self Repair","floor":44,"key":"SMITH"},{"data":"Coolheaded","floor":49,"key":"SMITH"}],"neow_cost":"CURSE","seed_source_timestamp":209450150294575,"circlet_count":0,"master_deck":["Strike_B+1","Defend_B","Defend_B+1","Defend_B","Defend_B","Zap+1","Dualcast+1","Coolheaded+1","Leap","Rebound","Coolheaded","Leap","Sunder","Glacier","All For One","Gash","Leap","Self Repair+1","Seek+1","Blizzard+1","Hologram+1","Go for the Eyes+1","Electrodynamics","Go for the Eyes+1","Beam Cell+1","Recycle+1","White Noise+1","Amplify","Gash","Reprogram+1","Hologram+1","Steam","Hologram+1","Coolheaded+1","Meteor Strike","Chaos+1","Auto Shields+1","Loop+1","Redo+1"],"relics":["Cracked Core","Shuriken","Juzu Bracelet","Potion Belt","Bag of Marbles","Dodecahedron","Coffee Dripper","Pantograph","Cables","Lantern","Ice Cream","Letter Opener","Mummified Hand","Black Star","Pear","Symbiotic Virus","Omamori","MawBank","Toxic Egg 2","Regal Pillow","Dream Catcher","Darkstone Periapt","Smiling Mask"],"potions_floor_usage":[10,16,21,25,28,28,28,33,33,37,40,50,50,50],"damage_taken":[{"damage":0,"enemies":"2 Louse","floor":1,"turns":2},{"damage":0,"enemies":"Cultist","floor":2,"turns":4},{"damage":0,"enemies":"Small Slimes","floor":4,"turns":4},{"damage":1,"enemies":"Red Slaver","floor":7,"turns":4},{"damage":12,"enemies":"Gremlin Nob","floor":10,"turns":5},{"damage":9,"enemies":"3 Sentries","floor":12,"turns":8},{"damage":18,"enemies":"Gremlin Nob","floor":14,"turns":3},{"damage":4,"enemies":"Slime Boss","floor":16,"turns":9},{"damage":9,"enemies":"3 Byrds","floor":18,"turns":5},{"damage":0,"enemies":"Spheric Guardian","floor":21,"turns":6},{"damage":1,"enemies":"Slavers","floor":23,"turns":7},{"damage":23,"enemies":"Snake Plant","floor":24,"turns":4},{"damage":5,"enemies":"Book of Stabbing","floor":25,"turns":7},{"damage":0,"enemies":"Gremlin Leader","floor":28,"turns":4},{"damage":0,"enemies":"Snecko","floor":31,"turns":5},{"damage":49,"enemies":"Champ","floor":33,"turns":13},{"damage":9,"enemies":"Orb Walker","floor":35,"turns":2},{"damage":20,"enemies":"3 Darklings","floor":36,"turns":2},{"damage":14,"enemies":"Spire Growth","floor":37,"turns":5},{"damage":0,"enemies":"4 Shapes","floor":39,"turns":2},{"damage":6,"enemies":"Nemesis","floor":40,"turns":11},{"damage":27,"enemies":"2 Orb Walkers","floor":42,"turns":3},{"damage":28,"enemies":"Nemesis","floor":45,"turns":7},{"damage":0,"enemies":"Maw","floor":46,"turns":4},{"damage":53,"enemies":"Giant Head","floor":47,"turns":8},{"damage":12,"enemies":"3 Darklings","floor":48,"turns":5},{"damage":55,"enemies":"Time Eater","floor":50,"turns":5}],"seed_played":"8979366603088282725","potions_obtained":[{"floor":2,"key":"FairyPotion"},{"floor":3,"key":"EssenceOfSteel"},{"floor":3,"key":"Fire Potion"},{"floor":14,"key":"Block Potion"},{"floor":16,"key":"Swift Potion"},{"floor":21,"key":"EntropicBrew"},{"floor":28,"key":"Weak Potion"},{"floor":31,"key":"LiquidBronze"},{"floor":37,"key":"Dexterity Potion"},{"floor":42,"key":"Strength Potion"},{"floor":45,"key":"FearPotion"},{"floor":47,"key":"Weak Potion"},{"floor":48,"key":"Ancient Potion"}],"is_trial":false,"path_per_floor":["M","M","?","M","?","$","M","R","T","E","$","E","$","E","R","B",null,"M","$","?","M","T","E","M","E","T","R","E","?","?","M","R","B",null,"M","M","M","$","M","E","R","E","T","R","E","M","E","M","R"],"character_chosen":"DEFECT","items_purchased":["Shuriken","Coolheaded","Leap","Sunder","Leap","Hologram","Steam"],"campfire_rested":0,"item_purchase_floors":[6,6,6,6,13,19,38],"current_hp_per_floor":[68,68,68,68,53,53,52,52,52,40,40,31,31,13,13,16,60,58,58,58,65,65,71,48,50,50,50,57,57,43,50,50,33,68,59,39,39,39,46,64,64,51,51,51,43,53,19,27,27,0],"gold":377,"neow_bonus":"TWO_FIFTY_GOLD","is_prod":false,"is_daily":false,"chose_seed":false,"campfire_upgraded":7,"win_rate":0,"timestamp":1532411760,"path_taken":["M","M","?","M","?","$","M","R","T","E","$","E","$","E","R","BOSS","M","$","?","M","?","E","M","E","T","R","E","?","?","M","R","BOSS","M","M","M","$","M","E","R","E","T","R","E","M","E","M","R","BOSS"],"build_version":"2018-07-19v2","purchased_purges":3,"victory":false,"max_hp_per_floor":[75,75,75,75,75,75,75,75,75,75,75,75,75,75,75,75,75,75,75,75,75,75,75,75,75,75,75,75,75,80,80,80,80,80,80,80,80,80,80,90,90,90,90,90,90,90,90,90,90,90],"card_choices":[{"not_picked":["Gash","FTL"],"picked":"Coolheaded","floor":1},{"not_picked":["Barrage","Turbo"],"picked":"Leap","floor":2},{"not_picked":["Stack","Steam"],"picked":"Rebound","floor":4},{"not_picked":["Beam Cell","Steam"],"picked":"Glacier","floor":7},{"not_picked":["Stack","Chill"],"picked":"All For One","floor":10},{"not_picked":["Turbo","Redo"],"picked":"Gash","floor":12},{"not_picked":["Glacier","Aggregate"],"picked":"Self Repair","floor":14},{"not_picked":["Creative AI","Meteor Strike"],"picked":"Seek","floor":16},{"not_picked":["Lockon","Sweeping Beam"],"picked":"Blizzard+1","floor":18},{"not_picked":["Compile Driver","Heatsinks+1"],"picked":"Go for the Eyes+1","floor":21},{"not_picked":["Coolheaded+1","Ball Lightning"],"picked":"Electrodynamics","floor":23},{"not_picked":["Rebound+1","Static Discharge"],"picked":"Go for the Eyes+1","floor":24},{"not_picked":["Compile Driver","Electrodynamics"],"picked":"Beam Cell+1","floor":25},{"not_picked":["Stack","Sweeping Beam+1"],"picked":"Recycle","floor":28},{"not_picked":["Sweeping Beam","Cold Snap+1"],"picked":"White Noise+1","floor":31},{"not_picked":["Thunder Strike","Electrodynamics"],"picked":"Amplify","floor":33},{"not_picked":["FTL+1","Storm+1"],"picked":"Gash","floor":35},{"not_picked":["Steam Power","Fusion"],"picked":"Reprogram+1","floor":36},{"not_picked":["Beam Cell","Cold Snap+1"],"picked":"Hologram+1","floor":37},{"not_picked":["Conserve Battery+1","Coolheaded+1"],"picked":"Hologram+1","floor":39},{"not_picked":["Rebound+1","Reinforced Body+1"],"picked":"Coolheaded+1","floor":40},{"not_picked":["Ball Lightning+1","White Noise+1"],"picked":"Meteor Strike","floor":42},{"not_picked":["Streamline","Fusion+1"],"picked":"Chaos+1","floor":45},{"not_picked":["Heatsinks+1","Ball Lightning"],"picked":"Auto Shields+1","floor":46},{"not_picked":["Barrage+1","Streamline+1"],"picked":"Loop+1","floor":47},{"not_picked":["Compile Driver+1","Sweeping Beam"],"picked":"Redo+1","floor":48}],"player_experience":278908,"relics_obtained":[{"floor":9,"key":"Juzu Bracelet"},{"floor":10,"key":"Potion Belt"},{"floor":12,"key":"Bag of Marbles"},{"floor":14,"key":"Dodecahedron"},{"floor":22,"key":"Pantograph"},{"floor":23,"key":"Cables"},{"floor":25,"key":"Lantern"},{"floor":26,"key":"Ice Cream"},{"floor":28,"key":"Letter Opener"},{"floor":40,"key":"Pear"},{"floor":40,"key":"Symbiotic Virus"},{"floor":42,"key":"Omamori"},{"floor":42,"key":"MawBank"},{"floor":43,"key":"Toxic Egg 2"},{"floor":45,"key":"Regal Pillow"},{"floor":45,"key":"Dream Catcher"},{"floor":47,"key":"Darkstone Periapt"},{"floor":47,"key":"Smiling Mask"}],"event_choices":[{"event_name":"The Lab","player_choice":"Got Potions","floor":3,"damage_taken":0},{"event_name":"Shining Light","player_choice":"Entered Light","floor":5,"damage_taken":0},{"event_name":"Back to Basics","player_choice":"Elegance","floor":20,"damage_taken":0},{"event_name":"Addict","player_choice":"Obtained Relic","floor":29,"damage_taken":0},{"event_name":"Forgotten Altar","player_choice":"Shed Blood","floor":30,"damage_taken":0}],"is_beta":false,"boss_relics":[{"not_picked":["Velvet Choker","Tiny House"],"picked":"Coffee Dripper"},{"not_picked":["Inserter","Nuclear Battery"],"picked":"Black Star"}],"items_purged_floors":[11,19,38],"is_endless":false,"potions_floor_spawned":[2,14,16,21,28,31,37,42,45,47,48],"killed_by":"Time Eater","ascension_level":6}