{"gold_per_floor":[119,119,42,42,66,99,99,118,118,134,134,84,97,116,116,210,210,231,249,249,273,223,554,554,569,569,569,383,409,39,75,75,171,171,187,200,220,243,243,277,277,302,302,317,317,650,750,262,262,262,262,262,262,39,69,69],"floor_reached":57,"playtime":2481,"items_purged":["Strike_R","Sever Soul+1","Bash","Strike_R","Whirlwind+1","Defend_R"],"score":2819,"play_id":"070ac878-376b-4745-b92d-d34f36bbe36f","local_time":"20190528162107","is_ascension_mode":true,"campfire_choices":[{"data":"Whirlwind","floor":7.0,"key":"SMITH"},{"data":"Armaments","floor":11.0,"key":"SMITH"},{"data":"Feel No Pain","floor":15.0,"key":"SMITH"},{"data":"Juggernaut","floor":24,"key":"SMITH"},{"data":"Burning Pact","floor":32,"key":"SMITH"},{"data":"Dark Embrace","floor":41,"key":"SMITH"},{"floor":45,"key":"RECALL"},{"data":"Feel No Pain","floor":49,"key":"SMITH"},{"data":"Juggernaut","floor":53,"key":"SMITH"}],"neow_cost":"NONE","seed_source_timestamp":249509752356527,"circlet_count":0,"master_deck":["AscendersBane","Defend_R","Defend_R","Defend_R","Feel No Pain+1","Power Through","Second Wind","Burning Pact+1","Armaments+1","Impervious","Juggernaut+1","Pummel+1","Battle Trance+1","Juggernaut+1","Metallicize+1","Feel No Pain+1","Body Slam","Dark Embrace+1","Disarm+1","Purity"],"special_seed":0,"relics":["Burning Blood","NeowsBlessing","Letter Opener","Smiling Mask","Astrolabe","Old Coin","Prayer Wheel","Tiny Chest","Omamori","Bird Faced Urn","Girya","Runic Pyramid","Self Forming Clay","Mango","Pocketwatch","Art of War","Gambling Chip"],"potions_floor_usage":[31,50,56,56],"damage_taken":[{"damage":0.0,"enemies":"Small Slimes","floor":1.0,"turns":1.0},{"damage":0.0,"enemies":"Cultist","floor":5.0,"turns":1.0},{"damage":0.0,"enemies":"Lagavulin","floor":6.0,"turns":1.0},{"damage":16.0,"enemies":"Jaw Worm","floor":8.0,"turns":5.0},{"damage":10.0,"enemies":"Red Slaver","floor":10.0,"turns":6.0},{"damage":12.0,"enemies":"Looter","floor":13.0,"turns":4.0},{"damage":11.0,"enemies":"Exordium Wildlife","floor":14.0,"turns":8.0},{"damage":22.0,"enemies":"The Guardian","floor":16.0,"turns":38.0},{"damage":6.0,"enemies":"Chosen","floor":18.0,"turns":6.0},{"damage":1.0,"enemies":"Shell Parasite","floor":19.0,"turns":6.0},{"damage":21,"enemies":"Snake Plant","floor":21,"turns":5},{"damage":27,"enemies":"Gremlin Leader","floor":23,"turns":9},{"damage":7,"enemies":"Cultist and Chosen","floor":25,"turns":5},{"damage":13,"enemies":"Book of Stabbing","floor":31,"turns":7},{"damage":0,"enemies":"Champ","floor":33,"turns":13},{"damage":4,"enemies":"3 Darklings","floor":35,"turns":4},{"damage":5,"enemies":"Orb Walker","floor":36,"turns":4},{"damage":22,"enemies":"Transient","floor":37,"turns":6},{"damage":4,"enemies":"Maw","floor":38,"turns":6},{"damage":8,"enemies":"Giant Head","floor":40,"turns":6},{"damage":13,"enemies":"Writhing Mass","floor":42,"turns":5},{"damage":14,"enemies":"Sphere and 2 Shapes","floor":44,"turns":4},{"damage":0,"enemies":"Mind Bloom Boss Battle","floor":47,"turns":9},{"damage":3,"enemies":"Time Eater","floor":50,"turns":7},{"damage":29,"enemies":"Donu and Deca","floor":51,"turns":7},{"damage":36,"enemies":"Shield and Spear","floor":55,"turns":6},{"damage":7,"enemies":"The Heart","floor":56,"turns":8}],"seed_played":"6105351475317077763","potions_obtained":[{"floor":1.0,"key":"Weak Potion"},{"floor":6.0,"key":"EssenceOfSteel"},{"floor":13.0,"key":"Regen Potion"},{"floor":16.0,"key":"Block Potion"},{"floor":23,"key":"LiquidBronze"},{"floor":25,"key":"Weak Potion"},{"floor":31,"key":"Weak Potion"},{"floor":38,"key":"Regen Potion"},{"floor":40,"key":"SkillPotion"},{"floor":55,"key":"BloodPotion"}],"is_trial":false,"path_per_floor":["M","?","$","?","M","E","R","M","T","M","R","$","M","M","R","B",null,"M","M","?","M","$","E","R","M","T","?","$","T","$","E","R","B",null,"M","M","M","M","?","E","R","M","T","M","R","?","?","$","R","B","B",null,"R","$","E","B",null],"character_chosen":"IRONCLAD","items_purchased":["Feel No Pain","Tiny Chest","Bird Faced Urn","Pocketwatch","Purity","Art of War"],"campfire_rested":0,"item_purchase_floors":[3,28,30,48,48,54],"current_hp_per_floor":[74,48,48,75,75,75,75,65,65,61,61,61,55,50,50,49,69,69,74,74,59,59,38,38,37,37,37,37,37,37,34,34,44,67,75,75,63,75,75,75,75,70,70,68,68,68,89,89,89,89,76,86,86,86,67,86],"gold":69,"neow_bonus":"THREE_ENEMY_KILL","is_prod":false,"is_daily":false,"chose_seed":false,"campfire_upgraded":8,"win_rate":0,"timestamp":1559031667,"path_taken":["M","?","$","?","M","E","R","M","T","M","R","$","?","M","R","BOSS","M","M","?","M","$","E","R","?","T","?","$","?","$","E","R","BOSS","M","M","M","M","?","E","R","M","T","M","R","?","?","$","R","BOSS","BOSS","R","$","E","BOSS"],"build_version":"2019-01-23","purchased_purges":6,"victory":true,"max_hp_per_floor":[75,75,75,75,75,75,75,75,75,75,75,75,75,75,75,75,75,75,75,75,75,75,75,75,75,75,75,75,75,75,75,75,75,75,75,75,75,75,75,75,75,75,75,75,75,75,89,89,89,89,89,89,89,89,89,89],"card_choices":[{"not_picked":["Blood for Blood","Dual Wield"],"picked":"Whirlwind","floor":1.0},{"not_picked":["Havoc","Shrug It Off"],"picked":"Power Through","floor":5.0},{"not_picked":["Sentinel","Flex"],"picked":"Second Wind","floor":6.0},{"not_picked":["Wild Strike","Metallicize"],"picked":"Burning Pact","floor":8.0},{"not_picked":["Rage","Hemokinesis"],"picked":"Armaments","floor":10.0},{"not_picked":["Seeing Red","Thunderclap"],"picked":"Impervious","floor":13.0},{"not_picked":["Wild Strike","Armaments","Pommel Strike"],"picked":"SKIP","floor":14.0},{"not_picked":["Double Tap","Demon Form"],"picked":"Juggernaut","floor":16.0},{"not_picked":["Whirlwind","Battle Trance","Perfected Strike"],"picked":"SKIP","floor":18.0},{"not_picked":["Wild Strike","Intimidate","Corruption"],"picked":"SKIP","floor":19.0},{"not_picked":["Sentinel","Clothesline","Searing Blow"],"picked":"SKIP","floor":21},{"not_picked":["Fiend Fire","Flex","Clash"],"picked":"SKIP","floor":23},{"not_picked":["Sentinel","Clothesline","Whirlwind"],"picked":"SKIP","floor":25},{"not_picked":["Wild Strike","True Grit","Perfected Strike"],"picked":"SKIP","floor":31},{"not_picked":["Immolate","Double Tap"],"picked":"Juggernaut","floor":33},{"not_picked":["Anger","Clothesline+1"],"picked":"Metallicize+1","floor":35},{"not_picked":["Hemokinesis+1","Perfected Strike"],"picked":"Feel No Pain","floor":35},{"not_picked":["Searing Blow+1","Iron Wave","Clash"],"picked":"SKIP","floor":36},{"not_picked":["Twin Strike","Perfected Strike+1","True Grit"],"picked":"SKIP","floor":36},{"not_picked":["Anger","Disarm"],"picked":"Body Slam","floor":37},{"not_picked":["Heavy Blade","Double Tap","Sever Soul"],"picked":"SKIP","floor":37},{"not_picked":["Clash","Power Through+1","Flex"],"picked":"SKIP","floor":38},{"not_picked":["Ghostly Armor+1","Shockwave","Flame Barrier"],"picked":"SKIP","floor":38},{"not_picked":["Demon Form","Spot Weakness"],"picked":"Dark Embrace","floor":40},{"not_picked":["Perfected Strike","Carnage"],"picked":"Disarm+1","floor":42},{"not_picked":["Power Through+1","Battle Trance","Thunderclap+1"],"picked":"SKIP","floor":42},{"not_picked":["Fire Breathing","Clothesline","Searing Blow"],"picked":"SKIP","floor":44},{"not_picked":["Headbutt+1","Feel No Pain","Sever Soul"],"picked":"SKIP","floor":44},{"not_picked":["Brutality","Body Slam","Power Through"],"picked":"SKIP","floor":55}],"player_experience":1789069,"relics_obtained":[{"floor":6.0,"key":"Letter Opener"},{"floor":9.0,"key":"Smiling Mask"},{"floor":23,"key":"Old Coin"},{"floor":26,"key":"Prayer Wheel"},{"floor":29,"key":"Omamori"},{"floor":31,"key":"Girya"},{"floor":40,"key":"Self Forming Clay"},{"floor":47,"key":"Mango"},{"floor":55,"key":"Gambling Chip"}],"event_choices":[{"damage_healed":0.0,"max_hp_gain":0.0,"max_hp_loss":0.0,"gold_gain":0.0,"event_name":"Golden Idol","player_choice":"Take Damage","floor":2.0,"gold_loss":0.0,"damage_taken":26.0,"relics_obtained":["Golden Idol"]},{"damage_healed":27.0,"max_hp_gain":0.0,"max_hp_loss":0.0,"gold_gain":0.0,"event_name":"Wheel of Change","player_choice":"Full Heal","floor":4.0,"gold_loss":0.0,"damage_taken":0.0},{"damage_healed":0,"gold_gain":0,"player_choice":"0 cards matched","damage_taken":0,"max_hp_gain":0,"max_hp_loss":0,"event_name":"Match and Keep!","floor":20,"gold_loss":0,"cards_obtained":[]},{"damage_healed":0,"gold_gain":0,"player_choice":"Ignored","damage_taken":0,"max_hp_gain":0,"max_hp_loss":0,"event_name":"Vampires","floor":27,"gold_loss":0},{"damage_healed":0,"gold_gain":0,"player_choice":"Ignored","damage_taken":0,"max_hp_gain":0,"max_hp_loss":0,"event_name":"Tomb of Lord Red Mask","floor":39,"gold_loss":0},{"damage_healed":0,"gold_gain":333,"player_choice":"Gave Idol","damage_taken":0,"max_hp_gain":0,"max_hp_loss":0,"event_name":"The Moai Head","floor":46,"relics_lost":["Golden Idol"],"gold_loss":0},{"damage_healed":0,"gold_gain":0,"player_choice":"Fight","damage_taken":0,"max_hp_gain":0,"max_hp_loss":0,"event_name":"MindBloom","floor":47,"gold_loss":0}],"is_beta":false,"boss_relics":[{"not_picked":["Runic Cube","Black Star"],"picked":"Astrolabe"},{"not_picked":["Philosopher\u0027s Stone","Coffee Dripper"],"picked":"Runic Pyramid"}],"items_purged_floors":[12,22,28,30,48,54],"is_endless":false,"potions_floor_spawned":[1,6,13,16,23,25,31,36,38,40,55],"ascension_level":20}