{"gold_per_floor":[115,131,131,5,22,22,34,68,92,106,106,141,121,146,146,146],"floor_reached":16,"playtime":410,"items_purged":["Strike_B"],"score":290,"play_id":"12580637-801c-4bab-9606-91f1383e3bef","local_time":"20190719135810","is_ascension_mode":true,"campfire_choices":[{"data":"Zap","floor":6.0,"key":"SMITH"},{"data":"Chaos","floor":11.0,"key":"SMITH"},{"data":"Coolheaded","floor":15.0,"key":"SMITH"}],"neow_cost":"NONE","seed_source_timestamp":72705430909125,"circlet_count":0,"master_deck":["AscendersBane","Strike_B","Strike_B","Strike_B","Defend_B","Defend_B","Defend_B","Defend_B","Zap+1","Dualcast","Coolheaded+1","Lockon","Turbo","Glacier","Biased Cognition","Chaos+1","Recycle","Darkness+1"],"special_seed":0,"relics":["Cracked Core","NeowsBlessing","FaceOfCleric","Potion Belt","Omamori","Happy Flower","Toxic Egg 2"],"potions_floor_usage":[16],"damage_taken":[{"damage":0.0,"enemies":"Cultist","floor":1.0,"turns":1.0},{"damage":0.0,"enemies":"2 Louse","floor":2.0,"turns":1.0},{"damage":0.0,"enemies":"Jaw Worm","floor":5.0,"turns":1.0},{"damage":9.0,"enemies":"Red Slaver","floor":7.0,"turns":3.0},{"damage":20.0,"enemies":"Lagavulin","floor":8.0,"turns":7.0},{"damage":3.0,"enemies":"Exordium Wildlife","floor":10.0,"turns":5.0},{"damage":24.0,"enemies":"3 Sentries","floor":12.0,"turns":15.0},{"damage":0.0,"enemies":"Gremlin Nob","floor":14.0,"turns":3.0},{"damage":0,"enemies":"The Guardian","floor":16,"turns":2}],"seed_played":"-6075804968267316905","potions_obtained":[{"floor":7.0,"key":"Energy Potion"},{"floor":8.0,"key":"Fire Potion"},{"floor":10.0,"key":"PowerPotion"},{"floor":12.0,"key":"Energy Potion"},{"floor":13.0,"key":"Strength Potion"},{"floor":14.0,"key":"Ancient Potion"}],"is_trial":false,"path_per_floor":["M","M","?","$","M","R","M","E","T","M","R","E","?","E","R","B"],"character_chosen":"DEFECT","items_purchased":["Turbo"],"campfire_rested":0,"item_purchase_floors":[4],"current_hp_per_floor":[64,64,64,64,65,65,57,38,38,36,36,13,13,14,14,14],"gold":146,"neow_bonus":"THREE_ENEMY_KILL","is_prod":false,"is_daily":false,"chose_seed":false,"campfire_upgraded":3,"win_rate":0,"timestamp":1563515890,"path_taken":["M","?","?","?","M","R","M","E","T","?","R","E","?","E","R","BOSS"],"build_version":"2019-07-17","purchased_purges":1,"victory":false,"max_hp_per_floor":[71,71,71,71,72,72,73,74,74,75,75,76,76,77,77,77],"card_choices":[{"not_picked":["Go for the Eyes","Streamline"],"picked":"Coolheaded","floor":1.0},{"not_picked":["Stack","Rebound"],"picked":"Lockon","floor":2.0},{"not_picked":["Self Repair","BootSequence"],"picked":"Glacier","floor":5.0},{"not_picked":["Steam","Turbo","Lockon"],"picked":"SKIP","floor":7.0},{"not_picked":["Ball Lightning","Doom and Gloom"],"picked":"Biased Cognition","floor":8.0},{"not_picked":["Compile Driver","Go for the Eyes"],"picked":"Chaos","floor":10.0},{"not_picked":["Hologram","Redo"],"picked":"Recycle","floor":12.0},{"not_picked":["Electrodynamics","Aggregate"],"picked":"Darkness","floor":14.0}],"player_experience":2032616,"relics_obtained":[{"floor":8.0,"key":"Potion Belt"},{"floor":9.0,"key":"Omamori"},{"floor":12.0,"key":"Happy Flower"},{"floor":14.0,"key":"Toxic Egg 2"}],"event_choices":[{"damage_healed":0.0,"max_hp_gain":0.0,"max_hp_loss":0.0,"gold_gain":0.0,"event_name":"FaceTrader","player_choice":"Trade","floor":3.0,"gold_loss":0.0,"damage_taken":0.0,"relics_obtained":["FaceOfCleric"]},{"damage_healed":0.0,"max_hp_gain":0.0,"max_hp_loss":0.0,"gold_gain":0.0,"event_name":"The Woman in Blue","player_choice":"Bought 1 Potion","floor":13.0,"gold_loss":0.0,"damage_taken":0.0}],"is_beta":false,"boss_relics":[],"items_purged_floors":[4],"is_endless":false,"potions_floor_spawned":[7,8,10,12,14],"killed_by":"The Guardian","ascension_level":20}