{"gold_per_floor":[110,110,120,120,16,16,44,44,97,111,143,143,143,143,143,248,248],"floor_reached":17,"playtime":284,"items_purged":[],"score":354,"play_id":"432b1c6b-bf4c-4fc2-8623-839ab9cd6a1a","local_time":"20190725095929","is_ascension_mode":true,"campfire_choices":[{"data":"Heavy Blade","floor":6,"key":"SMITH"},{"data":"Flex","floor":8,"key":"SMITH"},{"data":"Flex","floor":12,"key":"SMITH"},{"data":"Immolate","floor":15,"key":"SMITH"}],"neow_cost":"NONE","seed_source_timestamp":79462699363906,"circlet_count":0,"master_deck":["AscendersBane","Strike_R","Strike_R","Strike_R","Strike_R","Strike_R","Defend_R","Defend_R","Defend_R","Defend_R","Bash","Whirlwind+1","Heavy Blade+1","Flex+1","Immolate+1","Flex+1","Juggernaut"],"relics":["Burning Blood","NeowsBlessing","Potion Belt","Magic Flower","Blood Vial","Omamori","Black Star"],"potions_floor_usage":[11,16],"damage_taken":[{"damage":0,"enemies":"2 Louse","floor":1,"turns":1},{"damage":0,"enemies":"Cultist","floor":3,"turns":1},{"damage":0,"enemies":"Lagavulin","floor":7,"turns":2},{"damage":0,"enemies":"Jaw Worm","floor":10,"turns":1},{"damage":35,"enemies":"Gremlin Nob","floor":11,"turns":4},{"damage":0,"enemies":"Slime Boss","floor":16,"turns":6}],"seed_played":"-4268465536031890179","potions_obtained":[{"floor":1,"key":"BloodPotion"},{"floor":3,"key":"Poison Potion"},{"floor":11,"key":"Poison Potion"}],"is_trial":false,"path_per_floor":["M","?","M","?","$","R","E","R","T","M","E","R","?","?","R","B",null],"character_chosen":"IRONCLAD","items_purchased":["Heavy Blade","Flex"],"campfire_rested":0,"item_purchase_floors":[5,5],"current_hp_per_floor":[78,78,80,80,80,80,80,80,80,80,54,54,54,74,74,80,80],"gold":248,"neow_bonus":"THREE_ENEMY_KILL","is_prod":false,"is_daily":false,"chose_seed":false,"campfire_upgraded":4,"win_rate":0,"timestamp":1564063169,"path_taken":["M","?","?","?","?","R","E","R","T","M","E","R","?","?","R","BOSS"],"build_version":"2019-07-17","purchased_purges":0,"victory":false,"max_hp_per_floor":[80,80,80,80,80,80,80,80,80,80,80,80,80,80,80,80,80],"card_choices":[{"not_picked":["Dropkick","Corruption"],"picked":"Whirlwind","floor":1},{"not_picked":["Thunderclap","Dropkick","Rupture"],"picked":"SKIP","floor":3},{"not_picked":["True Grit","Thunderclap"],"picked":"Immolate","floor":7},{"not_picked":["Corruption","Infernal Blade"],"picked":"Flex","floor":10},{"not_picked":["Clash","Iron Wave","Headbutt"],"picked":"SKIP","floor":11},{"not_picked":["Berserk","Reaper"],"picked":"Juggernaut","floor":16}],"player_experience":1106514,"relics_obtained":[{"floor":7,"key":"Magic Flower"},{"floor":9,"key":"Blood Vial"},{"floor":11,"key":"Omamori"}],"event_choices":[{"damage_healed":0,"gold_gain":0,"player_choice":"Gave Potion","damage_taken":0,"relics_obtained":["Potion Belt"],"max_hp_gain":0,"max_hp_loss":0,"event_name":"WeMeetAgain","floor":2,"gold_loss":0},{"damage_healed":0,"gold_gain":0,"player_choice":"Grow","damage_taken":0,"max_hp_gain":0,"max_hp_loss":0,"event_name":"Living Wall","floor":4,"gold_loss":0,"cards_upgraded":["Whirlwind"]},{"damage_healed":0,"gold_gain":0,"player_choice":"Ignored","damage_taken":0,"max_hp_gain":0,"max_hp_loss":0,"event_name":"Shining Light","floor":13,"gold_loss":0},{"damage_healed":20,"gold_gain":0,"player_choice":"Healed and dodged fight","damage_taken":0,"max_hp_gain":0,"max_hp_loss":0,"event_name":"Mushrooms","floor":14,"gold_loss":0,"cards_obtained":["Parasite"]}],"is_beta":false,"boss_relics":[{"not_picked":["Velvet Choker","Empty Cage"],"picked":"Black Star"}],"items_purged_floors":[],"is_endless":false,"potions_floor_spawned":[1,3,11],"ascension_level":10}