{"gold_per_floor":[113,125,125,125,143,143,68,68,116,148,148,148,165,178,178,252,252,270,270,290,307,577,577,591,620,695,255,255,273,273,356,356,431,431,447,447,110,110,110,143,143,172,172,172,227,77,77,103,103,103,103,103,103,51,83,83],"floor_reached":57,"playtime":1761,"items_purged":["Strike_R","Strike_R","Sever Soul+1","Searing Blow+5"],"score":2929,"play_id":"81a0654f-89ae-4b7e-a60f-9c44223bd273","local_time":"20190625012013","is_ascension_mode":true,"campfire_choices":[{"data":"Searing Blow","floor":6.0,"key":"SMITH"},{"data":"Searing Blow+1","floor":8.0,"key":"SMITH"},{"data":"Searing Blow+2","floor":11.0,"key":"SMITH"},{"data":"Searing Blow+3","floor":15.0,"key":"SMITH"},{"data":"Armaments","floor":23.0,"key":"SMITH"},{"data":"Searing Blow+4","floor":28.0,"key":"SMITH"},{"data":"Burning Pact","floor":30,"key":"SMITH"},{"data":"Barricade","floor":32,"key":"SMITH"},{"floor":41,"key":"RECALL"},{"floor":47,"key":"DIG"},{"floor":49,"key":"DIG"},{"floor":53,"key":"DIG"}],"neow_cost":"NONE","seed_source_timestamp":1935024446346900,"circlet_count":0,"master_deck":["AscendersBane","Defend_R","Defend_R","Defend_R","Power Through","Disarm","Burning Pact+1","Barricade+1","Battle Trance+1","Armaments+1","Second Wind","Body Slam+1","Impervious","Entrench+1","Limit Break+1","Shrug It Off"],"special_seed":0,"relics":["Burning Blood","NeowsBlessing","Blood Vial","Meat on the Bone","Sozu","Turnip","Incense Burner","Tiny Chest","Astrolabe","Lantern","TheAbacus","Vajra","Oddly Smooth Stone","Pen Nib","Red Skull","Letter Opener","Shovel","Mercury Hourglass","Regal Pillow","Whetstone","Self Forming Clay","Unceasing Top"],"potions_floor_usage":[],"damage_taken":[{"damage":0.0,"enemies":"Small Slimes","floor":1.0,"turns":1.0},{"damage":0.0,"enemies":"2 Louse","floor":2.0,"turns":1.0},{"damage":0.0,"enemies":"Cultist","floor":5.0,"turns":1.0},{"damage":20.0,"enemies":"3 Sentries","floor":10.0,"turns":8.0},{"damage":0.0,"enemies":"2 Fungi Beasts","floor":13.0,"turns":3.0},{"damage":7.0,"enemies":"Looter","floor":14.0,"turns":3.0},{"damage":39.0,"enemies":"The Guardian","floor":16.0,"turns":9.0},{"damage":16.0,"enemies":"2 Thieves","floor":18.0,"turns":5.0},{"damage":1.0,"enemies":"Spheric Guardian","floor":20.0,"turns":3.0},{"damage":38.0,"enemies":"Snecko","floor":21.0,"turns":8.0},{"damage":22.0,"enemies":"Centurion and Healer","floor":24.0,"turns":8.0},{"damage":4.0,"enemies":"Book of Stabbing","floor":25.0,"turns":7.0},{"damage":35,"enemies":"Chosen and Byrds","floor":29,"turns":7},{"damage":20,"enemies":"Champ","floor":33,"turns":7},{"damage":21,"enemies":"3 Shapes","floor":35,"turns":6},{"damage":6,"enemies":"Nemesis","floor":40,"turns":5},{"damage":0,"enemies":"Giant Head","floor":42,"turns":4},{"damage":12,"enemies":"2 Orb Walkers","floor":45,"turns":5},{"damage":0,"enemies":"Nemesis","floor":48,"turns":5},{"damage":8,"enemies":"Donu and Deca","floor":50,"turns":6},{"damage":14,"enemies":"Awakened One","floor":51,"turns":6},{"damage":65,"enemies":"Shield and Spear","floor":55,"turns":7},{"damage":6,"enemies":"The Heart","floor":56,"turns":10}],"seed_played":"4230244722820949411","potions_obtained":[{"floor":1.0,"key":"AttackPotion"},{"floor":5.0,"key":"PowerPotion"},{"floor":10.0,"key":"Energy Potion"},{"floor":16.0,"key":"Fire Potion"}],"is_trial":false,"path_per_floor":["M","M","?","?","M","R","$","R","T","E","R","?","M","M","R","B",null,"M","?","M","M","?","R","M","E","T","$","R","M","R","T","R","B",null,"M","?","$","T","?","E","R","E","T","T","?","$","R","E","R","B","B",null,"R","$","E","B",null],"character_chosen":"IRONCLAD","items_purchased":["Incense Burner","TheAbacus","Shrug It Off"],"campfire_rested":0,"item_purchase_floors":[27,37,54],"current_hp_per_floor":[74,75,80,80,80,80,80,80,80,66,66,59,67,68,68,49,72,64,64,71,53,21,21,19,35,35,35,35,20,20,20,20,20,65,52,52,52,52,52,54,54,62,62,62,58,58,58,66,66,66,60,72,72,72,27,41],"gold":83,"neow_bonus":"THREE_ENEMY_KILL","is_prod":false,"is_daily":false,"chose_seed":false,"campfire_upgraded":8,"win_rate":0,"timestamp":1561396813,"path_taken":["M","M","?","?","?","R","$","R","T","E","R","?","M","M","R","BOSS","M","?","M","M","?","R","M","E","T","$","R","?","R","?","R","BOSS","M","?","$","?","?","E","R","E","T","?","?","?","R","E","R","BOSS","BOSS","R","$","E","BOSS"],"build_version":"2019-01-23","purchased_purges":4,"victory":true,"max_hp_per_floor":[75,75,80,80,80,80,80,80,80,80,80,80,80,80,80,80,80,80,80,80,80,80,80,80,80,80,80,80,80,80,80,80,80,80,80,80,80,80,76,76,76,76,76,76,76,76,76,76,76,76,76,76,76,76,76,76],"card_choices":[{"not_picked":["Combust","Battle Trance"],"picked":"Power Through","floor":1.0},{"not_picked":["Uppercut","Entrench"],"picked":"Disarm","floor":2.0},{"not_picked":["Twin Strike","Havoc"],"picked":"Searing Blow","floor":5.0},{"not_picked":["Heavy Blade","Hemokinesis"],"picked":"Burning Pact","floor":10.0},{"not_picked":["Wild Strike","True Grit","Twin Strike"],"picked":"SKIP","floor":13.0},{"not_picked":["Rage","Entrench","Heavy Blade"],"picked":"SKIP","floor":14.0},{"not_picked":["Exhume","Berserk"],"picked":"Barricade","floor":16.0},{"not_picked":["Wild Strike","Thunderclap"],"picked":"Battle Trance+1","floor":18.0},{"not_picked":["Twin Strike","Headbutt","Whirlwind"],"picked":"SKIP","floor":20.0},{"not_picked":["Thunderclap","Corruption","Infernal Blade"],"picked":"SKIP","floor":21.0},{"not_picked":["Perfected Strike","Sword Boomerang"],"picked":"Second Wind","floor":24.0},{"not_picked":["Twin Strike+1","Burning Pact"],"picked":"Body Slam","floor":25.0},{"not_picked":["Flex","Flame Barrier","Wild Strike"],"picked":"SKIP","floor":29},{"not_picked":["Brutality","Berserk"],"picked":"Impervious","floor":33},{"not_picked":["Body Slam+1","Wild Strike","Sword Boomerang"],"picked":"SKIP","floor":35},{"not_picked":["Immolate","Inflame+1","Uppercut"],"picked":"SKIP","floor":40},{"not_picked":["Thunderclap","Clothesline","Body Slam"],"picked":"SKIP","floor":42},{"not_picked":["Flex","Intimidate+1","Armaments"],"picked":"SKIP","floor":48},{"not_picked":["Flame Barrier+1","Feed","Reaper"],"picked":"SKIP","floor":55}],"player_experience":1990243,"relics_obtained":[{"floor":9.0,"key":"Blood Vial"},{"floor":10.0,"key":"Meat on the Bone"},{"floor":25.0,"key":"Turnip"},{"floor":31,"key":"Tiny Chest"},{"floor":38,"key":"Vajra"},{"floor":40,"key":"Oddly Smooth Stone"},{"floor":42,"key":"Pen Nib"},{"floor":43,"key":"Red Skull"},{"floor":44,"key":"Letter Opener"},{"floor":45,"key":"Shovel"},{"floor":47,"key":"Mercury Hourglass"},{"floor":48,"key":"Regal Pillow"},{"floor":49,"key":"Whetstone"},{"floor":53,"key":"Self Forming Clay"},{"floor":55,"key":"Unceasing Top"}],"event_choices":[{"damage_healed":0.0,"max_hp_gain":5.0,"max_hp_loss":0.0,"gold_gain":0.0,"event_name":"Big Fish","player_choice":"Donut","floor":3.0,"gold_loss":0.0,"damage_taken":0.0},{"damage_healed":0.0,"max_hp_gain":0.0,"max_hp_loss":0.0,"gold_gain":0.0,"cards_transformed":["Strike_R"],"event_name":"Transmorgrifier","player_choice":"Transformed","floor":4.0,"gold_loss":0.0,"damage_taken":0.0,"cards_obtained":["Pummel"]},{"cards_removed":["Strike_R"],"damage_healed":0.0,"max_hp_gain":0.0,"max_hp_loss":0.0,"gold_gain":0.0,"event_name":"Golden Wing","player_choice":"Card Removal","floor":12.0,"gold_loss":0.0,"damage_taken":7.0},{"damage_healed":0.0,"max_hp_gain":0.0,"max_hp_loss":0.0,"gold_gain":0.0,"event_name":"The Library","player_choice":"Read","floor":19.0,"gold_loss":0.0,"damage_taken":0.0,"cards_obtained":["Armaments"]},{"damage_healed":0.0,"max_hp_gain":0.0,"max_hp_loss":0.0,"gold_gain":270.0,"event_name":"Knowing Skull","player_choice":"GOLD GOLD GOLD ","floor":22.0,"potions_obtained":[],"gold_loss":0.0,"damage_taken":32.0,"cards_obtained":[]},{"cards_removed":["Pummel"],"damage_healed":0,"gold_gain":0,"player_choice":"Gave Card","damage_taken":0,"relics_obtained":["Lantern"],"max_hp_gain":0,"max_hp_loss":0,"event_name":"WeMeetAgain","floor":36,"gold_loss":0},{"damage_healed":0,"gold_gain":0,"player_choice":"Max HP","damage_taken":0,"max_hp_gain":0,"max_hp_loss":4,"event_name":"Winding Halls","floor":39,"gold_loss":0},{"damage_healed":0,"gold_gain":0,"player_choice":"Fight","damage_taken":0,"max_hp_gain":0,"max_hp_loss":0,"event_name":"Mysterious Sphere","floor":45,"gold_loss":0}],"is_beta":false,"boss_relics":[{"not_picked":["White Beast Statue","Tiny House"],"picked":"Sozu"},{"not_picked":["Black Blood","Empty Cage"],"picked":"Astrolabe"}],"items_purged_floors":[7,27,37,46],"is_endless":false,"potions_floor_spawned":[1,5,10,16,25,29,33,35],"ascension_level":20}