{"gold_per_floor":[109,129,129,129,18,18,46,46,46,46,62,62,62,86,98,233,245,271,307,234,246,302,314,326,111,111,27,152,152,77,93,93,217,217,240,365,587,587,258,258,258,258,258,258,258,258,591,606,606,606],"floor_reached":50,"playtime":3881,"items_purged":["Defend_B","Strike_B","Defend_B"],"score":476,"play_id":"0629ebbf-580c-4abd-a0e4-b9ed2f1f54a4","local_time":"20190802201621","is_ascension_mode":false,"campfire_choices":[{"data":"Gash","floor":6,"key":"SMITH"},{"floor":8,"key":"REST"},{"data":"Barrage","floor":12,"key":"SMITH"},{"data":"Barrage","floor":15,"key":"SMITH"},{"floor":23,"key":"REST"},{"data":"Loop","floor":29,"key":"SMITH"},{"floor":32,"key":"REST"},{"data":"Chrysalis","floor":40,"key":"SMITH"},{"data":"Defragment","floor":41,"key":"SMITH"},{"data":"Defragment","floor":45,"key":"SMITH"},{"data":"Deep Breath","floor":49,"key":"SMITH"}],"neow_cost":"NONE","seed_source_timestamp":66838774660128,"circlet_count":0,"master_deck":["Zap","Dualcast","Gash+1","Barrage+1","Hello World","Streamline","Barrage+1","Electrodynamics","Leap","Cold Snap","Genetic Algorithm","Reinforced Body","Consume+1","Loop+1","Bandage Up","Bandage Up","Defragment+1","All For One","Steam Power+1","Defragment+1","Deep Breath+1","Heatsinks","Chrysalis+1","Loop+1"],"relics":["Cracked Core","Juzu Bracelet","Mummified Hand","Strawberry","Potion Belt","MawBank","Eternal Feather","Ancient Tea Set","Red Mask","Bottled Tornado","WingedGreaves","Pantograph","Shovel","Omamori","Frozen Egg 2"],"potions_floor_usage":[],"damage_taken":[{"damage":4,"enemies":"2 Louse","floor":1,"turns":3},{"damage":1,"enemies":"Cultist","floor":2,"turns":3},{"damage":32,"enemies":"Gremlin Nob","floor":7,"turns":5},{"damage":6,"enemies":"Jaw Worm","floor":11,"turns":3},{"damage":36,"enemies":"Hexaghost","floor":16,"turns":8},{"damage":46,"enemies":"2 Thieves","floor":18,"turns":4},{"damage":5,"enemies":"Chosen","floor":19,"turns":5},{"damage":13,"enemies":"Masked Bandits","floor":22,"turns":4},{"damage":23,"enemies":"Colosseum Slavers","floor":28,"turns":4},{"damage":44,"enemies":"Colosseum Nobs","floor":28,"turns":5},{"damage":9,"enemies":"Snecko","floor":31,"turns":4},{"damage":52,"enemies":"Automaton","floor":33,"turns":9},{"damage":29,"enemies":"3 Darklings","floor":35,"turns":4},{"damage":37,"enemies":"Mind Bloom Boss Battle","floor":36,"turns":8},{"damage":3,"enemies":"3 Shapes","floor":48,"turns":3},{"damage":81,"enemies":"Time Eater","floor":50,"turns":7}],"seed_played":"-324271402765644304","potions_obtained":[{"floor":7,"key":"Swift Potion"},{"floor":11,"key":"LiquidBronze"},{"floor":19,"key":"Swift Potion"},{"floor":22,"key":"Fire Potion"},{"floor":31,"key":"EssenceOfSteel"}],"is_trial":false,"path_per_floor":["M","M","?","?","$","R","E","R","T","?","M","R","?","T","R","B",null,"M","M","?","?","?","R","?","$","T","$","?","R","?","M","R","B",null,"M","?","?","?","$","R","R","?","T","?","R","T","?","M","R","B"],"character_chosen":"DEFECT","items_purchased":["Hello World","Loop","Bandage Up","Bandage Up","Heatsinks","Chrysalis"],"campfire_rested":3,"item_purchase_floors":[5,25,25,27,39,39],"current_hp_per_floor":[71,70,70,70,70,70,38,60,67,67,61,61,43,43,43,7,76,30,25,25,25,12,43,68,68,68,68,17,29,29,28,59,24,76,55,43,43,43,43,55,67,67,67,67,72,72,72,69,72,0],"gold":606,"neow_bonus":"RANDOM_COMMON_RELIC","is_prod":false,"is_daily":false,"chose_seed":false,"campfire_upgraded":8,"win_rate":0.0,"timestamp":1564769781,"path_taken":["M","M","?","?","$","R","E","R","T","?","M","R","?","?","R","BOSS","M","M","?","?","?","R","?","$","T","$","?","R","?","M","R","BOSS","M","?","?","?","$","R","R","?","T","?","R","?","?","M","R","BOSS"],"build_version":"2019-07-17","purchased_purges":3,"victory":false,"max_hp_per_floor":[75,75,75,75,75,75,75,75,82,76,76,76,76,76,76,76,76,76,76,76,76,76,76,76,76,76,76,76,76,76,76,76,76,76,76,76,76,76,76,76,76,76,76,72,72,72,72,72,72,72],"card_choices":[{"not_picked":["Conserve Battery","Compile Driver"],"picked":"Gash","floor":1},{"not_picked":["Ball Lightning","Compile Driver"],"picked":"Barrage","floor":2},{"not_picked":["Fusion","Double Energy"],"picked":"Streamline","floor":7},{"not_picked":["Ball Lightning","Storm"],"picked":"Barrage","floor":11},{"not_picked":["Reboot","Creative AI"],"picked":"Electrodynamics","floor":16},{"not_picked":["Beam Cell","Ball Lightning"],"picked":"Leap","floor":18},{"not_picked":["Steam Power+1","Conserve Battery+1"],"picked":"Cold Snap","floor":19},{"not_picked":["Leap","Redo"],"picked":"Consume+1","floor":22},{"not_picked":["Electrodynamics","Cold Snap"],"picked":"Defragment","floor":28},{"not_picked":["Hologram","Ball Lightning","Redo"],"picked":"SKIP","floor":31},{"not_picked":["Rainbow","Echo Form"],"picked":"All For One","floor":33},{"not_picked":["Reinforced Body","Redo"],"picked":"Steam Power+1","floor":35},{"not_picked":["Hello World","Ball Lightning+1"],"picked":"Defragment","floor":36},{"not_picked":["Mind Blast","Good Instincts"],"picked":"Deep Breath","floor":38},{"not_picked":["Stack","BootSequence"],"picked":"Loop+1","floor":48}],"player_experience":27834,"relics_obtained":[{"floor":7,"key":"Mummified Hand"},{"floor":9,"key":"Strawberry"},{"floor":14,"key":"MawBank"},{"floor":22,"key":"Red Mask"},{"floor":26,"key":"Bottled Tornado"},{"floor":28,"key":"WingedGreaves"},{"floor":28,"key":"Pantograph"},{"floor":36,"key":"Shovel"},{"floor":43,"key":"Omamori"},{"floor":46,"key":"Frozen Egg 2"}],"event_choices":[{"cards_removed":["Strike_B"],"damage_healed":0,"gold_gain":0,"player_choice":"Forget","damage_taken":0,"max_hp_gain":0,"max_hp_loss":0,"event_name":"Living Wall","floor":3,"gold_loss":0},{"damage_healed":0,"gold_gain":0,"player_choice":"Bought 0 Potions","damage_taken":0,"max_hp_gain":0,"max_hp_loss":0,"event_name":"The Woman in Blue","floor":4,"gold_loss":0},{"damage_healed":0,"gold_gain":0,"player_choice":"Lose Max HP","damage_taken":0,"relics_obtained":["Golden Idol"],"max_hp_gain":0,"max_hp_loss":6,"event_name":"Golden Idol","floor":10,"gold_loss":0},{"damage_healed":0,"gold_gain":0,"player_choice":"Success","damage_taken":18,"relics_obtained":["Potion Belt"],"max_hp_gain":0,"max_hp_loss":0,"event_name":"Scrap Ooze","floor":13,"gold_loss":0},{"damage_healed":0,"gold_gain":0,"player_choice":"Obtained Relic","damage_taken":0,"relics_obtained":["Ancient Tea Set"],"max_hp_gain":0,"max_hp_loss":0,"event_name":"Addict","floor":20,"gold_loss":85},{"damage_healed":0,"gold_gain":0,"cards_transformed":["Defend_B","Strike_B"],"player_choice":"Became Test Subject","damage_taken":0,"max_hp_gain":0,"max_hp_loss":0,"event_name":"Drug Dealer","floor":21,"gold_loss":0,"cards_obtained":["Genetic Algorithm","Reinforced Body"]},{"damage_healed":0,"gold_gain":0,"player_choice":"Fought Bandits","damage_taken":0,"max_hp_gain":0,"max_hp_loss":0,"event_name":"Masked Bandits","floor":22,"gold_loss":0},{"damage_healed":25,"gold_gain":0,"player_choice":"Heal","damage_taken":0,"max_hp_gain":0,"max_hp_loss":0,"event_name":"The Library","floor":24,"gold_loss":0},{"damage_healed":0,"gold_gain":0,"player_choice":"Fight","damage_taken":0,"max_hp_gain":0,"max_hp_loss":0,"event_name":"Colosseum","floor":28,"gold_loss":0},{"damage_healed":0,"gold_gain":0,"player_choice":"Fought Nobs","damage_taken":0,"max_hp_gain":0,"max_hp_loss":0,"event_name":"Colosseum","floor":28,"gold_loss":0},{"cards_removed":["Defend_B"],"damage_healed":0,"gold_gain":0,"player_choice":"Gave Gold","damage_taken":0,"max_hp_gain":0,"max_hp_loss":0,"event_name":"Beggar","floor":30,"gold_loss":75},{"damage_healed":0,"gold_gain":0,"player_choice":"Fight","damage_taken":0,"max_hp_gain":0,"max_hp_loss":0,"event_name":"MindBloom","floor":36,"gold_loss":0},{"damage_healed":0,"gold_gain":222,"player_choice":"Wore Mask","damage_taken":0,"max_hp_gain":0,"max_hp_loss":0,"event_name":"Tomb of Lord Red Mask","floor":37,"gold_loss":0},{"damage_healed":0,"gold_gain":0,"player_choice":"Memory 1","damage_taken":0,"max_hp_gain":0,"max_hp_loss":0,"event_name":"SensoryStone","floor":38,"gold_loss":0},{"cards_removed":["Strike_B"],"damage_healed":0,"gold_gain":0,"player_choice":"Removed Attack","damage_taken":0,"max_hp_gain":0,"max_hp_loss":0,"event_name":"Falling","floor":42,"gold_loss":0},{"damage_healed":0,"gold_gain":0,"player_choice":"Max HP","damage_taken":0,"max_hp_gain":0,"max_hp_loss":4,"event_name":"Winding Halls","floor":44,"gold_loss":0},{"damage_healed":0,"gold_gain":333,"player_choice":"Gave Idol","damage_taken":0,"max_hp_gain":0,"max_hp_loss":0,"event_name":"The Moai Head","floor":47,"relics_lost":["Golden Idol"],"gold_loss":0}],"is_beta":false,"boss_relics":[{"not_picked":["FrozenCore","Coffee Dripper"],"picked":"Eternal Feather"},{"not_picked":["Velvet Choker","Snecko Eye","Fusion Hammer"]}],"items_purged_floors":[5,25,39],"is_endless":false,"potions_floor_spawned":[7,11,19,22,28,31,36],"killed_by":"Time Eater","ascension_level":0}