{"gold_per_floor":[116,116,129,145,159,188,188,202,277,452,481,511,63,63],"floor_reached":14,"playtime":701,"items_purged":["Doubt"],"score":120,"play_id":"dc8511e2-8ebf-475b-8480-f0207890f03d","local_time":"20180720185541","is_ascension_mode":true,"campfire_choices":[{"data":"Zap","floor":7,"key":"SMITH"}],"neow_cost":"NONE","seed_source_timestamp":107551672826287,"circlet_count":0,"master_deck":["Strike_B","Strike_B","Strike_B","Defend_B","Defend_B","Defend_B","Defend_B","Zap+1","Dualcast","Ball Lightning","All For One","Hologram","Hologram","Gash","Beam Cell","Gash","Echo Form","Redo","Zap+1"],"relics":["Cracked Core","Unceasing Top","Mercury Hourglass","Singing Bowl","Emotion Chip","DollysMirror"],"potions_floor_usage":[5],"damage_taken":[{"damage":0,"enemies":"Cultist","floor":1,"turns":5},{"damage":0,"enemies":"Small Slimes","floor":3,"turns":2},{"damage":2,"enemies":"Jaw Worm","floor":4,"turns":2},{"damage":16,"enemies":"3 Louse","floor":5,"turns":2},{"damage":23,"enemies":"3 Sentries","floor":6,"turns":7},{"damage":6,"enemies":"Looter","floor":8,"turns":2},{"damage":43,"enemies":"Gremlin Nob","floor":11,"turns":5},{"damage":14,"enemies":"Lagavulin","floor":14,"turns":2}],"seed_played":"-127149390176864271","potions_obtained":[{"floor":1,"key":"FairyPotion"},{"floor":4,"key":"Fruit Juice"},{"floor":5,"key":"Ancient Potion"}],"is_trial":false,"path_per_floor":["M","T","M","M","M","E","R","M","T","?","E","?","$"],"character_chosen":"DEFECT","items_purchased":["Echo Form","Redo","DollysMirror"],"campfire_rested":0,"item_purchase_floors":[13,13,13],"current_hp_per_floor":[75,75,75,73,62,39,39,33,33,33,8,8,8,0],"gold":63,"neow_bonus":"REMOVE_CARD","is_prod":false,"is_daily":false,"chose_seed":false,"campfire_upgraded":1,"win_rate":0,"timestamp":1532127341,"path_taken":["M","?","?","M","M","E","R","M","T","?","E","?","?","E"],"build_version":"2018-07-19v2","purchased_purges":1,"victory":false,"max_hp_per_floor":[75,75,75,75,80,80,80,80,80,80,80,80,80,80],"card_choices":[{"not_picked":["Undo","Beam Cell"],"picked":"Ball Lightning","floor":1},{"not_picked":["Beam Cell","Go for the Eyes"],"picked":"All For One","floor":3},{"not_picked":["Melter","Steam"],"picked":"Hologram","floor":4},{"not_picked":["Stack","Force Field"],"picked":"Hologram","floor":5},{"not_picked":["Stack","Coolheaded"],"picked":"Gash","floor":6},{"not_picked":["Barrage","Hologram"],"picked":"Beam Cell","floor":8},{"not_picked":["Sweeping Beam","Reinforced Body"],"picked":"Gash","floor":11}],"player_experience":202038,"relics_obtained":[{"floor":2,"key":"Unceasing Top"},{"floor":6,"key":"Mercury Hourglass"},{"floor":9,"key":"Singing Bowl"},{"floor":11,"key":"Emotion Chip"}],"event_choices":[{"event_name":"Liars Game","player_choice":"agreed","floor":10,"damage_taken":0},{"event_name":"Dead Adventurer","player_choice":"Searched \u00271\u0027 times","floor":12,"damage_taken":0}],"is_beta":false,"boss_relics":[],"items_purged_floors":[13],"is_endless":false,"potions_floor_spawned":[1,4,5],"killed_by":"Lagavulin","ascension_level":4}