{"gold_per_floor":[116,391,146,156,172,172,205,205,205,205,68,86,86,98,98,171,171,142,142],"floor_reached":19,"playtime":446,"items_purged":["Regret","Strike_B"],"score":334,"play_id":"28942491-de34-4616-84d5-cd3d5e543825","local_time":"20190719153444","is_ascension_mode":true,"campfire_choices":[{"data":"Chaos","floor":6.0,"key":"SMITH"},{"data":"Darkness","floor":8.0,"key":"SMITH"},{"data":"Defragment","floor":10.0,"key":"SMITH"},{"data":"Recycle","floor":13.0,"key":"SMITH"},{"data":"Fusion","floor":15.0,"key":"SMITH"}],"neow_cost":"NONE","seed_source_timestamp":77989095347829,"circlet_count":0,"master_deck":["AscendersBane","Strike_B","Strike_B","Strike_B","Defend_B","Defend_B","Defend_B","Defend_B","Zap","Dualcast","Self Repair","Recycle+1","Defragment+1","Chaos+1","Darkness+1","Defragment","Redo","Fusion+1","All For One","Turbo"],"special_seed":0,"relics":["Cracked Core","NeowsBlessing","Kunai","Ornamental Fan","White Beast Statue"],"potions_floor_usage":[19],"damage_taken":[{"damage":0.0,"enemies":"2 Louse","floor":1.0,"turns":1.0},{"damage":0.0,"enemies":"Cultist","floor":4.0,"turns":1.0},{"damage":0.0,"enemies":"Small Slimes","floor":5.0,"turns":1.0},{"damage":20.0,"enemies":"Lagavulin","floor":7.0,"turns":7.0},{"damage":7.0,"enemies":"Looter","floor":12.0,"turns":3.0},{"damage":31.0,"enemies":"Lots of Slimes","floor":14.0,"turns":5.0},{"damage":30.0,"enemies":"Hexaghost","floor":16.0,"turns":10.0},{"damage":29.0,"enemies":"2 Thieves","floor":18.0,"turns":4.0},{"damage":6,"enemies":"3 Byrds","floor":19,"turns":3}],"seed_played":"-4440307573520179767","potions_obtained":[{"floor":4.0,"key":"LiquidBronze"},{"floor":7.0,"key":"SteroidPotion"},{"floor":18.0,"key":"SkillPotion"}],"is_trial":false,"path_per_floor":["M","?","$","M","M","R","E","R","T","R","$","M","R","M","R","B",null,"M","M"],"character_chosen":"DEFECT","items_purchased":["Recycle","Defragment","Defragment"],"campfire_rested":0,"item_purchase_floors":[3,3,11],"current_hp_per_floor":[64,64,64,71,71,71,58,58,58,58,58,58,58,34,34,11,56,34,28],"gold":142,"neow_bonus":"THREE_ENEMY_KILL","is_prod":false,"is_daily":false,"chose_seed":false,"campfire_upgraded":5,"win_rate":0,"timestamp":1563521684,"path_taken":["M","?","$","M","M","R","E","R","T","R","?","M","R","M","R","BOSS","M","M"],"build_version":"2019-07-17","purchased_purges":2,"victory":false,"max_hp_per_floor":[71,71,71,71,71,71,71,71,71,71,71,71,71,71,71,71,71,71,71],"card_choices":[{"not_picked":["Hologram","Rebound"],"picked":"Self Repair","floor":1.0},{"not_picked":["Streamline","Gash","Redo"],"picked":"SKIP","floor":4.0},{"not_picked":["Hello World","Steam"],"picked":"Chaos","floor":5.0},{"not_picked":["Beam Cell","BootSequence"],"picked":"Darkness","floor":7.0},{"not_picked":["Force Field","Loop"],"picked":"Redo","floor":12.0},{"not_picked":["Cold Snap","Gash"],"picked":"Fusion","floor":14.0},{"not_picked":["Machine Learning","Creative AI"],"picked":"All For One","floor":16.0},{"not_picked":["Lockon","Force Field"],"picked":"Turbo","floor":18.0}],"player_experience":2037086,"relics_obtained":[{"floor":7.0,"key":"Kunai"},{"floor":9.0,"key":"Ornamental Fan"}],"event_choices":[{"damage_healed":0.0,"max_hp_gain":0.0,"max_hp_loss":0.0,"gold_gain":275.0,"event_name":"Golden Shrine","player_choice":"Desecrate","floor":2.0,"gold_loss":0.0,"damage_taken":0.0,"cards_obtained":["Regret"]}],"is_beta":false,"boss_relics":[{"not_picked":["Snecko Eye","Sozu"],"picked":"White Beast Statue"}],"items_purged_floors":[3,11],"is_endless":false,"potions_floor_spawned":[4,7,14,18],"killed_by":"3 Byrds","ascension_level":20}