{"gold_per_floor":[116,146,296,140,110,110,140,140,140,160,160,172,186,202,202,279,279,297,15,29,29,29,29,40,58,58,108,108,14,60,79,79,79],"floor_reached":33,"playtime":747,"items_purged":["Doubt","Strike_B"],"score":490,"play_id":"13c853aa-6ac2-43d7-ba34-5aeab9cb26d0","local_time":"20190604023504","is_ascension_mode":true,"campfire_choices":[{"data":"Zap","floor":6.0,"key":"SMITH"},{"data":"Dualcast","floor":8.0,"key":"SMITH"},{"data":"Hologram","floor":11.0,"key":"SMITH"},{"data":"Skim","floor":15,"key":"SMITH"},{"data":"Apotheosis","floor":23,"key":"SMITH"},{"floor":28,"key":"REST"},{"floor":32,"key":"REST"}],"neow_cost":"TEN_PERCENT_HP_LOSS","seed_source_timestamp":126329958950959,"circlet_count":0,"master_deck":["AscendersBane","Strike_B","Strike_B","Strike_B","Defend_B","Defend_B","Defend_B","Defend_B","Zap+1","Dualcast+1","Ball Lightning","Undo","Ball Lightning","Hologram+1","Conserve Battery","Skim+1","Electrodynamics","Apotheosis+1","Glacier","Turbo","Heatsinks","Go for the Eyes+1"],"special_seed":0,"relics":["Cracked Core","Mango","Tiny Chest","Gremlin Horn","Sozu","Strawberry","Mercury Hourglass","Art of War"],"potions_floor_usage":[16],"damage_taken":[{"damage":2.0,"enemies":"Jaw Worm","floor":1.0,"turns":4.0},{"damage":2.0,"enemies":"Lagavulin","floor":7.0,"turns":7.0},{"damage":2.0,"enemies":"2 Louse","floor":10.0,"turns":2.0},{"damage":0.0,"enemies":"Cultist","floor":12.0,"turns":3.0},{"damage":0.0,"enemies":"Exordium Wildlife","floor":13.0,"turns":3.0},{"damage":0,"enemies":"3 Louse","floor":14,"turns":1},{"damage":29,"enemies":"The Guardian","floor":16,"turns":10},{"damage":26,"enemies":"Chosen","floor":18,"turns":4},{"damage":21,"enemies":"2 Thieves","floor":20,"turns":3},{"damage":15,"enemies":"Cultist and Chosen","floor":24,"turns":4},{"damage":0,"enemies":"Snake Plant","floor":25,"turns":4},{"damage":0,"enemies":"Centurion and Healer","floor":31,"turns":4},{"damage":14,"enemies":"Champ","floor":33,"turns":13}],"seed_played":"-1922766177979291911","potions_obtained":[{"floor":5.0,"key":"EntropicBrew"},{"floor":5.0,"key":"Block Potion"},{"floor":7.0,"key":"FocusPotion"}],"is_trial":false,"path_per_floor":["M","?","?","$","?","R","E","R","T","M","R","M","M","M","R","B",null,"M","$","M","T","?","R","M","M","T","?","R","$","T","M","R","B"],"character_chosen":"DEFECT","items_purchased":["Undo","Apotheosis","Turbo","Heatsinks"],"campfire_rested":2,"item_purchase_floors":[4,19,29,29],"current_hp_per_floor":[76,41,41,41,41,41,39,39,39,37,37,37,37,37,37,8,61,35,35,14,21,21,21,6,6,6,6,31,31,31,31,56,42],"gold":79,"neow_bonus":"ONE_RARE_RELIC","is_prod":false,"is_daily":false,"chose_seed":false,"campfire_upgraded":5,"win_rate":0,"timestamp":1559586904,"path_taken":["M","?","?","$","?","R","E","R","T","M","R","M","M","M","R","BOSS","M","$","?","?","?","R","M","?","T","?","R","$","?","M","R","BOSS"],"build_version":"2019-01-23","purchased_purges":2,"victory":false,"max_hp_per_floor":[78,78,78,78,78,78,78,78,78,78,78,78,78,78,78,78,78,78,78,78,85,85,85,85,85,85,85,85,85,85,85,85,85],"card_choices":[{"not_picked":["Leap","Go for the Eyes"],"picked":"Ball Lightning","floor":1.0},{"not_picked":["Gash","Storm"],"picked":"Ball Lightning","floor":7.0},{"not_picked":["Gash","Compile Driver"],"picked":"Hologram","floor":10.0},{"not_picked":["Rebound","Go for the Eyes"],"picked":"Conserve Battery","floor":12.0},{"not_picked":["Conserve Battery","Electrodynamics"],"picked":"Skim","floor":13},{"not_picked":["Stack","Gash","Storm"],"picked":"SKIP","floor":14},{"not_picked":["Core Surge","Multi-Cast"],"picked":"Electrodynamics","floor":16},{"not_picked":["Gash+1","Go for the Eyes","Conserve Battery"],"picked":"SKIP","floor":18},{"not_picked":["Go for the Eyes","Reprogram","Storm"],"picked":"SKIP","floor":20},{"not_picked":["Ball Lightning","Sweeping Beam"],"picked":"Glacier","floor":24},{"not_picked":["Auto Shields","Compile Driver","Melter"],"picked":"SKIP","floor":25},{"not_picked":["Gash","Ball Lightning"],"picked":"Go for the Eyes+1","floor":31}],"player_experience":1861411,"relics_obtained":[{"floor":7.0,"key":"Gremlin Horn"},{"floor":21,"key":"Strawberry"},{"floor":26,"key":"Mercury Hourglass"},{"floor":30,"key":"Art of War"}],"event_choices":[{"damage_healed":0.0,"max_hp_gain":0.0,"max_hp_loss":0.0,"gold_gain":0.0,"event_name":"Scrap Ooze","player_choice":"Success","floor":2.0,"gold_loss":0.0,"damage_taken":35.0,"relics_obtained":["Tiny Chest"]},{"damage_healed":0.0,"max_hp_gain":0.0,"max_hp_loss":0.0,"gold_gain":150.0,"event_name":"Liars Game","player_choice":"AGREE","floor":3.0,"gold_loss":0.0,"damage_taken":0.0,"cards_obtained":["Doubt"]},{"damage_healed":0.0,"max_hp_gain":0.0,"max_hp_loss":0.0,"gold_gain":0.0,"event_name":"The Woman in Blue","player_choice":"Bought 2 Potions","floor":5.0,"gold_loss":0.0,"damage_taken":0.0},{"damage_healed":0,"gold_gain":0,"player_choice":"Got Potions","damage_taken":0,"max_hp_gain":0,"max_hp_loss":0,"event_name":"Lab","floor":22,"gold_loss":0},{"damage_healed":0,"gold_gain":50,"player_choice":"Stole From Cult","damage_taken":0,"max_hp_gain":0,"max_hp_loss":0,"event_name":"Nest","floor":27,"gold_loss":0}],"is_beta":false,"boss_relics":[{"not_picked":["Busted Crown","Fusion Hammer"],"picked":"Sozu"}],"items_purged_floors":[4,19],"is_endless":false,"potions_floor_spawned":[7,12,14,20,25,31],"killed_by":"Champ","ascension_level":20}