{"gold_per_floor":[113,129,140,27,38,38,373,373,442,500,518,187,137,169,169,269,269,279,204,188,204,221,256,269,269],"floor_reached":25,"playtime":2593,"items_purged":["Strike_R","Strike_R"],"score":420,"play_id":"b21ea2a6-0851-4be6-882c-79261bfc95e8","local_time":"20180725233545","daily_mods":["Elite Swarm"],"is_ascension_mode":false,"campfire_choices":[{"data":"Searing Blow","floor":6,"key":"SMITH"},{"data":"Searing Blow+1","floor":8,"key":"SMITH"},{"data":"Barricade","floor":15,"key":"SMITH"}],"neow_cost":"","seed_source_timestamp":0,"circlet_count":0,"master_deck":["Strike_R","Defend_R","Defend_R","Defend_R","Defend_R","Bash","Metallicize","Shrug It Off","Searing Blow+2","Metallicize","Evolve","Exhume+1","Impervious","Shockwave+1","Barricade+1","Offering","Shrug It Off","Shrug It Off","Body Slam","Clash+1","Double Tap"],"relics":["Burning Blood","Old Coin","Pantograph","Tiny Chest","War Paint","Sundial","Singing Bowl"],"potions_floor_usage":[14,16,22,23,25],"damage_taken":[{"damage":6,"enemies":"Cultist","floor":1,"turns":3},{"damage":2,"enemies":"Small Slimes","floor":2,"turns":5},{"damage":0,"enemies":"2 Louse","floor":3,"turns":3},{"damage":2,"enemies":"Looter","floor":5,"turns":4},{"damage":22,"enemies":"Lagavulin","floor":7,"turns":10},{"damage":5,"enemies":"3 Sentries","floor":10,"turns":10},{"damage":1,"enemies":"Blue Slaver","floor":11,"turns":6},{"damage":0,"enemies":"Lagavulin","floor":14,"turns":7},{"damage":0,"enemies":"The Guardian","floor":16,"turns":13},{"damage":7,"enemies":"Shell Parasite","floor":18,"turns":10},{"damage":25,"enemies":"2 Thieves","floor":20,"turns":4},{"damage":7,"enemies":"Cultist and Chosen","floor":21,"turns":13},{"damage":16,"enemies":"Sentry and Sphere","floor":22,"turns":11},{"damage":24,"enemies":"Book of Stabbing","floor":23,"turns":10},{"damage":5,"enemies":"Snecko","floor":24,"turns":5},{"damage":66,"enemies":"Gremlin Leader","floor":25,"turns":13}],"seed_played":"9134490722564731728","potions_obtained":[{"floor":2,"key":"Poison Potion"},{"floor":7,"key":"Fire Potion"},{"floor":11,"key":"Ancient Potion"},{"floor":14,"key":"FairyPotion"},{"floor":21,"key":"Poison Potion"},{"floor":22,"key":"PowerPotion"},{"floor":23,"key":"GamblersBrew"}],"is_trial":true,"path_per_floor":["M","M","M","$","M","R","E","R","T","E","M","$","?","E","R","B",null,"M","?","M","M","M","E","M"],"character_chosen":"IRONCLAD","items_purchased":["Metallicize","Shockwave","War Paint"],"campfire_rested":0,"item_purchase_floors":[4,12,12],"current_hp_per_floor":[80,80,80,80,80,80,64,64,64,65,70,70,70,76,76,80,80,79,79,60,59,49,31,34,0],"gold":269,"neow_bonus":"","is_prod":false,"is_daily":false,"chose_seed":false,"campfire_upgraded":3,"win_rate":0,"timestamp":1532576145,"path_taken":["M","M","M","?","M","R","E","R","T","E","M","$","?","E","R","BOSS","M","?","M","M","M","E","?","E"],"build_version":"2018-07-19v2","purchased_purges":2,"victory":false,"max_hp_per_floor":[80,80,80,80,80,80,80,80,80,80,80,80,80,80,80,80,80,80,80,80,80,80,80,82,82],"card_choices":[{"not_picked":["Twin Strike","True Grit"],"picked":"Metallicize","floor":1},{"not_picked":["Flex","Iron Wave"],"picked":"Shrug It Off","floor":2},{"not_picked":["Headbutt","True Grit"],"picked":"Searing Blow","floor":3},{"not_picked":["Inflame","Sword Boomerang"],"picked":"Evolve","floor":5},{"not_picked":["Bludgeon","Offering"],"picked":"Exhume","floor":7},{"not_picked":["Dark Embrace","Berserk"],"picked":"Impervious","floor":10},{"not_picked":["Sword Boomerang","Uppercut","Combust"],"picked":"SKIP","floor":11},{"not_picked":["Limit Break","Impervious"],"picked":"Barricade","floor":14},{"not_picked":["Berserk","Reaper"],"picked":"Offering","floor":16},{"not_picked":["True Grit","Sword Boomerang"],"picked":"Shrug It Off","floor":18},{"not_picked":["Shockwave","Corruption"],"picked":"Shrug It Off","floor":20},{"not_picked":["Cleave","Headbutt"],"picked":"Body Slam","floor":21},{"not_picked":["Evolve","Sword Boomerang+1"],"picked":"Clash+1","floor":22},{"not_picked":["Fiend Fire","Immolate"],"picked":"Double Tap","floor":23},{"not_picked":["Body Slam","Evolve+1","Sword Boomerang"],"picked":"Singing Bowl","floor":24}],"player_experience":331980,"relics_obtained":[{"floor":7,"key":"Old Coin"},{"floor":9,"key":"Pantograph"},{"floor":10,"key":"Tiny Chest"},{"floor":14,"key":"Sundial"},{"floor":23,"key":"Singing Bowl"}],"event_choices":[{"event_name":"The Cleric","player_choice":"Card Removal","floor":13,"damage_taken":0},{"event_name":"Beggar","player_choice":"Gave Gold","floor":19,"damage_taken":0}],"is_beta":false,"boss_relics":[{"not_picked":["Ectoplasm","Velvet Choker","Runic Dome"]}],"items_purged_floors":[4,12],"is_endless":true,"potions_floor_spawned":[2,7,11,14,21,22,23],"killed_by":"Gremlin Leader","ascension_level":0}