{"gold_per_floor":[109,126,126,126,126,126,138,183,183,183,112,131,143,158,158,262,262,278,253,263,36,47,47,79,79,79,98,98,98,98,108,108,213,213,227,327,327,354,354,379,379,397,397,411,411,442,442,455,455,455],"floor_reached":50,"playtime":2915,"items_purged":["Regret"],"score":587,"play_id":"7dd6cb93-9626-4c20-a31e-cb90e4abff81","local_time":"20190406213911","is_ascension_mode":false,"campfire_choices":[{"data":"Zap","floor":6,"key":"SMITH"},{"floor":10,"key":"RECALL"},{"data":"Defragment","floor":15,"key":"SMITH"},{"data":"Capacitor","floor":23,"key":"SMITH"},{"floor":25,"key":"REST"},{"floor":29,"key":"REST"},{"data":"Defragment","floor":32,"key":"SMITH"},{"data":"Buffer","floor":41,"key":"SMITH"},{"data":"Barrage","floor":45,"key":"SMITH"},{"data":"Double Energy","floor":47,"key":"SMITH"},{"floor":49,"key":"REST"}],"neow_cost":"NONE","seed_source_timestamp":126370786239029,"circlet_count":0,"master_deck":["Strike_B","Strike_B","Strike_B","Defend_B","Defend_B","Zap+1","Dualcast","Blizzard+1","Redo","Defragment+1","Capacitor+1","Beam Cell","Coolheaded","Buffer+1","Cold Snap","Coolheaded","Barrage+1","Enlightenment","Defragment+1","Conserve Battery","Redo","White Noise+1","Electrodynamics+1","Scrape+1","Double Energy+1","Turbo+1","Capacitor+1","Leap","Parasite","Capacitor","Conserve Battery+1"],"relics":["FrozenCore","NeowsBlessing","Darkstone Periapt","Anchor","Lantern","Mummified Hand","WingedGreaves","Enchiridion","Astrolabe","Turnip","Orichalcum","Dream Catcher","Gremlin Horn","Question Card"],"potions_floor_usage":[16,24,33,33,40],"damage_taken":[{"damage":0,"enemies":"Cultist","floor":1,"turns":1},{"damage":0,"enemies":"Jaw Worm","floor":2,"turns":1},{"damage":0,"enemies":"2 Louse","floor":7,"turns":1},{"damage":2,"enemies":"Looter","floor":12,"turns":3},{"damage":22,"enemies":"Exordium Thugs","floor":13,"turns":5},{"damage":1,"enemies":"Gremlin Gang","floor":14,"turns":4},{"damage":47,"enemies":"Slime Boss","floor":16,"turns":11},{"damage":1,"enemies":"Chosen","floor":18,"turns":6},{"damage":9,"enemies":"2 Thieves","floor":19,"turns":5},{"damage":7,"enemies":"Centurion and Healer","floor":20,"turns":12},{"damage":0,"enemies":"Shelled Parasite and Fungi","floor":22,"turns":8},{"damage":54,"enemies":"Gremlin Leader","floor":24,"turns":10},{"damage":0,"enemies":"Snake Plant","floor":27,"turns":7},{"damage":0,"enemies":"Centurion and Healer","floor":31,"turns":8},{"damage":14,"enemies":"Automaton","floor":33,"turns":9},{"damage":0,"enemies":"Orb Walker","floor":35,"turns":4},{"damage":24,"enemies":"Mind Bloom Boss Battle","floor":36,"turns":7},{"damage":0,"enemies":"Reptomancer","floor":40,"turns":7},{"damage":0,"enemies":"3 Darklings","floor":42,"turns":5},{"damage":1,"enemies":"Transient","floor":44,"turns":5},{"damage":0,"enemies":"Giant Head","floor":46,"turns":10},{"damage":0,"enemies":"Writhing Mass","floor":48,"turns":5},{"damage":113,"enemies":"Awakened One","floor":50,"turns":7}],"seed_played":"5401866604092942689","potions_obtained":[{"floor":7,"key":"FearPotion"},{"floor":12,"key":"FearPotion"},{"floor":22,"key":"Regen Potion"},{"floor":24,"key":"GamblersBrew"},{"floor":30,"key":"Fruit Juice"},{"floor":30,"key":"Swift Potion"},{"floor":33,"key":"FairyPotion"},{"floor":40,"key":"Block Potion"},{"floor":42,"key":"PowerPotion"}],"is_trial":false,"path_per_floor":["M","M","?","?","?","R","M","T","T","R","$","M","M","M","R","B",null,"M","M","M","$","M","R","E","R","T","M","?","R","?","M","R","B",null,"M","?","?","T","?","E","R","M","T","M","R","E","R","M","R","B"],"character_chosen":"DEFECT","items_purchased":["Defragment","Barrage","Enlightenment"],"campfire_rested":3,"item_purchase_floors":[11,21,21],"current_hp_per_floor":[75,75,75,72,78,78,78,78,78,78,78,76,54,53,53,6,81,80,71,64,64,64,64,24,48,48,48,32,56,56,56,56,47,86,86,62,62,62,62,62,62,62,62,61,61,61,61,67,92,0],"gold":455,"neow_bonus":"THREE_ENEMY_KILL","is_prod":false,"is_daily":false,"chose_seed":false,"campfire_upgraded":7,"win_rate":0,"timestamp":1554601151,"path_taken":["M","M","?","?","?","R","M","?","T","R","$","M","?","M","R","BOSS","M","M","M","$","M","R","E","R","T","?","?","R","?","M","R","BOSS","M","?","?","?","?","E","R","M","T","M","R","E","R","M","R","BOSS"],"build_version":"2019-01-23","purchased_purges":1,"victory":false,"max_hp_per_floor":[75,75,75,75,81,81,81,81,81,81,81,81,81,81,81,81,81,81,81,81,81,81,81,81,81,81,81,81,81,81,81,81,86,86,86,86,86,86,86,86,86,86,86,86,86,86,86,92,92,92],"card_choices":[{"not_picked":["Conserve Battery","Stack"],"picked":"Blizzard","floor":1},{"not_picked":["Rebound","Fusion","Go for the Eyes"],"picked":"SKIP","floor":2},{"not_picked":["Gash","Scrape"],"picked":"Redo","floor":7},{"not_picked":["Stack","Buffer"],"picked":"Capacitor","floor":12},{"not_picked":["Ball Lightning","Hologram"],"picked":"Beam Cell","floor":13},{"not_picked":["Stack","Fusion"],"picked":"Coolheaded","floor":14},{"not_picked":["Electrodynamics","Hyperbeam"],"picked":"Buffer","floor":16},{"not_picked":["Gash+1","Stack"],"picked":"Cold Snap","floor":18},{"not_picked":["Chaos+1","Force Field"],"picked":"Coolheaded","floor":19},{"not_picked":["Ball Lightning+1","Fission","Darkness"],"picked":"SKIP","floor":20},{"not_picked":["Rip and Tear","Doom and Gloom","Gash"],"picked":"SKIP","floor":22},{"not_picked":["Turbo+1","Stack"],"picked":"Defragment","floor":24},{"not_picked":["Static Discharge","Hello World+1"],"picked":"Conserve Battery","floor":27},{"not_picked":["Skim","Scrape"],"picked":"Redo","floor":31},{"not_picked":["Rebound","Compile Driver"],"picked":"Double Energy","floor":35},{"not_picked":["Tempest","Go for the Eyes+1"],"picked":"Turbo+1","floor":36},{"not_picked":["Skim+1","Leap","Fusion"],"picked":"SKIP","floor":40},{"not_picked":["Gash+1","Skim+1"],"picked":"Leap","floor":42},{"not_picked":["Gash","Ball Lightning","Stack+1"],"picked":"SKIP","floor":44},{"not_picked":["Beam Cell+1","Gash+1","All For One"],"picked":"SKIP","floor":46},{"not_picked":["Redo+1","Compile Driver+1","Ball Lightning"],"picked":"Capacitor","floor":48},{"not_picked":["Rip and Tear+1","Sweeping Beam+1","FTL"],"picked":"Conserve Battery+1","floor":49}],"player_experience":763204,"relics_obtained":[{"floor":8,"key":"Lantern"},{"floor":9,"key":"Mummified Hand"},{"floor":24,"key":"WingedGreaves"},{"floor":28,"key":"Enchiridion"},{"floor":36,"key":"Turnip"},{"floor":38,"key":"Orichalcum"},{"floor":40,"key":"Dream Catcher"},{"floor":43,"key":"Gremlin Horn"},{"floor":46,"key":"Question Card"}],"event_choices":[{"damage_healed":0,"gold_gain":0,"player_choice":"Grow","damage_taken":0,"max_hp_gain":0,"max_hp_loss":0,"event_name":"Living Wall","floor":3,"gold_loss":0,"cards_upgraded":["Blizzard"]},{"damage_healed":0,"gold_gain":0,"player_choice":"Success","damage_taken":3,"relics_obtained":["Darkstone Periapt"],"max_hp_gain":0,"max_hp_loss":0,"event_name":"Scrap Ooze","floor":4,"gold_loss":0},{"damage_healed":0,"gold_gain":0,"player_choice":"Box","damage_taken":0,"relics_obtained":["Anchor"],"max_hp_gain":0,"max_hp_loss":0,"event_name":"Big Fish","floor":5,"gold_loss":0,"cards_obtained":["Regret"]},{"damage_healed":0,"gold_gain":0,"player_choice":"Obtained Book","damage_taken":16,"max_hp_gain":0,"max_hp_loss":0,"event_name":"Cursed Tome","floor":28,"gold_loss":0},{"damage_healed":0,"gold_gain":0,"player_choice":"Got Potions","damage_taken":0,"max_hp_gain":0,"max_hp_loss":0,"event_name":"Lab","floor":30,"gold_loss":0},{"damage_healed":0,"gold_gain":0,"player_choice":"Fight","damage_taken":0,"max_hp_gain":0,"max_hp_loss":0,"event_name":"MindBloom","floor":36,"gold_loss":0},{"damage_healed":0,"gold_gain":0,"player_choice":"Ignored","damage_taken":0,"max_hp_gain":0,"max_hp_loss":0,"event_name":"Tomb of Lord Red Mask","floor":37,"gold_loss":0},{"damage_healed":0,"gold_gain":0,"player_choice":"Copied","damage_taken":0,"max_hp_gain":0,"max_hp_loss":0,"event_name":"Duplicator","floor":39,"gold_loss":0,"cards_obtained":["Capacitor"]}],"is_beta":false,"boss_relics":[{"not_picked":["White Beast Statue","Cursed Key"],"picked":"FrozenCore"},{"not_picked":["Coffee Dripper","Runic Dome"],"picked":"Astrolabe"}],"items_purged_floors":[21],"is_endless":false,"potions_floor_spawned":[7,12,22,24,33,40,42,46,48],"killed_by":"Awakened One","ascension_level":0}