{"gold_per_floor":[114,130,149,30,30,61,61,94,94,59,59,85,96,113,113,113],"floor_reached":16,"playtime":706,"items_purged":[],"score":110,"play_id":"661a9649-9b47-491e-aa1a-6b5d452b831f","local_time":"20190728174324","is_ascension_mode":false,"campfire_choices":[{"floor":7,"key":"REST"},{"floor":15,"key":"REST"}],"neow_cost":"NONE","seed_source_timestamp":236668727357300,"circlet_count":0,"master_deck":["Strike_G","Strike_G","Strike_G","Strike_G","Defend_G","Defend_G","Defend_G","Defend_G","Defend_G","Survivor","Neutralize","Escape Plan","Dagger Spray","Slice","Backstab","Dagger Spray","Blade Dance","Storm of Steel","Dagger Spray","Outmaneuver"],"relics":["Ring of the Snake","NeowsBlessing","Question Card","Happy Flower","PreservedInsect","Darkstone Periapt","Juzu Bracelet"],"potions_floor_usage":[6,16],"damage_taken":[{"damage":0,"enemies":"Cultist","floor":1,"turns":1},{"damage":0,"enemies":"2 Louse","floor":2,"turns":1},{"damage":0,"enemies":"Jaw Worm","floor":3,"turns":1},{"damage":17,"enemies":"Gremlin Nob","floor":6,"turns":4},{"damage":40,"enemies":"Lagavulin","floor":8,"turns":7},{"damage":0,"enemies":"2 Fungi Beasts","floor":13,"turns":1},{"damage":2,"enemies":"Looter","floor":14,"turns":3},{"damage":65,"enemies":"The Guardian","floor":16,"turns":13}],"seed_played":"-6759529839709753363","potions_obtained":[{"floor":1,"key":"SteroidPotion"},{"floor":13,"key":"SkillPotion"}],"is_trial":false,"path_per_floor":["M","M","M","$","?","E","R","E","T","?","?","T","M","M","R","B"],"character_chosen":"THE_SILENT","items_purchased":["Backstab","Dagger Spray"],"campfire_rested":2,"item_purchase_floors":[4,4],"current_hp_per_floor":[70,70,70,70,63,46,67,27,27,44,44,44,44,42,63,0],"gold":113,"neow_bonus":"THREE_ENEMY_KILL","is_prod":false,"is_daily":false,"chose_seed":false,"campfire_upgraded":0,"win_rate":0.0,"timestamp":1564353804,"path_taken":["M","?","M","$","?","E","R","E","T","?","?","?","M","M","R","BOSS"],"build_version":"2019-07-17","purchased_purges":0,"victory":false,"max_hp_per_floor":[70,70,70,70,70,70,70,70,70,70,70,70,70,70,70,70],"card_choices":[{"not_picked":["Deflect","Dagger Throw"],"picked":"Escape Plan","floor":1},{"not_picked":["Outmaneuver","Noxious Fumes"],"picked":"Dagger Spray","floor":2},{"not_picked":["Acrobatics","PiercingWail"],"picked":"Slice","floor":3},{"not_picked":["Eviscerate","Leg Sweep","Footwork"],"picked":"Blade Dance","floor":6},{"not_picked":["Dagger Spray","Underhanded Strike","Night Terror"],"picked":"Storm of Steel","floor":8},{"not_picked":["Flechettes","Prepared","Bane"],"picked":"Dagger Spray","floor":13},{"not_picked":["Sucker Punch","Predator","Terror"],"picked":"Outmaneuver","floor":14}],"player_experience":171782,"relics_obtained":[{"floor":6,"key":"Happy Flower"},{"floor":8,"key":"PreservedInsect"},{"floor":9,"key":"Darkstone Periapt"},{"floor":12,"key":"Juzu Bracelet"}],"event_choices":[{"damage_healed":0,"gold_gain":0,"player_choice":"Success","damage_taken":7,"relics_obtained":["Question Card"],"max_hp_gain":0,"max_hp_loss":0,"event_name":"Scrap Ooze","floor":5,"gold_loss":0},{"damage_healed":17,"gold_gain":0,"player_choice":"Healed","damage_taken":0,"max_hp_gain":0,"max_hp_loss":0,"event_name":"The Cleric","floor":10,"gold_loss":35},{"cards_removed":["Strike_G"],"damage_healed":0,"gold_gain":0,"player_choice":"Forget","damage_taken":0,"max_hp_gain":0,"max_hp_loss":0,"event_name":"Living Wall","floor":11,"gold_loss":0}],"is_beta":false,"boss_relics":[],"items_purged_floors":[],"is_endless":false,"potions_floor_spawned":[1,13],"killed_by":"The Guardian","ascension_level":0}