{"gold_per_floor":[113,113,130,18,38,38,55,55,55,72,72,54,3,28,28,130,130,142,192,192,219,237,237],"floor_reached":23,"playtime":1314,"items_purged":["Strike_G"],"score":220,"play_id":"4184739e-e032-4a63-b4e2-06bc1511ed6e","local_time":"20190511021805","is_ascension_mode":true,"campfire_choices":[{"data":"Footwork","floor":6,"key":"SMITH"},{"data":"Dodge and Roll","floor":8,"key":"SMITH"},{"data":"Accuracy","floor":11,"key":"SMITH"},{"data":"Blade Dance","floor":15,"key":"SMITH"}],"neow_cost":"NONE","seed_source_timestamp":199094240006084,"circlet_count":0,"master_deck":["Defend_G","Defend_G","Defend_G","Defend_G","Defend_G","Strike_G","Strike_G","Strike_G","Strike_G","Survivor","Neutralize","Footwork+1","Dodge and Roll","Accuracy+1","Dagger Spray","Dodge and Roll+1","Deflect","Blade Dance+1","Blade Dance","Phantasmal Killer","Cloak And Dagger","Writhe","Cloak And Dagger+1"],"relics":["Ring of the Snake","Juzu Bracelet","Gambling Chip","Ninja Scroll","Tough Bandages","Cursed Key","Mango","Red Mask"],"potions_floor_usage":[14,14,21,23,23],"damage_taken":[{"damage":0,"enemies":"Small Slimes","floor":1,"turns":3},{"damage":2,"enemies":"Jaw Worm","floor":3,"turns":5},{"damage":0,"enemies":"Cultist","floor":5,"turns":5},{"damage":0,"enemies":"3 Louse","floor":7,"turns":4},{"damage":0,"enemies":"Blue Slaver","floor":10,"turns":5},{"damage":0,"enemies":"Exordium Thugs","floor":12,"turns":5},{"damage":2,"enemies":"Gremlin Nob","floor":14,"turns":4},{"damage":3,"enemies":"The Guardian","floor":16,"turns":13},{"damage":0,"enemies":"Spheric Guardian","floor":18,"turns":4},{"damage":8,"enemies":"Masked Bandits","floor":21,"turns":4},{"damage":0,"enemies":"Shell Parasite","floor":22,"turns":5},{"damage":83,"enemies":"Gremlin Leader","floor":23,"turns":10}],"seed_played":"4655561516289514453","potions_obtained":[{"floor":1,"key":"SkillPotion"},{"floor":10,"key":"Block Potion"},{"floor":12,"key":"Weak Potion"},{"floor":16,"key":"LiquidBronze"},{"floor":22,"key":"AttackPotion"}],"is_trial":false,"path_per_floor":["M","?","M","$","M","R","M","R","T","M","R","M","$","E","R","B",null,"M","?","?","?","M","E"],"character_chosen":"THE_SILENT","items_purchased":["Accuracy","Blade Dance"],"campfire_rested":0,"item_purchase_floors":[4,13],"current_hp_per_floor":[70,63,61,61,61,61,61,61,61,61,61,61,61,59,59,56,70,70,70,84,76,76,0],"gold":237,"neow_bonus":"RANDOM_COMMON_RELIC","is_prod":false,"is_daily":false,"chose_seed":false,"campfire_upgraded":4,"win_rate":0,"timestamp":1557555485,"path_taken":["M","?","M","$","M","R","M","R","T","M","R","M","$","E","R","BOSS","M","?","?","?","M","E"],"build_version":"2019-01-23","purchased_purges":1,"victory":false,"max_hp_per_floor":[70,70,70,70,70,70,70,70,70,70,70,70,70,70,70,70,70,70,70,84,84,84,84],"card_choices":[{"not_picked":["Blur","Catalyst"],"picked":"Footwork","floor":1},{"not_picked":["Setup","Slice"],"picked":"Dodge and Roll","floor":3},{"not_picked":["Poisoned Stab","Deflect"],"picked":"Dagger Spray","floor":5},{"not_picked":["Flying Knee","Deflect"],"picked":"Dodge and Roll","floor":7},{"not_picked":["Sucker Punch","Dodge and Roll"],"picked":"Deflect","floor":10},{"not_picked":["Glass Knife","Slice"],"picked":"Blade Dance","floor":12},{"not_picked":["Dagger Spray","Dash","Quick Slash"],"picked":"SKIP","floor":14},{"not_picked":["Bullet Time","Unload"],"picked":"Phantasmal Killer","floor":16},{"not_picked":["Prepared","Sucker Punch"],"picked":"Cloak And Dagger","floor":18},{"not_picked":["Deadly Poison","Dash"],"picked":"Cloak And Dagger+1","floor":22}],"player_experience":966676,"relics_obtained":[{"floor":9,"key":"Ninja Scroll"},{"floor":14,"key":"Tough Bandages"},{"floor":21,"key":"Red Mask"}],"event_choices":[{"damage_healed":0,"gold_gain":0,"player_choice":"Success","damage_taken":7,"relics_obtained":["Gambling Chip"],"max_hp_gain":0,"max_hp_loss":0,"event_name":"Scrap Ooze","floor":2,"gold_loss":0},{"damage_healed":0,"gold_gain":100,"player_choice":"Bet on Murderer","damage_taken":0,"max_hp_gain":0,"max_hp_loss":0,"event_name":"The Joust","floor":19,"gold_loss":50},{"damage_healed":0,"gold_gain":0,"player_choice":"Opened","damage_taken":0,"relics_obtained":["Mango"],"max_hp_gain":0,"max_hp_loss":0,"event_name":"The Mausoleum","floor":20,"gold_loss":0,"cards_obtained":["Writhe"]},{"damage_healed":0,"gold_gain":0,"player_choice":"Fought Bandits","damage_taken":0,"max_hp_gain":0,"max_hp_loss":0,"event_name":"Masked Bandits","floor":21,"gold_loss":0}],"is_beta":false,"boss_relics":[{"not_picked":["Fusion Hammer","Lizard Tail"],"picked":"Cursed Key"}],"items_purged_floors":[4],"is_endless":false,"potions_floor_spawned":[1,10,12,16,22],"killed_by":"Gremlin Leader","ascension_level":3}