{"gold_per_floor":[119,136,146,161,336,367,386,404,404,67,67],"floor_reached":11,"playtime":1069,"items_purged":[],"score":96,"play_id":"d46b3513-4987-44da-aa95-1df1e4df4b0b","local_time":"20180723145841","is_ascension_mode":true,"campfire_choices":[],"neow_cost":"","seed_source_timestamp":173434694931916,"circlet_count":0,"master_deck":["Defend_G","Defend_G","Defend_G","Defend_G","Defend_G","Strike_G","Strike_G","Strike_G","Strike_G","Strike_G","Survivor","Neutralize","Blade Dance","PiercingWail","Slice","Deflect","Doubt","Dagger Throw","Blur","PiercingWail","Adrenaline","Dagger Throw","All Out Attack","Bandage Up"],"relics":["Ring of the Snake","Meat on the Bone","Juzu Bracelet"],"potions_floor_usage":[4,7,11],"damage_taken":[{"damage":0,"enemies":"Jaw Worm","floor":1,"turns":7},{"damage":4,"enemies":"Small Slimes","floor":2,"turns":5},{"damage":0,"enemies":"Cultist","floor":3,"turns":4},{"damage":0,"enemies":"3 Louse","floor":4,"turns":2},{"damage":41,"enemies":"3 Sentries","floor":6,"turns":17},{"damage":14,"enemies":"Gremlin Gang","floor":7,"turns":8},{"damage":4,"enemies":"Red Slaver","floor":8,"turns":5},{"damage":38,"enemies":"Gremlin Nob","floor":11,"turns":4}],"seed_played":"-2555446867178260078","potions_obtained":[{"floor":1,"key":"SteroidPotion"},{"floor":6,"key":"Block Potion"},{"floor":8,"key":"GamblersBrew"}],"is_trial":false,"path_per_floor":["M","M","M","M","?","E","M","M","T","$"],"character_chosen":"THE_SILENT","items_purchased":["Adrenaline","Dagger Throw","All Out Attack","Bandage Up"],"campfire_rested":0,"item_purchase_floors":[10,10,10,10],"current_hp_per_floor":[70,66,66,66,66,25,23,31,31,31,0],"gold":67,"neow_bonus":"","is_prod":false,"is_daily":false,"chose_seed":false,"campfire_upgraded":0,"win_rate":0,"timestamp":1532372321,"path_taken":["M","M","M","M","?","E","M","M","T","$","E"],"build_version":"2018-07-19v2","purchased_purges":0,"victory":false,"max_hp_per_floor":[70,70,70,70,70,70,70,70,70,70,70],"card_choices":[{"not_picked":["Finisher","Acrobatics"],"picked":"Blade Dance","floor":1},{"not_picked":["Quick Slash","Prepared"],"picked":"PiercingWail","floor":2},{"not_picked":["Reflex","Choke"],"picked":"Slice","floor":3},{"not_picked":["Expertise","Caltrops"],"picked":"Deflect","floor":4},{"not_picked":["Flying Knee","Sucker Punch"],"picked":"Dagger Throw","floor":6},{"not_picked":["Bane","Dodge and Roll"],"picked":"Blur","floor":7},{"not_picked":["Deflect","Underhanded Strike"],"picked":"PiercingWail","floor":8}],"player_experience":268494,"relics_obtained":[{"floor":6,"key":"Meat on the Bone"},{"floor":9,"key":"Juzu Bracelet"}],"event_choices":[{"event_name":"Liars Game","player_choice":"agreed","floor":5,"damage_taken":0}],"is_beta":false,"boss_relics":[],"items_purged_floors":[],"is_endless":false,"potions_floor_spawned":[1,6,8],"killed_by":"Gremlin Nob","ascension_level":5}