{"gold_per_floor":[114,39,39,55,67,67,87,87,87,12,25,57,77,77],"floor_reached":14,"playtime":397,"items_purged":["Strike_G"],"score":184,"play_id":"e53a03af-ce35-46ff-a160-4ea0ab9b8821","local_time":"20190602215514","is_ascension_mode":true,"campfire_choices":[{"data":"Flechettes","floor":6,"key":"SMITH"}],"neow_cost":"NONE","seed_source_timestamp":23504973626726,"circlet_count":0,"master_deck":["AscendersBane","Defend_G","Defend_G+1","Defend_G+1","Defend_G","Defend_G","Strike_G","Survivor","Neutralize","Heel Hook","Flechettes+1","Well Laid Plans","Escape Plan"],"relics":["Empty Cage","Pantograph","Mercury Hourglass","Dream Catcher"],"potions_floor_usage":[12,14],"damage_taken":[{"damage":0,"enemies":"Small Slimes","floor":1,"turns":6},{"damage":9,"enemies":"Cultist","floor":4,"turns":6},{"damage":0,"enemies":"2 Louse","floor":5,"turns":5},{"damage":4,"enemies":"Red Slaver","floor":7,"turns":3},{"damage":6,"enemies":"Lots of Slimes","floor":11,"turns":4},{"damage":14,"enemies":"Gremlin Nob","floor":12,"turns":4},{"damage":0,"enemies":"3 Louse","floor":13,"turns":4},{"damage":5,"enemies":"3 Sentries","floor":14,"turns":5}],"seed_played":"-303927692113755543","potions_obtained":[{"floor":1,"key":"Strength Potion"},{"floor":11,"key":"GamblersBrew"},{"floor":12,"key":"PowerPotion"}],"is_trial":false,"path_per_floor":["M","?","?","M","M","R","M","?","T","$","M","E","M","E"],"character_chosen":"THE_SILENT","items_purchased":[],"campfire_rested":0,"item_purchase_floors":[],"current_hp_per_floor":[59,59,59,50,50,50,46,26,26,26,20,6,6,1],"gold":77,"neow_bonus":"BOSS_RELIC","is_prod":false,"is_daily":false,"chose_seed":false,"campfire_upgraded":1,"win_rate":0,"timestamp":1559483714,"path_taken":["M","?","?","M","?","R","M","?","T","$","M","E","M","E"],"build_version":"2019-01-23","purchased_purges":1,"victory":false,"max_hp_per_floor":[66,66,66,66,66,66,66,66,66,66,66,66,66,66],"card_choices":[{"not_picked":["Blade Dance","Sucker Punch"],"picked":"Heel Hook","floor":1},{"not_picked":["Deadly Poison","Setup"],"picked":"Flechettes","floor":4},{"not_picked":["Slice","Terror"],"picked":"Well Laid Plans","floor":5},{"not_picked":["Heel Hook","Dagger Spray","Accuracy"],"picked":"SKIP","floor":7},{"not_picked":["Dagger Throw","Slice","Underhanded Strike"],"picked":"SKIP","floor":11},{"not_picked":["Skewer","Dagger Spray","PiercingWail"],"picked":"SKIP","floor":12},{"not_picked":["Night Terror","Blade Dance"],"picked":"Escape Plan","floor":13}],"player_experience":1843982,"relics_obtained":[{"floor":9,"key":"Mercury Hourglass"},{"floor":12,"key":"Dream Catcher"}],"event_choices":[{"cards_removed":["Strike_G"],"damage_healed":0,"gold_gain":0,"player_choice":"Card Removal","damage_taken":0,"max_hp_gain":0,"max_hp_loss":0,"event_name":"The Cleric","floor":2,"gold_loss":75},{"damage_healed":0,"gold_gain":0,"player_choice":"Gave Potion","damage_taken":0,"relics_obtained":["Pantograph"],"max_hp_gain":0,"max_hp_loss":0,"event_name":"WeMeetAgain","floor":3,"gold_loss":0},{"damage_healed":0,"gold_gain":0,"player_choice":"Entered Light","damage_taken":20,"max_hp_gain":0,"max_hp_loss":0,"event_name":"Shining Light","floor":8,"gold_loss":0,"cards_upgraded":["Defend_G","Defend_G"]}],"is_beta":false,"boss_relics":[],"items_purged_floors":[10],"is_endless":false,"potions_floor_spawned":[1,11,12],"killed_by":"3 Sentries","ascension_level":20}