{"gold_per_floor":[109,109,109,123,173,173,203,203,227,254,265,136,136,153,153,227,227,247,172,272,272,322,322,350,320,366,136,11,24,36,51,51,51],"floor_reached":33,"playtime":1315,"items_purged":["Strike_G","Flying Knee","Dagger Throw"],"score":572,"play_id":"22086a4f-0a75-4bff-88e1-1d07f04b4c6e","local_time":"20190621180717","is_ascension_mode":true,"campfire_choices":[{"data":"Flechettes","floor":6.0,"key":"SMITH"},{"data":"Neutralize","floor":13.0,"key":"SMITH"},{"data":"Predator","floor":15.0,"key":"SMITH"},{"floor":23,"key":"REST"},{"data":"Calculated Gamble","floor":32,"key":"SMITH"}],"neow_cost":"NONE","seed_source_timestamp":1650441752591921,"circlet_count":0,"master_deck":["AscendersBane","Survivor","Neutralize+1","Flechettes+1","Predator+1","After Image","Blade Dance","Deadly Poison","Prepared","Tools of the Trade","Finisher","PiercingWail","Crippling Poison+1","Well Laid Plans","Acrobatics","Backflip","Calculated Gamble+1","Escape Plan"],"special_seed":0,"relics":["Ring of the Snake","NeowsBlessing","Oddly Smooth Stone","Juzu Bracelet","Happy Flower","Odd Mushroom","Pandora\u0027s Box","Pocketwatch","Bottled Tornado","Omamori","Art of War"],"potions_floor_usage":[20,20,33,33],"damage_taken":[{"damage":0.0,"enemies":"2 Louse","floor":1.0,"turns":1.0},{"damage":0.0,"enemies":"Small Slimes","floor":4.0,"turns":1.0},{"damage":0.0,"enemies":"3 Sentries","floor":7.0,"turns":1.0},{"damage":4.0,"enemies":"The Mushroom Lair","floor":10.0,"turns":4.0},{"damage":5.0,"enemies":"Cultist","floor":11.0,"turns":4.0},{"damage":1.0,"enemies":"2 Fungi Beasts","floor":14.0,"turns":3.0},{"damage":27.0,"enemies":"Slime Boss","floor":16.0,"turns":14.0},{"damage":7,"enemies":"Spheric Guardian","floor":18,"turns":3},{"damage":0,"enemies":"Colosseum Slavers","floor":20,"turns":1},{"damage":36,"enemies":"Colosseum Nobs","floor":20,"turns":6},{"damage":10,"enemies":"Gremlin Leader","floor":24,"turns":7},{"damage":7,"enemies":"Chosen","floor":29,"turns":5},{"damage":4,"enemies":"Centurion and Healer","floor":30,"turns":5},{"damage":3,"enemies":"Snake Plant","floor":31,"turns":4},{"damage":1,"enemies":"Champ","floor":33,"turns":12}],"seed_played":"3102459698280563588","potions_obtained":[{"floor":1.0,"key":"Dexterity Potion"},{"floor":4.0,"key":"Strength Potion"},{"floor":11.0,"key":"EntropicBrew"},{"floor":25,"key":"Swift Potion"},{"floor":25,"key":"PowerPotion"}],"is_trial":false,"path_per_floor":["M","?","?","M","?","R","E","?","T","?","M","$","R","M","R","B",null,"M","?","?","?","?","R","E","?","T","$","$","M","M","M","R","B"],"character_chosen":"THE_SILENT","items_purchased":["Swift Potion","Well Laid Plans","Acrobatics"],"campfire_rested":1,"item_purchase_floors":[12,27,27],"current_hp_per_floor":[59,48,41,41,41,41,41,46,46,42,37,37,37,36,36,9,56,49,49,13,13,13,34,24,24,24,24,24,17,13,10,10,9],"gold":51,"neow_bonus":"THREE_ENEMY_KILL","is_prod":false,"is_daily":false,"chose_seed":false,"campfire_upgraded":4,"win_rate":0,"timestamp":1561111637,"path_taken":["M","?","?","M","?","R","E","?","T","?","M","?","R","M","R","BOSS","M","?","?","?","?","R","E","?","T","?","$","M","M","M","R","BOSS"],"build_version":"2019-01-23","purchased_purges":3,"victory":false,"max_hp_per_floor":[66,66,66,66,66,66,66,71,71,71,71,71,71,71,71,71,71,71,71,71,71,71,71,71,71,71,71,71,71,71,71,71,71],"card_choices":[{"not_picked":["Prepared","Quick Slash"],"picked":"Flechettes","floor":1.0},{"not_picked":["Distraction","Accuracy","Prepared"],"picked":"SKIP","floor":4.0},{"not_picked":["Slice","Quick Slash","Sucker Punch"],"picked":"SKIP","floor":7.0},{"not_picked":["Distraction","Outmaneuver","Quick Slash"],"picked":"SKIP","floor":11.0},{"not_picked":["Dodge and Roll","Poisoned Stab"],"picked":"Predator","floor":14.0},{"not_picked":["Glass Knife","Unload"],"picked":"After Image","floor":16.0},{"not_picked":["Quick Slash","Crippling Poison"],"picked":"PiercingWail","floor":18},{"not_picked":["Sucker Punch","PiercingWail"],"picked":"Crippling Poison+1","floor":20},{"not_picked":["Tools of the Trade","Skewer+1","Heel Hook"],"picked":"SKIP","floor":24},{"not_picked":["Quick Slash","Crippling Poison"],"picked":"Backflip","floor":29},{"not_picked":["Endless Agony","Deadly Poison"],"picked":"Calculated Gamble","floor":30},{"not_picked":["Blade Dance","Eviscerate"],"picked":"Escape Plan","floor":31}],"player_experience":1959662,"relics_obtained":[{"floor":7.0,"key":"Juzu Bracelet"},{"floor":9.0,"key":"Happy Flower"},{"floor":10.0,"key":"Odd Mushroom"},{"floor":20,"key":"Pocketwatch"},{"floor":20,"key":"Bottled Tornado"},{"floor":24,"key":"Omamori"},{"floor":26,"key":"Art of War"}],"event_choices":[{"damage_healed":0.0,"max_hp_gain":0.0,"max_hp_loss":0.0,"gold_gain":0.0,"event_name":"Scrap Ooze","player_choice":"Success","floor":2.0,"gold_loss":0.0,"damage_taken":11.0,"relics_obtained":["Oddly Smooth Stone"]},{"cards_removed":["Strike_G"],"damage_healed":0.0,"max_hp_gain":0.0,"max_hp_loss":0.0,"gold_gain":0.0,"event_name":"Golden Wing","player_choice":"Card Removal","floor":3.0,"gold_loss":0.0,"damage_taken":7.0},{"damage_healed":0.0,"max_hp_gain":0.0,"max_hp_loss":0.0,"gold_gain":50.0,"event_name":"Golden Shrine","player_choice":"Pray","floor":5.0,"gold_loss":0.0,"damage_taken":0.0},{"damage_healed":0.0,"max_hp_gain":5.0,"max_hp_loss":0.0,"gold_gain":0.0,"event_name":"Big Fish","player_choice":"Donut","floor":8.0,"gold_loss":0.0,"damage_taken":0.0},{"damage_healed":0.0,"max_hp_gain":0.0,"max_hp_loss":0.0,"gold_gain":0.0,"event_name":"Mushrooms","player_choice":"Fought Mushrooms","floor":10.0,"gold_loss":0.0,"damage_taken":0.0},{"cards_removed":["Sucker Punch"],"damage_healed":0,"gold_gain":0,"player_choice":"Gave Gold","damage_taken":0,"max_hp_gain":0,"max_hp_loss":0,"event_name":"Beggar","floor":19,"gold_loss":75},{"damage_healed":0,"gold_gain":0,"player_choice":"Fight","damage_taken":0,"max_hp_gain":0,"max_hp_loss":0,"event_name":"Colosseum","floor":20,"gold_loss":0},{"damage_healed":0,"gold_gain":0,"player_choice":"Fought Nobs","damage_taken":0,"max_hp_gain":0,"max_hp_loss":0,"event_name":"Colosseum","floor":20,"gold_loss":0},{"damage_healed":0,"gold_gain":0,"player_choice":"0 cards matched","damage_taken":0,"max_hp_gain":0,"max_hp_loss":0,"event_name":"Match and Keep!","floor":21,"gold_loss":0,"cards_obtained":[]},{"damage_healed":0,"gold_gain":100,"player_choice":"Bet on Murderer","damage_taken":0,"max_hp_gain":0,"max_hp_loss":0,"event_name":"The Joust","floor":22,"gold_loss":50},{"damage_healed":0,"gold_gain":0,"player_choice":"Bought 2 Potions","damage_taken":0,"max_hp_gain":0,"max_hp_loss":0,"event_name":"The Woman in Blue","floor":25,"gold_loss":0}],"is_beta":false,"boss_relics":[{"not_picked":["WristBlade","Orrery"],"picked":"Pandora\u0027s Box"}],"items_purged_floors":[12,27,28],"is_endless":false,"potions_floor_spawned":[1,4,11,14,29,31],"killed_by":"Champ","ascension_level":20}