{"gold_per_floor":[366,366,1,1,12,12,25,25,100,100,130,141,156,166,166,245,245,255,255,5,15,31,31,41,71,94,105,105],"floor_reached":28,"playtime":1230,"items_purged":["Pain"],"score":424,"play_id":"efc73283-9bac-44ac-9553-8ba478786f71","local_time":"20181010140226","is_ascension_mode":true,"campfire_choices":[{"data":"True Grit","floor":6.0,"key":"SMITH"},{"data":"Disarm","floor":8.0,"key":"SMITH"},{"data":"Demon Form","floor":15.0,"key":"SMITH"},{"data":"Pommel Strike","floor":23.0,"key":"SMITH"}],"neow_cost":"CURSE","seed_source_timestamp":2237548178644307,"circlet_count":0,"master_deck":["Strike_R","Strike_R","Strike_R","Strike_R","Strike_R+1","Defend_R+1","Defend_R","Defend_R","Defend_R","Bash+1","AscendersBane","Clothesline","Spot Weakness","True Grit+1","Disarm+1","Demon Form+1","Pommel Strike+1","Thunderclap","Warcry+1","Limit Break+1","True Grit+1","Shrug It Off+1","Reaper","Warcry+1","Metallicize+1","Pommel Strike","Warcry+1","True Grit+1","Iron Wave+1"],"special_seed":0,"relics":["Burning Blood","ClockworkSouvenir","Sundial","Blood Vial","Toxic Egg 2","Coffee Dripper","PreservedInsect","Juzu Bracelet"],"potions_floor_usage":[28],"damage_taken":[{"damage":8.0,"enemies":"Small Slimes","floor":1.0,"turns":4.0},{"damage":0.0,"enemies":"2 Louse","floor":5.0,"turns":4.0},{"damage":0.0,"enemies":"Cultist","floor":7.0,"turns":3.0},{"damage":22.0,"enemies":"Lagavulin","floor":11.0,"turns":9.0},{"damage":2.0,"enemies":"2 Fungi Beasts","floor":12.0,"turns":6.0},{"damage":0.0,"enemies":"Red Slaver","floor":13.0,"turns":5.0},{"damage":8.0,"enemies":"Looter","floor":14.0,"turns":3.0},{"damage":27.0,"enemies":"The Guardian","floor":16.0,"turns":11.0},{"damage":7.0,"enemies":"Shell Parasite","floor":18.0,"turns":6.0},{"damage":21.0,"enemies":"3 Byrds","floor":21.0,"turns":4.0},{"damage":6.0,"enemies":"Snake Plant","floor":22.0,"turns":10.0},{"damage":15.0,"enemies":"Cultist and Chosen","floor":24.0,"turns":6.0},{"damage":42.0,"enemies":"Gremlin Leader","floor":25.0,"turns":8.0},{"damage":70.0,"enemies":"3 Cultists","floor":27.0,"turns":7.0},{"damage":18,"enemies":"Book of Stabbing","floor":28,"turns":2}],"seed_played":"-6584008510998981754","potions_obtained":[{"floor":1.0,"key":"Dexterity Potion"},{"floor":5.0,"key":"Regen Potion"},{"floor":7.0,"key":"EntropicBrew"},{"floor":25.0,"key":"PowerPotion"}],"is_trial":false,"path_per_floor":["M","?","$","?","M","R","M","R","T","?","E","M","M","M","R","B",null,"M","?","$","M","M","R","M","E","T","M"],"character_chosen":"IRONCLAD","items_purchased":["ClockworkSouvenir","Spot Weakness","Shrug It Off+1","Reaper","Warcry+1"],"campfire_rested":0,"item_purchase_floors":[3,3,20,20,20],"current_hp_per_floor":[66,43,43,43,49,49,55,55,55,44,45,51,59,59,59,40,66,67,46,46,33,69,69,78,76,76,14,0],"gold":105,"neow_bonus":"TWO_FIFTY_GOLD","is_prod":false,"is_daily":false,"chose_seed":false,"campfire_upgraded":4,"win_rate":0,"timestamp":1539194546,"path_taken":["M","?","$","?","M","R","M","R","T","?","E","?","M","?","R","BOSS","M","?","$","M","M","R","M","E","T","M","E"],"build_version":"2018-10-04v2","purchased_purges":1,"victory":false,"max_hp_per_floor":[75,75,75,75,75,75,75,75,75,75,75,75,75,75,75,75,75,75,80,80,80,80,80,80,80,80,80,80],"card_choices":[{"not_picked":["Clash","Sword Boomerang"],"picked":"Clothesline","floor":1.0},{"not_picked":["Thunderclap","Warcry"],"picked":"True Grit","floor":5.0},{"not_picked":["Perfected Strike","Corruption"],"picked":"Disarm","floor":7.0},{"not_picked":["Perfected Strike","Sword Boomerang"],"picked":"Demon Form","floor":11.0},{"not_picked":["Combust","Heavy Blade"],"picked":"Pommel Strike","floor":12.0},{"not_picked":["Flex+1","Cleave"],"picked":"Thunderclap","floor":13.0},{"not_picked":["Iron Wave","Bludgeon"],"picked":"Warcry+1","floor":14.0},{"not_picked":["Reaper","Juggernaut"],"picked":"Limit Break+1","floor":16.0},{"not_picked":["Armaments+1","Twin Strike"],"picked":"True Grit+1","floor":18.0},{"not_picked":["Clothesline","Wild Strike+1"],"picked":"Metallicize+1","floor":21.0},{"not_picked":["Wild Strike","Bludgeon"],"picked":"Pommel Strike","floor":22.0},{"not_picked":["Flex+1","Cleave"],"picked":"Warcry+1","floor":24.0},{"not_picked":["Seeing Red+1","Brutality"],"picked":"True Grit+1","floor":25.0},{"not_picked":["Second Wind+1","Body Slam"],"picked":"Iron Wave+1","floor":27.0}],"player_experience":842833,"relics_obtained":[{"floor":9.0,"key":"Sundial"},{"floor":11.0,"key":"Toxic Egg 2"},{"floor":25.0,"key":"PreservedInsect"},{"floor":26.0,"key":"Juzu Bracelet"}],"event_choices":[{"event_name":"Shining Light","player_choice":"Entered Light","floor":2.0,"damage_taken":0.0},{"event_name":"Upgrade Shrine","player_choice":"Upgraded","floor":4.0,"damage_taken":0.0},{"event_name":"Scrap Ooze","player_choice":"success","floor":10.0,"damage_taken":11.0},{"event_name":"Forgotten Altar","player_choice":"Shed Blood","floor":19.0,"damage_taken":0.0}],"is_beta":false,"boss_relics":[{"not_picked":["Fusion Hammer","Runic Dome"],"picked":"Coffee Dripper"}],"items_purged_floors":[3],"is_endless":false,"potions_floor_spawned":[1,5,7,18,25,27],"killed_by":"Book of Stabbing","ascension_level":15}