{"gold_per_floor":[119,119,134,209,8,8,42,42,67,67,78,109,109,109,109,185,185,196,0,11,11,23,23,48,0,36,48,77,89],"floor_reached":29,"playtime":620,"items_purged":["Strike_B","Strike_B"],"score":548,"play_id":"55671358-6cac-4e2d-8393-6453de68679e","local_time":"20190601154157","is_ascension_mode":true,"campfire_choices":[{"data":"Zap","floor":6.0,"key":"SMITH"},{"data":"Dualcast","floor":10.0,"key":"SMITH"},{"data":"Blizzard","floor":13.0,"key":"SMITH"},{"data":"Coolheaded","floor":15.0,"key":"SMITH"},{"data":"Fusion","floor":23.0,"key":"SMITH"},{"data":"Double Energy","floor":27.0,"key":"SMITH"}],"neow_cost":"NONE","seed_source_timestamp":2373874856754,"circlet_count":0,"master_deck":["AscendersBane","Strike_B","Defend_B","Defend_B","Defend_B","Defend_B","Zap+1","Dualcast+1","Melter","Heatsinks","Ball Lightning","Coolheaded+1","Blizzard+1","Core Surge","Echo Form","Fusion+1","Self Repair","Undo","Double Energy+1","Redo+1","Heatsinks"],"special_seed":0,"relics":["Cracked Core","NeowsBlessing","Cables","Regal Pillow","Emotion Chip","Black Star","Bag of Marbles","MawBank"],"potions_floor_usage":[28],"damage_taken":[{"damage":0.0,"enemies":"Jaw Worm","floor":1.0,"turns":1.0},{"damage":0.0,"enemies":"Cultist","floor":3.0,"turns":1.0},{"damage":0.0,"enemies":"Lagavulin","floor":7.0,"turns":1.0},{"damage":0.0,"enemies":"Small Slimes","floor":11.0,"turns":2.0},{"damage":6.0,"enemies":"Gremlin Nob","floor":12.0,"turns":3.0},{"damage":22.0,"enemies":"Slime Boss","floor":16.0,"turns":7.0},{"damage":22.0,"enemies":"2 Thieves","floor":18.0,"turns":2.0},{"damage":1.0,"enemies":"Chosen","floor":20.0,"turns":4.0},{"damage":24.0,"enemies":"Centurion and Healer","floor":22.0,"turns":8.0},{"damage":19.0,"enemies":"Book of Stabbing","floor":24.0,"turns":7.0},{"damage":18,"enemies":"Snecko","floor":28,"turns":5},{"damage":12,"enemies":"Colosseum Slavers","floor":29,"turns":2}],"seed_played":"3902656056570498286","potions_obtained":[{"floor":2.0,"key":"SmokeBomb"},{"floor":2.0,"key":"Fruit Juice"},{"floor":3.0,"key":"SpeedPotion"},{"floor":11.0,"key":"FocusPotion"},{"floor":16.0,"key":"PowerPotion"},{"floor":18.0,"key":"SpeedPotion"},{"floor":20.0,"key":"AttackPotion"},{"floor":22.0,"key":"SpeedPotion"},{"floor":28,"key":"Dexterity Potion"}],"is_trial":false,"path_per_floor":["M","?","M","?","$","R","E","?","T","R","M","E","R","?","R","B",null,"M","$","M","?","M","R","E","?","T","R","M","?"],"character_chosen":"DEFECT","items_purchased":["Heatsinks","Ball Lightning","Self Repair","SkillPotion"],"campfire_rested":0,"item_purchase_floors":[5,5,19,19],"current_hp_per_floor":[64,64,69,58,58,58,58,58,58,58,58,52,52,52,52,30,65,43,43,49,49,39,39,27,27,27,27,23,11],"gold":89,"neow_bonus":"THREE_ENEMY_KILL","is_prod":false,"is_daily":false,"chose_seed":false,"campfire_upgraded":6,"win_rate":0,"timestamp":1559374917,"path_taken":["M","?","?","?","$","R","E","?","T","R","?","E","R","?","R","BOSS","M","$","M","?","M","R","E","?","T","R","M","?"],"build_version":"2019-01-23","purchased_purges":2,"victory":false,"max_hp_per_floor":[71,71,76,76,76,76,76,76,76,76,76,76,76,76,76,76,76,76,76,76,76,76,76,76,76,76,76,76,76],"card_choices":[{"not_picked":["Compile Driver","Blizzard","Hologram"],"picked":"SKIP","floor":1.0},{"not_picked":["Go for the Eyes","Streamline"],"picked":"Melter","floor":3.0},{"not_picked":["Amplify","Fusion"],"picked":"Coolheaded","floor":7.0},{"not_picked":["Reprogram","Redo"],"picked":"Blizzard","floor":11.0},{"not_picked":["Stack","Turbo"],"picked":"Core Surge","floor":12.0},{"not_picked":["Core Surge","Machine Learning"],"picked":"Echo Form","floor":16.0},{"not_picked":["Genetic Algorithm","Lockon"],"picked":"Fusion","floor":18.0},{"not_picked":["Cold Snap","Blizzard"],"picked":"Undo","floor":20.0},{"not_picked":["Melter","Beam Cell"],"picked":"Double Energy","floor":22.0},{"not_picked":["Thunder Strike","Heatsinks"],"picked":"Redo+1","floor":24.0},{"not_picked":["Barrage","Scrape+1"],"picked":"Heatsinks","floor":28}],"player_experience":1819432,"relics_obtained":[{"floor":7.0,"key":"Cables"},{"floor":9.0,"key":"Regal Pillow"},{"floor":12.0,"key":"Emotion Chip"},{"floor":24.0,"key":"Bag of Marbles"},{"floor":24.0,"key":"MawBank"}],"event_choices":[{"damage_healed":0.0,"max_hp_gain":0.0,"max_hp_loss":0.0,"gold_gain":0.0,"event_name":"Lab","player_choice":"Got Potions","floor":2.0,"gold_loss":0.0,"damage_taken":0.0},{"damage_healed":0.0,"max_hp_gain":0.0,"max_hp_loss":0.0,"gold_gain":75.0,"event_name":"World of Goop","player_choice":"Gather Gold","floor":4.0,"gold_loss":0.0,"damage_taken":11.0},{"cards_removed":["Strike_B"],"damage_healed":0.0,"max_hp_gain":0.0,"max_hp_loss":0.0,"gold_gain":0.0,"event_name":"Purifier","player_choice":"Purged","floor":8.0,"gold_loss":0.0,"damage_taken":0.0},{"damage_healed":0.0,"max_hp_gain":0.0,"max_hp_loss":0.0,"gold_gain":0.0,"event_name":"Liars Game","player_choice":"Ignored","floor":14.0,"gold_loss":0.0,"damage_taken":0.0},{"damage_healed":0.0,"max_hp_gain":0.0,"max_hp_loss":0.0,"gold_gain":0.0,"event_name":"Masked Bandits","player_choice":"Paid Fearfully","floor":25.0,"gold_loss":60.0,"damage_taken":0.0},{"damage_healed":0,"gold_gain":0,"player_choice":"Fight","damage_taken":0,"max_hp_gain":0,"max_hp_loss":0,"event_name":"Colosseum","floor":29,"gold_loss":0}],"is_beta":false,"boss_relics":[{"not_picked":["White Beast Statue","Busted Crown"],"picked":"Black Star"}],"items_purged_floors":[5,19],"is_endless":false,"potions_floor_spawned":[3,11,16,18,20,22,28],"killed_by":"Colosseum Slavers","ascension_level":20}