{"gold_per_floor":[214,164,43,58,58,58,90,90,114,134,59,70,87,87,87,87],"floor_reached":16,"playtime":576,"items_purged":["Bash"],"score":150,"play_id":"13dd8993-b935-440b-9ef2-daadd6fab8b2","local_time":"20190730095506","is_ascension_mode":true,"campfire_choices":[{"data":"Panacea","floor":6,"key":"SMITH"},{"floor":8,"key":"REST"},{"floor":15,"key":"REST"}],"neow_cost":"NONE","seed_source_timestamp":510904849607286,"circlet_count":0,"master_deck":["AscendersBane","Strike_R","Strike_R","Strike_R","Strike_R","Defend_R","Defend_R","Defend_R","Defend_R","Cleave","Fiend Fire","Panacea+1","Inflame","Whirlwind","Inflame","Shrug It Off"],"relics":["Burning Blood","Tiny Chest","Pocketwatch","Boot"],"potions_floor_usage":[7,7],"damage_taken":[{"damage":10,"enemies":"Small Slimes","floor":1,"turns":4},{"damage":2,"enemies":"2 Louse","floor":4,"turns":3},{"damage":35,"enemies":"Lagavulin","floor":7,"turns":6},{"damage":6,"enemies":"Cultist","floor":10,"turns":3},{"damage":11,"enemies":"Looter","floor":12,"turns":2},{"damage":24,"enemies":"Gremlin Gang","floor":13,"turns":3},{"damage":71,"enemies":"Hexaghost","floor":16,"turns":9}],"seed_played":"133125373413945958","potions_obtained":[{"floor":1,"key":"Energy Potion"},{"floor":4,"key":"Weak Potion"},{"floor":13,"key":"Explosive Potion"}],"is_trial":false,"path_per_floor":["M","?","$","M","?","R","E","R","T","M","$","M","M","?","R","B"],"character_chosen":"IRONCLAD","items_purchased":["Tiny Chest"],"campfire_rested":2,"item_purchase_floors":[3],"current_hp_per_floor":[68,68,68,72,72,72,43,67,67,67,67,62,44,44,68,0],"gold":87,"neow_bonus":"HUNDRED_GOLD","is_prod":false,"is_daily":false,"chose_seed":false,"campfire_upgraded":1,"win_rate":0,"timestamp":1564494906,"path_taken":["M","?","$","M","?","R","E","R","T","M","$","?","M","?","R","BOSS"],"build_version":"2019-07-17","purchased_purges":1,"victory":false,"max_hp_per_floor":[80,80,80,80,80,80,80,80,80,80,80,80,80,80,80,80],"card_choices":[{"not_picked":["Power Through","Clash","Corruption"],"picked":"SKIP","floor":1},{"not_picked":["Twin Strike","Armaments"],"picked":"Cleave","floor":4},{"not_picked":["Second Wind","Anger"],"picked":"Inflame","floor":7},{"not_picked":["Twin Strike","Headbutt"],"picked":"Whirlwind","floor":10},{"not_picked":["Infernal Blade","Spot Weakness"],"picked":"Inflame","floor":12},{"not_picked":["Uppercut","Bloodletting","Iron Wave"],"picked":"SKIP","floor":13}],"player_experience":1114418,"relics_obtained":[{"floor":7,"key":"Pocketwatch"},{"floor":9,"key":"Boot"}],"event_choices":[{"cards_removed":["Strike_R"],"damage_healed":0,"gold_gain":0,"player_choice":"Card Removal","damage_taken":0,"max_hp_gain":0,"max_hp_loss":0,"event_name":"The Cleric","floor":2,"gold_loss":50},{"damage_healed":0,"gold_gain":0,"player_choice":"3 cards matched","damage_taken":0,"max_hp_gain":0,"max_hp_loss":0,"event_name":"Match and Keep!","floor":5,"gold_loss":0,"cards_obtained":["Fiend Fire","Bash","Panacea"]},{"damage_healed":0,"gold_gain":0,"cards_transformed":["Bash"],"player_choice":"Transformed","damage_taken":0,"max_hp_gain":0,"max_hp_loss":0,"event_name":"Transmorgrifier","floor":14,"gold_loss":0,"cards_obtained":["Shrug It Off"]}],"is_beta":false,"boss_relics":[],"items_purged_floors":[11],"is_endless":false,"potions_floor_spawned":[1,4,13],"killed_by":"Hexaghost","ascension_level":10}