{"gold_per_floor":[117,129,129,129,54,86,96,96,96,127,147,163,193,207,207,306,306,320,142,153,168,27,47,47,79,102,102,102,135,135,147,147,244,244,257,268,268,268,278,278,9,109,109,109,127,349,26,26,26,26],"floor_reached":51,"playtime":2042,"items_purged":["Strike_G","Strike_G","Finisher"],"score":848,"play_id":"90c0d51a-ca16-41f0-a540-5e09337150b5","local_time":"20190514183613","is_ascension_mode":true,"campfire_choices":[{"floor":8,"key":"REST"},{"floor":15,"key":"REST"},{"data":"Catalyst","floor":24,"key":"SMITH"},{"floor":28,"key":"REST"},{"floor":32,"key":"REST"},{"floor":40,"key":"REST"},{"floor":49,"key":"REST"}],"neow_cost":"PERCENT_DAMAGE","seed_source_timestamp":516244651514349,"circlet_count":0,"master_deck":["Survivor","Neutralize","Bouncing Flask+1","Deadly Poison","Bane","Burst","PiercingWail","Burst","Calculated Gamble+1","Noxious Fumes","Catalyst+1","Tactician","Noxious Fumes","Backstab+1","Footwork","Cloak And Dagger","Corpse Explosion","A Thousand Cuts","Bullet Time","Enlightenment","Well Laid Plans","Madness","Madness"],"relics":["Ring of the Snake","Tough Bandages","Pantograph","Bag of Marbles","Paper Crane","Lantern","Empty Cage","Red Mask","Regal Pillow","Anchor","Singing Bowl","Pandora\u0027s Box","Ancient Tea Set","Prayer Wheel","Blood Vial"],"potions_floor_usage":[6,12,14,18,23,23,33,35,45],"damage_taken":[{"damage":0,"enemies":"Small Slimes","floor":1,"turns":3},{"damage":1,"enemies":"Jaw Worm","floor":2,"turns":4},{"damage":16,"enemies":"Lagavulin","floor":6,"turns":5},{"damage":1,"enemies":"Cultist","floor":7,"turns":3},{"damage":40,"enemies":"Gremlin Nob","floor":10,"turns":4},{"damage":1,"enemies":"2 Fungi Beasts","floor":11,"turns":2},{"damage":2,"enemies":"Exordium Wildlife","floor":12,"turns":3},{"damage":0,"enemies":"3 Louse","floor":14,"turns":1},{"damage":23,"enemies":"Hexaghost","floor":16,"turns":8},{"damage":17,"enemies":"2 Thieves","floor":18,"turns":4},{"damage":11,"enemies":"Spheric Guardian","floor":20,"turns":3},{"damage":6,"enemies":"Cultist and Chosen","floor":21,"turns":4},{"damage":0,"enemies":"Sentry and Sphere","floor":23,"turns":4},{"damage":37,"enemies":"Masked Bandits","floor":25,"turns":5},{"damage":15,"enemies":"Book of Stabbing","floor":29,"turns":5},{"damage":14,"enemies":"3 Cultists","floor":31,"turns":5},{"damage":14,"enemies":"Collector","floor":33,"turns":6},{"damage":0,"enemies":"3 Shapes","floor":35,"turns":4},{"damage":2,"enemies":"Orb Walker","floor":36,"turns":2},{"damage":44,"enemies":"Spire Growth","floor":39,"turns":4},{"damage":42,"enemies":"Mind Bloom Boss Battle","floor":42,"turns":5},{"damage":10,"enemies":"Jaw Worm Horde","floor":45,"turns":3},{"damage":59,"enemies":"Donu and Deca","floor":50,"turns":5}],"seed_played":"3788434937601432973","potions_obtained":[{"floor":1,"key":"GhostInAJar"},{"floor":2,"key":"Explosive Potion"},{"floor":10,"key":"GhostInAJar"},{"floor":14,"key":"Energy Potion"},{"floor":20,"key":"Swift Potion"},{"floor":29,"key":"Fire Potion"},{"floor":31,"key":"GamblersBrew"},{"floor":42,"key":"SkillPotion"},{"floor":45,"key":"Explosive Potion"}],"is_trial":false,"path_per_floor":["M","M","?","?","$","E","M","R","T","E","M","M","?","M","R","B",null,"M","$","M","M","$","M","R","?","T","?","R","E","T","M","R","B",null,"M","M","?","?","M","R","$","?","T","?","M","?","$","?","R","B",null],"character_chosen":"THE_SILENT","items_purchased":["Noxious Fumes","Noxious Fumes","Regen Potion","Ancient Tea Set","Well Laid Plans","Blood Vial","Fire Potion","Fire Potion"],"campfire_rested":6,"item_purchase_floors":[19,22,22,41,47,47,47,47],"current_hp_per_floor":[49,48,70,70,70,54,53,70,70,30,29,27,27,27,48,47,70,53,53,42,36,36,50,50,13,13,13,49,34,34,22,58,60,74,76,76,76,76,34,73,73,40,40,40,34,34,34,23,63,27],"gold":26,"neow_bonus":"ONE_RARE_RELIC","is_prod":false,"is_daily":false,"chose_seed":false,"campfire_upgraded":1,"win_rate":0,"timestamp":1557873373,"path_taken":["M","M","?","?","$","E","M","R","T","E","?","M","?","M","R","BOSS","M","$","M","M","$","M","R","?","T","?","R","E","?","M","R","BOSS","M","M","?","?","M","R","?","?","T","?","?","?","$","?","R","BOSS"],"build_version":"2019-01-23","purchased_purges":3,"victory":true,"max_hp_per_floor":[70,70,70,70,70,70,70,70,70,70,70,70,70,70,70,70,70,70,70,70,70,70,70,70,70,70,70,70,70,70,72,72,74,74,76,78,78,78,80,80,80,82,82,82,86,86,86,86,86,86],"card_choices":[{"not_picked":["Dash","Calculated Gamble"],"picked":"Bouncing Flask","floor":1},{"not_picked":["Acrobatics","Caltrops"],"picked":"Deadly Poison","floor":2},{"not_picked":["Underhanded Strike","Dodge and Roll","Choke"],"picked":"SKIP","floor":6},{"not_picked":["Dagger Spray","Flying Knee"],"picked":"Bane","floor":7},{"not_picked":["Dagger Throw","Terror","Finisher"],"picked":"SKIP","floor":10},{"not_picked":["All Out Attack","Poisoned Stab"],"picked":"Burst","floor":11},{"not_picked":["Flying Knee","Acrobatics"],"picked":"PiercingWail","floor":12},{"not_picked":["PiercingWail","Dodge and Roll","Dagger Spray"],"picked":"SKIP","floor":14},{"not_picked":["After Image","A Thousand Cuts"],"picked":"Burst","floor":16},{"not_picked":["Dagger Spray","Accuracy+1"],"picked":"Calculated Gamble+1","floor":18},{"not_picked":["PiercingWail","Deflect"],"picked":"Catalyst","floor":20},{"not_picked":["Backflip","Endless Agony"],"picked":"Tactician","floor":21},{"not_picked":["Heel Hook+1","Deflect","Terror"],"picked":"SKIP","floor":23},{"not_picked":["Distraction","Blade Dance"],"picked":"Backstab+1","floor":25},{"not_picked":["Deflect+1","Slice"],"picked":"Footwork","floor":29},{"not_picked":["Flying Knee","Deadly Poison","Slice"],"picked":"Singing Bowl","floor":31},{"not_picked":["Malaise","Night Terror","Unload"],"picked":"Singing Bowl","floor":33},{"not_picked":["Dash","Distraction","Sucker Punch"],"picked":"Singing Bowl","floor":35},{"not_picked":["Riddle With Holes","Deflect","Quick Slash+1"],"picked":"Singing Bowl","floor":36},{"not_picked":["Finesse","Magnetism"],"picked":"Enlightenment","floor":37},{"not_picked":["Outmaneuver+1","Deflect+1","Finisher"],"picked":"Singing Bowl","floor":39},{"not_picked":["Bane","Slice+1","Dodge and Roll"],"picked":"Singing Bowl","floor":42},{"not_picked":["Endless Agony","Grand Finale","Flying Knee"],"picked":"Singing Bowl","floor":45},{"not_picked":["Calculated Gamble","Poisoned Stab+1","Acrobatics"],"picked":"Singing Bowl","floor":45}],"player_experience":990976,"relics_obtained":[{"floor":6,"key":"Pantograph"},{"floor":9,"key":"Bag of Marbles"},{"floor":10,"key":"Paper Crane"},{"floor":25,"key":"Red Mask"},{"floor":26,"key":"Regal Pillow"},{"floor":29,"key":"Anchor"},{"floor":30,"key":"Singing Bowl"},{"floor":42,"key":"Prayer Wheel"}],"event_choices":[{"damage_healed":23,"gold_gain":0,"player_choice":"Banana","damage_taken":0,"max_hp_gain":0,"max_hp_loss":0,"event_name":"Big Fish","floor":3,"gold_loss":0},{"damage_healed":0,"gold_gain":0,"player_choice":"Upgraded","damage_taken":0,"max_hp_gain":0,"max_hp_loss":0,"event_name":"Upgrade Shrine","floor":4,"gold_loss":0,"cards_upgraded":["Bouncing Flask"]},{"damage_healed":0,"gold_gain":30,"player_choice":"Searched \u00272\u0027 times","damage_taken":0,"relics_obtained":["Lantern"],"max_hp_gain":0,"max_hp_loss":0,"event_name":"Dead Adventurer","floor":13,"gold_loss":0},{"damage_healed":0,"gold_gain":0,"player_choice":"Fought Bandits","damage_taken":0,"max_hp_gain":0,"max_hp_loss":0,"event_name":"Masked Bandits","floor":25,"gold_loss":0},{"damage_healed":0,"gold_gain":0,"player_choice":"Ignored","damage_taken":0,"max_hp_gain":0,"max_hp_loss":0,"event_name":"Ghosts","floor":27,"gold_loss":0},{"damage_healed":0,"gold_gain":0,"player_choice":"Memory 1","damage_taken":0,"max_hp_gain":0,"max_hp_loss":0,"event_name":"SensoryStone","floor":37,"gold_loss":0},{"cards_removed":["Wraith Form v2"],"damage_healed":0,"gold_gain":0,"player_choice":"Removed Power","damage_taken":0,"max_hp_gain":0,"max_hp_loss":0,"event_name":"Falling","floor":38,"gold_loss":0},{"damage_healed":0,"gold_gain":0,"player_choice":"Fight","damage_taken":0,"max_hp_gain":0,"max_hp_loss":0,"event_name":"MindBloom","floor":42,"gold_loss":0},{"damage_healed":0,"gold_gain":0,"player_choice":"Ignored","damage_taken":0,"max_hp_gain":0,"max_hp_loss":0,"event_name":"The Moai Head","floor":44,"gold_loss":0},{"damage_healed":0,"gold_gain":222,"player_choice":"Wore Mask","damage_taken":0,"max_hp_gain":0,"max_hp_loss":0,"event_name":"Tomb of Lord Red Mask","floor":46,"gold_loss":0},{"damage_healed":0,"gold_gain":0,"player_choice":"Embrace Madness","damage_taken":11,"max_hp_gain":0,"max_hp_loss":0,"event_name":"Winding Halls","floor":48,"gold_loss":0,"cards_obtained":["Madness","Madness"]}],"is_beta":false,"boss_relics":[{"not_picked":["Runic Pyramid","Tiny House"],"picked":"Empty Cage"},{"not_picked":["Velvet Choker","White Beast Statue"],"picked":"Pandora\u0027s Box"}],"items_purged_floors":[5,19,41],"is_endless":false,"potions_floor_spawned":[1,2,10,14,20,29,31,42,45],"ascension_level":3}