{"gold_per_floor":[113,127,140,65,65,65,82,82,134,84,110,110,134,157,157,157],"floor_reached":16,"playtime":1373,"items_purged":["Writhe"],"score":117,"play_id":"2f89c28d-012b-4769-8cb1-2ed962b8e5d7","local_time":"20190512131735","is_ascension_mode":true,"campfire_choices":[{"data":"Concentrate","floor":6,"key":"SMITH"},{"floor":8,"key":"REST"},{"floor":15,"key":"REST"}],"neow_cost":"CURSE","seed_source_timestamp":325001370826939,"circlet_count":0,"master_deck":["Defend_G+1","Defend_G","Defend_G","Strike_G","Strike_G","Strike_G","Survivor","Neutralize","Prepared","Dagger Spray","Outmaneuver","Choke","Concentrate+1","Reflex+1","Footwork","Dagger Throw","Injury","Catalyst","Crippling Poison","Adrenaline"],"relics":["Ring of the Snake","Dream Catcher","War Paint","Golden Idol"],"potions_floor_usage":[16,16],"damage_taken":[{"damage":0,"enemies":"Cultist","floor":1,"turns":3},{"damage":12,"enemies":"Jaw Worm","floor":2,"turns":4},{"damage":0,"enemies":"2 Louse","floor":3,"turns":2},{"damage":26,"enemies":"Large Slime","floor":7,"turns":9},{"damage":24,"enemies":"3 Sentries","floor":11,"turns":10},{"damage":6,"enemies":"Exordium Thugs","floor":13,"turns":3},{"damage":7,"enemies":"Looter","floor":14,"turns":3},{"damage":38,"enemies":"Hexaghost","floor":16,"turns":14}],"seed_played":"4047294059434202617","potions_obtained":[{"floor":1,"key":"SneckoOil"},{"floor":3,"key":"Dexterity Potion"},{"floor":14,"key":"Fire Potion"}],"is_trial":false,"path_per_floor":["M","M","M","$","?","R","M","R","T","?","E","?","M","M","R","B"],"character_chosen":"THE_SILENT","items_purchased":[],"campfire_rested":2,"item_purchase_floors":[],"current_hp_per_floor":[70,58,58,58,58,58,32,53,53,53,29,29,23,16,37,0],"gold":157,"neow_bonus":"TRANSFORM_TWO_CARDS","is_prod":false,"is_daily":false,"chose_seed":false,"campfire_upgraded":1,"win_rate":0,"timestamp":1557681455,"path_taken":["M","M","M","$","?","R","?","R","T","?","E","?","M","M","R","BOSS"],"build_version":"2019-01-23","purchased_purges":1,"victory":false,"max_hp_per_floor":[70,70,70,70,70,70,70,70,70,70,70,70,70,70,70,70],"card_choices":[{"not_picked":["Dodge and Roll","Finisher"],"picked":"Outmaneuver","floor":1},{"not_picked":["Quick Slash","Dodge and Roll"],"picked":"Choke","floor":2},{"not_picked":["Slice","Quick Slash"],"picked":"Concentrate","floor":3},{"not_picked":["Finisher","Blade Dance"],"picked":"Footwork","floor":7},{"not_picked":["Backflip","Accuracy"],"picked":"Dagger Throw","floor":11},{"not_picked":["Prepared","Blade Dance"],"picked":"Catalyst","floor":13},{"not_picked":["Concentrate","Dash"],"picked":"Crippling Poison","floor":14},{"not_picked":["Flechettes","Infinite Blades"],"picked":"Adrenaline","floor":15}],"player_experience":983720,"relics_obtained":[{"floor":9,"key":"Dream Catcher"},{"floor":11,"key":"War Paint"}],"event_choices":[{"damage_healed":0,"gold_gain":0,"cards_transformed":["Strike_G"],"player_choice":"Transformed","damage_taken":0,"max_hp_gain":0,"max_hp_loss":0,"event_name":"Transmorgrifier","floor":5,"gold_loss":0,"cards_obtained":["Reflex"]},{"cards_removed":["Defend_G"],"damage_healed":0,"gold_gain":0,"player_choice":"Card Removal","damage_taken":0,"max_hp_gain":0,"max_hp_loss":0,"event_name":"The Cleric","floor":10,"gold_loss":50},{"damage_healed":0,"gold_gain":0,"player_choice":"Take Wound","damage_taken":0,"relics_obtained":["Golden Idol"],"max_hp_gain":0,"max_hp_loss":0,"event_name":"Golden Idol","floor":12,"gold_loss":0,"cards_obtained":["Injury"]}],"is_beta":false,"boss_relics":[],"items_purged_floors":[4],"is_endless":false,"potions_floor_spawned":[1,3,14],"killed_by":"Hexaghost","ascension_level":3}