{"gold_per_floor":[116,136,136,65,82,82,114,114,194,194,211,211,224,240,240,317,317,327,327,61,61,77,111,111,111,111,125,139,139],"floor_reached":29,"playtime":1137,"items_purged":[],"score":454,"play_id":"fe0e3d0a-5a6f-4c6c-9949-1f15ab18b5fe","local_time":"20181005184946","is_ascension_mode":true,"campfire_choices":[{"data":"Go for the Eyes","floor":6.0,"key":"SMITH"},{"data":"Zap","floor":8.0,"key":"SMITH"},{"data":"Dualcast","floor":10.0,"key":"SMITH"},{"data":"Capacitor","floor":15.0,"key":"SMITH"},{"floor":24.0,"key":"REST"}],"neow_cost":"NONE","seed_source_timestamp":1823121027537283,"circlet_count":0,"master_deck":["Defend_B","Defend_B","Zap+1","Dualcast+1","AscendersBane","Compile Driver","Cold Snap","Cold Snap","Go for the Eyes+1","Conserve Battery","Conserve Battery","Cold Snap","Turbo","Capacitor+1","Electrodynamics","Steam+1","Hologram+1","Meteor Strike+1","Ball Lightning","Cold Snap","Turbo","Meteor Strike+1","Cold Snap","Blizzard","Undo","Impatience","Chill","Skim"],"special_seed":0,"relics":["Cracked Core","Orichalcum","PreservedInsect","Pantograph","Astrolabe","DollysMirror","Kunai","Smiling Mask"],"potions_floor_usage":[],"damage_taken":[{"damage":7.0,"enemies":"Jaw Worm","floor":1.0,"turns":3.0},{"damage":1.0,"enemies":"Cultist","floor":2.0,"turns":3.0},{"damage":0.0,"enemies":"2 Louse","floor":5.0,"turns":3.0},{"damage":4.0,"enemies":"Gremlin Nob","floor":7.0,"turns":5.0},{"damage":0.0,"enemies":"Red Slaver","floor":11.0,"turns":3.0},{"damage":2.0,"enemies":"Exordium Thugs","floor":13.0,"turns":5.0},{"damage":1.0,"enemies":"3 Louse","floor":14.0,"turns":3.0},{"damage":27.0,"enemies":"The Guardian","floor":16.0,"turns":12.0},{"damage":4.0,"enemies":"Shell Parasite","floor":18.0,"turns":5.0},{"damage":0.0,"enemies":"3 Byrds","floor":22.0,"turns":2.0},{"damage":30.0,"enemies":"Book of Stabbing","floor":23.0,"turns":5.0},{"damage":17,"enemies":"Shelled Parasite and Fungi","floor":27,"turns":8},{"damage":11,"enemies":"3 Cultists","floor":28,"turns":7},{"damage":9,"enemies":"Snake Plant","floor":29,"turns":2}],"seed_played":"-3141051383015040648","potions_obtained":[{"floor":1.0,"key":"PowerPotion"},{"floor":7.0,"key":"LiquidBronze"},{"floor":13.0,"key":"Strength Potion"},{"floor":27,"key":"FocusPotion"},{"floor":28,"key":"Strength Potion"}],"is_trial":false,"path_per_floor":["M","M","?","$","M","R","E","R","T","R","M","?","M","M","R","B",null,"M","?","$","?","M","E","R","?","T","M","M"],"character_chosen":"DEFECT","items_purchased":["Cold Snap","Go for the Eyes","Cold Snap","Turbo","DollysMirror"],"campfire_rested":1,"item_purchase_floors":[4,4,20,20,20],"current_hp_per_floor":[57,56,56,56,56,56,52,52,52,52,52,52,50,49,49,44,64,60,60,60,46,46,16,37,37,37,20,9,0],"gold":139,"neow_bonus":"RANDOM_COMMON_RELIC","is_prod":false,"is_daily":false,"chose_seed":false,"campfire_upgraded":4,"win_rate":0,"timestamp":1538779786,"path_taken":["M","M","?","$","?","R","E","R","T","R","?","?","?","M","R","BOSS","M","?","$","?","M","E","R","?","T","M","?","M"],"build_version":"2018-10-04","purchased_purges":0,"victory":false,"max_hp_per_floor":[71,71,71,71,71,71,71,71,71,71,71,71,71,71,71,71,71,71,71,71,71,71,71,71,71,71,71,71,71],"card_choices":[{"not_picked":["Tempest","Leap"],"picked":"Compile Driver","floor":1.0},{"not_picked":["Blizzard","Gash"],"picked":"Cold Snap","floor":2.0},{"not_picked":["Skim","Beam Cell"],"picked":"Conserve Battery","floor":5.0},{"not_picked":["Hyperbeam","Sweeping Beam"],"picked":"Conserve Battery","floor":7.0},{"not_picked":["Stack","Sweeping Beam"],"picked":"Cold Snap","floor":11.0},{"not_picked":["Rip and Tear","Hello World"],"picked":"Turbo","floor":13.0},{"not_picked":["Hologram","Sweeping Beam"],"picked":"Capacitor","floor":14.0},{"not_picked":["Fission","Buffer"],"picked":"Electrodynamics","floor":16.0},{"not_picked":["Redo","Darkness+1"],"picked":"Ball Lightning","floor":18.0},{"not_picked":["Hello World","BootSequence"],"picked":"Cold Snap","floor":22.0},{"not_picked":["Thunder Strike","Heatsinks"],"picked":"Blizzard","floor":23.0},{"not_picked":["Streamline","Hologram"],"picked":"Chill","floor":27},{"not_picked":["Undo","White Noise"],"picked":"Skim","floor":28}],"player_experience":808875,"relics_obtained":[{"floor":7.0,"key":"PreservedInsect"},{"floor":9.0,"key":"Pantograph"},{"floor":23.0,"key":"Kunai"},{"floor":26.0,"key":"Smiling Mask"}],"event_choices":[{"event_name":"Purifier","player_choice":"One Purge","floor":3.0,"damage_taken":0.0},{"event_name":"Living Wall","player_choice":"Forget","floor":12.0,"damage_taken":0.0},{"event_name":"Ghosts","player_choice":"Ignored","floor":19.0,"damage_taken":0.0},{"event_name":"Knowing Skull","player_choice":"CARD ","floor":21.0,"damage_taken":0.0},{"event_name":"Drug Dealer","player_choice":"Became Test Subject","floor":25.0,"damage_taken":0.0}],"is_beta":false,"boss_relics":[{"not_picked":["Tiny House","Velvet Choker"],"picked":"Astrolabe"}],"items_purged_floors":[],"is_endless":false,"potions_floor_spawned":[1,7,13,27,28],"killed_by":"Snake Plant","ascension_level":15}