{"gold_per_floor":[119,119,139,163,179,213,213,249,276,288,335,347,403,439,451,586,598,623,39,39,56,56,90,101,115,191,224,244,244,276,276,276,276],"floor_reached":33,"playtime":2266,"items_purged":["Injury"],"score":419,"play_id":"45c60be3-c791-4790-9afe-4ddafedc4fba","local_time":"20190726222437","is_ascension_mode":true,"campfire_choices":[{"floor":7,"key":"REST"},{"floor":15,"key":"REST"},{"floor":29,"key":"REST"},{"data":"Immolate","floor":32,"key":"SMITH"}],"neow_cost":"NONE","seed_source_timestamp":79178156276500,"circlet_count":0,"master_deck":["Strike_R","Strike_R","Strike_R","Strike_R","Strike_R","Defend_R","Defend_R","Defend_R","Defend_R","Bash","Whirlwind","Uppercut","Anger","Cleave","Metallicize","Pummel","Dropkick","Clash","Intimidate","Immolate+1","Twin Strike+1","PanicButton","Doom and Gloom+1","Decay","Backstab","Caltrops","Go for the Eyes","All Out Attack+1","Clash"],"relics":["Burning Blood","Regal Pillow","Bloody Idol","Bird Faced Urn","Centennial Puzzle","MawBank","PreservedInsect","Sundial","Vajra","Lizard Tail","Pear","PrismaticShard","Omamori","Singing Bowl","Ancient Tea Set","Oddly Smooth Stone"],"potions_floor_usage":[5,6,6,11,16,18,27,28,33],"damage_taken":[{"damage":7,"enemies":"2 Louse","floor":1,"turns":3},{"damage":0,"enemies":"Small Slimes","floor":3,"turns":2},{"damage":0,"enemies":"Cultist","floor":4,"turns":3},{"damage":34,"enemies":"Exordium Wildlife","floor":5,"turns":4},{"damage":8,"enemies":"Gremlin Nob","floor":6,"turns":3},{"damage":35,"enemies":"Lagavulin","floor":8,"turns":6},{"damage":19,"enemies":"3 Sentries","floor":11,"turns":3},{"damage":6,"enemies":"Gremlin Nob","floor":13,"turns":3},{"damage":0,"enemies":"Large Slime","floor":14,"turns":5},{"damage":48,"enemies":"Hexaghost","floor":16,"turns":9},{"damage":25,"enemies":"2 Thieves","floor":18,"turns":3},{"damage":25,"enemies":"Spheric Guardian","floor":21,"turns":4},{"damage":20,"enemies":"Slavers","floor":23,"turns":3},{"damage":50,"enemies":"Shelled Parasite and Fungi","floor":24,"turns":4},{"damage":32,"enemies":"Centurion and Healer","floor":25,"turns":4},{"damage":48,"enemies":"Book of Stabbing","floor":27,"turns":4},{"damage":11,"enemies":"Sentry and Sphere","floor":28,"turns":3},{"damage":18,"enemies":"Gremlin Leader","floor":30,"turns":3},{"damage":107,"enemies":"Collector","floor":33,"turns":6}],"seed_played":"-6647203351183256502","potions_obtained":[{"floor":1,"key":"Weak Potion"},{"floor":4,"key":"PowerPotion"},{"floor":5,"key":"Poison Potion"},{"floor":8,"key":"LiquidBronze"},{"floor":14,"key":"BloodPotion"},{"floor":16,"key":"BloodPotion"},{"floor":25,"key":"BloodPotion"},{"floor":27,"key":"Dexterity Potion"},{"floor":30,"key":"Regen Potion"}],"is_trial":false,"path_per_floor":["M","?","M","M","M","E","R","E","T","?","E","?","E","M","R","B",null,"M","$","?","M","?","E","M","M","T","E","M","R","E","?","R","B"],"character_chosen":"IRONCLAD","items_purchased":["Pear","PrismaticShard","PanicButton"],"campfire_rested":3,"item_purchase_floors":[19,19,19],"current_hp_per_floor":[79,79,80,80,52,50,80,53,53,53,42,42,42,50,80,60,75,76,86,86,74,74,65,26,56,61,46,48,90,83,83,83,0],"gold":276,"neow_bonus":"RANDOM_COMMON_RELIC","is_prod":false,"is_daily":false,"chose_seed":false,"campfire_upgraded":1,"win_rate":0,"timestamp":1564197877,"path_taken":["M","?","M","M","M","E","R","E","T","?","E","?","E","M","R","BOSS","M","$","?","M","?","E","M","M","T","E","?","R","E","?","R","BOSS"],"build_version":"2019-07-17","purchased_purges":1,"victory":false,"max_hp_per_floor":[80,80,80,80,80,80,80,80,80,80,80,80,80,80,80,80,80,80,90,90,90,90,90,90,90,90,90,90,90,90,90,90,90],"card_choices":[{"not_picked":["Battle Trance","Iron Wave"],"picked":"Whirlwind","floor":1},{"not_picked":["Reckless Charge","Feel No Pain"],"picked":"Uppercut","floor":3},{"not_picked":["Shockwave","Rampage"],"picked":"Anger","floor":4},{"not_picked":["Perfected Strike","Pommel Strike"],"picked":"Cleave","floor":5},{"not_picked":["Evolve","Headbutt"],"picked":"Metallicize","floor":6},{"not_picked":["Second Wind","Combust"],"picked":"Pummel","floor":8},{"not_picked":["Perfected Strike","Sentinel"],"picked":"Dropkick","floor":11},{"not_picked":["Sentinel","Dark Embrace"],"picked":"Clash","floor":13},{"not_picked":["Perfected Strike","Warcry"],"picked":"Intimidate","floor":14},{"not_picked":["Offering","Limit Break"],"picked":"Immolate","floor":16},{"not_picked":["Pommel Strike+1","Searing Blow"],"picked":"Twin Strike+1","floor":18},{"not_picked":["Bouncing Flask","Quick Slash"],"picked":"Doom and Gloom+1","floor":21},{"not_picked":["Sever Soul","Swift Strike"],"picked":"Backstab","floor":23},{"not_picked":["Redo+1","Barrage","True Grit"],"picked":"SKIP","floor":24},{"not_picked":["Sword Boomerang","Dropkick","Blood for Blood"],"picked":"SKIP","floor":25},{"not_picked":["Conserve Battery","Prepared"],"picked":"Caltrops","floor":27},{"not_picked":["Iron Wave","Hologram+1"],"picked":"Go for the Eyes","floor":28},{"not_picked":["Dodge and Roll+1","Bullet Time"],"picked":"All Out Attack+1","floor":30}],"player_experience":154252,"relics_obtained":[{"floor":6,"key":"Bird Faced Urn"},{"floor":8,"key":"Centennial Puzzle"},{"floor":9,"key":"MawBank"},{"floor":11,"key":"Sundial"},{"floor":13,"key":"Vajra"},{"floor":23,"key":"Omamori"},{"floor":26,"key":"Singing Bowl"},{"floor":27,"key":"Ancient Tea Set"},{"floor":30,"key":"Oddly Smooth Stone"}],"event_choices":[{"damage_healed":0,"gold_gain":0,"player_choice":"Take Wound","damage_taken":0,"relics_obtained":["Golden Idol"],"max_hp_gain":0,"max_hp_loss":0,"event_name":"Golden Idol","floor":2,"gold_loss":0,"cards_obtained":["Injury"]},{"damage_healed":0,"gold_gain":0,"player_choice":"Searched \u00271\u0027 times","damage_taken":0,"relics_obtained":["PreservedInsect"],"max_hp_gain":0,"max_hp_loss":0,"event_name":"Dead Adventurer","floor":10,"gold_loss":0},{"damage_healed":0,"gold_gain":0,"player_choice":"Ignored","damage_taken":0,"max_hp_gain":0,"max_hp_loss":0,"event_name":"Shining Light","floor":12,"gold_loss":0},{"damage_healed":0,"gold_gain":0,"player_choice":"Gave Idol","damage_taken":0,"relics_obtained":["Bloody Idol"],"max_hp_gain":0,"max_hp_loss":0,"event_name":"Forgotten Altar","floor":20,"relics_lost":["Golden Idol"],"gold_loss":0},{"damage_healed":0,"gold_gain":0,"player_choice":"Cursed","damage_taken":0,"max_hp_gain":0,"max_hp_loss":0,"event_name":"Wheel of Change","floor":22,"gold_loss":0,"cards_obtained":["Decay"]},{"damage_healed":0,"gold_gain":0,"player_choice":"Read","damage_taken":0,"max_hp_gain":0,"max_hp_loss":0,"event_name":"The Library","floor":31,"gold_loss":0,"cards_obtained":["Clash"]}],"is_beta":false,"boss_relics":[{"not_picked":["Runic Pyramid","Eternal Feather"],"picked":"Lizard Tail"}],"items_purged_floors":[19],"is_endless":false,"potions_floor_spawned":[1,4,5,8,14,16,25,27,30],"killed_by":"Collector","ascension_level":5}