{"gold_per_floor":[116,41,41,116,13,13,39,58,58,93,104,104,124,35,35,35],"floor_reached":16,"playtime":266,"items_purged":["Strike_B"],"score":266,"play_id":"310d1bfd-1ab7-4a19-83cd-ddaae7c8c98a","local_time":"20190727154548","is_ascension_mode":true,"campfire_choices":[{"data":"Zap","floor":6,"key":"SMITH"},{"data":"Dualcast","floor":12,"key":"SMITH"},{"floor":15,"key":"REST"}],"neow_cost":"NONE","seed_source_timestamp":770563614926697,"circlet_count":0,"master_deck":["AscendersBane","Strike_B","Strike_B","Defend_B","Defend_B","Defend_B","Defend_B","Zap+1","Dualcast+1","Cold Snap","Hologram","Ball Lightning","Reinforced Body+1","Redo+1","Blizzard","Heatsinks"],"relics":["Cracked Core","NeowsBlessing","Bronze Scales","Toxic Egg 2","Turnip"],"potions_floor_usage":[10],"damage_taken":[{"damage":0,"enemies":"Jaw Worm","floor":1,"turns":1},{"damage":0,"enemies":"Gremlin Nob","floor":7,"turns":1},{"damage":0,"enemies":"2 Louse","floor":8,"turns":1},{"damage":43,"enemies":"3 Sentries","floor":10,"turns":7},{"damage":4,"enemies":"Cultist","floor":11,"turns":3},{"damage":2,"enemies":"Red Slaver","floor":13,"turns":3},{"damage":37,"enemies":"Slime Boss","floor":16,"turns":7}],"seed_played":"-8163507664431452810","potions_obtained":[{"floor":8,"key":"Energy Potion"}],"is_trial":false,"path_per_floor":["M","?","?","?","$","R","E","M","T","E","M","R","M","$","R","B"],"character_chosen":"DEFECT","items_purchased":["Hologram","Heatsinks"],"campfire_rested":1,"item_purchase_floors":[5,14],"current_hp_per_floor":[64,64,69,58,58,58,58,58,58,15,11,11,9,9,31,0],"gold":35,"neow_bonus":"THREE_ENEMY_KILL","is_prod":false,"is_daily":false,"chose_seed":false,"campfire_upgraded":2,"win_rate":0,"timestamp":1564213548,"path_taken":["M","?","?","?","?","R","E","M","T","E","M","R","?","$","R","BOSS"],"build_version":"2019-07-17","purchased_purges":1,"victory":false,"max_hp_per_floor":[71,71,76,76,76,76,76,76,76,76,76,76,76,76,76,76],"card_choices":[{"not_picked":["Compile Driver","Streamline"],"picked":"Cold Snap","floor":1},{"not_picked":["Streamline","Double Energy"],"picked":"Ball Lightning","floor":7},{"not_picked":["Streamline","Barrage","Go for the Eyes"],"picked":"SKIP","floor":8},{"not_picked":["Storm","Creative AI"],"picked":"Reinforced Body+1","floor":10},{"not_picked":["Storm","Ball Lightning"],"picked":"Redo+1","floor":11},{"not_picked":["Stack+1","Conserve Battery+1"],"picked":"Blizzard","floor":13}],"player_experience":2083354,"relics_obtained":[{"floor":7,"key":"Bronze Scales"},{"floor":9,"key":"Toxic Egg 2"},{"floor":10,"key":"Turnip"}],"event_choices":[{"cards_removed":["Strike_B"],"damage_healed":0,"gold_gain":0,"player_choice":"Card Removal","damage_taken":0,"max_hp_gain":0,"max_hp_loss":0,"event_name":"The Cleric","floor":2,"gold_loss":75},{"damage_healed":0,"gold_gain":0,"player_choice":"Donut","damage_taken":0,"max_hp_gain":5,"max_hp_loss":0,"event_name":"Big Fish","floor":3,"gold_loss":0},{"damage_healed":0,"gold_gain":75,"player_choice":"Gather Gold","damage_taken":11,"max_hp_gain":0,"max_hp_loss":0,"event_name":"World of Goop","floor":4,"gold_loss":0}],"is_beta":false,"boss_relics":[],"items_purged_floors":[5],"is_endless":false,"potions_floor_spawned":[8],"killed_by":"Slime Boss","ascension_level":20}