{"gold_per_floor":[116,127,14,14,32,32,44,60,60,60,76,1,13,28,28,102,102,120,132,158,174,16,16,45,45,68,68,68,103,103,120,120,197,197,208,225,236,282,295,321,321,349,349,349,349,4,23,52,52,52,52,52,52,52,85,85],"floor_reached":57,"playtime":2428,"items_purged":["Strike_B"],"score":2823,"play_id":"3701918e-fcbd-43e1-adb5-8481847a52bf","local_time":"20190619033919","is_ascension_mode":true,"campfire_choices":[{"data":"Sunder","floor":6.0,"key":"SMITH"},{"data":"Defragment","floor":10.0,"key":"SMITH"},{"data":"Zap","floor":15.0,"key":"SMITH"},{"data":"Dualcast","floor":23.0,"key":"SMITH"},{"data":"Static Discharge","floor":27.0,"key":"SMITH"},{"data":"Heatsinks","floor":30.0,"key":"SMITH"},{"data":"Loop","floor":32.0,"key":"SMITH"},{"data":"Fusion","floor":41.0,"key":"SMITH"},{"data":"Redo","floor":44.0,"key":"SMITH"},{"floor":49.0,"key":"RECALL"},{"data":"Turbo","floor":53.0,"key":"SMITH"}],"neow_cost":"PERCENT_DAMAGE","seed_source_timestamp":1423775914637166,"circlet_count":0,"master_deck":["AscendersBane","Defend_B+1","Zap+1","Dualcast+1","Conserve Battery","Defragment+1","Sunder+1","Thunder Strike","Skim","Storm","Skim+1","Hologram","Chill","Core Surge","Coolheaded","Glacier","Static Discharge+1","Buffer","Heatsinks+1","Loop+1","Electrodynamics","Redo+1","Fusion+1","Compile Driver+1","Reinforced Body+1","Machine Learning","Turbo+1","Glacier","Gash+1"],"special_seed":0,"relics":["Cracked Core","Cables","Empty Cage","Red Mask","DataDisk","Sundial","Pear","Meat on the Bone","Nuclear Battery","Torii","PreservedInsect","Mango","War Paint","Pocketwatch","Lantern","Strawberry"],"potions_floor_usage":[],"damage_taken":[{"damage":2.0,"enemies":"Cultist","floor":1.0,"turns":4.0},{"damage":2.0,"enemies":"2 Louse","floor":2.0,"turns":4.0},{"damage":2.0,"enemies":"Jaw Worm","floor":5.0,"turns":3.0},{"damage":0.0,"enemies":"2 Fungi Beasts","floor":7.0,"turns":2.0},{"damage":18.0,"enemies":"Red Slaver","floor":8.0,"turns":4.0},{"damage":1.0,"enemies":"Looter","floor":11.0,"turns":4.0},{"damage":0.0,"enemies":"Exordium Wildlife","floor":13.0,"turns":3.0},{"damage":6.0,"enemies":"3 Louse","floor":14.0,"turns":3.0},{"damage":0.0,"enemies":"The Guardian","floor":16.0,"turns":8.0},{"damage":14.0,"enemies":"2 Thieves","floor":18.0,"turns":3.0},{"damage":0.0,"enemies":"3 Byrds","floor":19.0,"turns":5.0},{"damage":4.0,"enemies":"Masked Bandits","floor":20.0,"turns":5.0},{"damage":8.0,"enemies":"Centurion and Healer","floor":21.0,"turns":10.0},{"damage":7.0,"enemies":"Book of Stabbing","floor":24.0,"turns":5.0},{"damage":14.0,"enemies":"Gremlin Leader","floor":29.0,"turns":4.0},{"damage":9.0,"enemies":"3 Cultists","floor":31.0,"turns":4.0},{"damage":19.0,"enemies":"Automaton","floor":33.0,"turns":10.0},{"damage":10.0,"enemies":"3 Darklings","floor":35.0,"turns":2.0},{"damage":10.0,"enemies":"Orb Walker","floor":36.0,"turns":3.0},{"damage":6.0,"enemies":"Jaw Worm Horde","floor":37.0,"turns":2.0},{"damage":20.0,"enemies":"2 Orb Walkers","floor":38.0,"turns":5.0},{"damage":8.0,"enemies":"Sphere and 2 Shapes","floor":39.0,"turns":3.0},{"damage":42.0,"enemies":"Giant Head","floor":40.0,"turns":7.0},{"damage":4.0,"enemies":"Nemesis","floor":42.0,"turns":5.0},{"damage":0.0,"enemies":"Spire Growth","floor":47.0,"turns":4.0},{"damage":9.0,"enemies":"Giant Head","floor":48.0,"turns":6.0},{"damage":2.0,"enemies":"Donu and Deca","floor":50.0,"turns":9.0},{"damage":29.0,"enemies":"Time Eater","floor":51.0,"turns":12.0},{"damage":43.0,"enemies":"Shield and Spear","floor":55.0,"turns":2.0},{"damage":38,"enemies":"The Heart","floor":56,"turns":6}],"seed_played":"-6210019776225171119","potions_obtained":[{"floor":7.0,"key":"Energy Potion"},{"floor":11.0,"key":"FocusPotion"},{"floor":16.0,"key":"SkillPotion"},{"floor":20.0,"key":"Strength Potion"},{"floor":21.0,"key":"LiquidBronze"},{"floor":31.0,"key":"SteroidPotion"},{"floor":35.0,"key":"Poison Potion"},{"floor":40.0,"key":"Fire Potion"},{"floor":47.0,"key":"Explosive Potion"}],"is_trial":false,"path_per_floor":["M","M","$","?","M","R","M","M","T","R","M","$","M","M","R","B",null,"M","M","?","M","$","R","E","T","T","R","?","E","R","M","R","B",null,"M","M","M","?","M","E","R","E","T","R","?","$","M","E","R","B","B",null,"R","$","E","B",null],"character_chosen":"DEFECT","items_purchased":["Defragment","Sunder","DataDisk","Pocketwatch","Turbo"],"campfire_rested":0,"item_purchase_floors":[3,3,22,46,46],"current_hp_per_floor":[44,42,42,42,40,40,40,22,22,22,21,21,21,15,15,15,57,43,43,39,31,31,31,24,34,34,34,34,20,20,23,23,16,65,55,45,51,43,47,17,17,39,39,39,39,39,51,54,54,52,35,76,76,76,52,26],"gold":85,"neow_bonus":"REMOVE_TWO","is_prod":false,"is_daily":false,"chose_seed":false,"campfire_upgraded":10,"win_rate":0,"timestamp":1560886759,"path_taken":["M","?","$","?","M","R","M","?","T","R","M","$","M","M","R","BOSS","M","M","?","M","$","R","E","?","T","R","?","E","R","M","R","BOSS","M","M","M","?","M","E","R","E","T","R","?","?","M","E","R","BOSS","BOSS","R","$","E","BOSS"],"build_version":"2019-01-23","purchased_purges":1,"victory":true,"max_hp_per_floor":[71,71,71,71,71,71,71,71,71,71,71,71,71,71,71,71,71,71,71,71,71,71,71,71,81,81,81,81,81,81,81,81,81,81,81,81,81,81,81,81,81,95,95,95,90,90,90,90,90,90,90,90,90,90,97,97],"card_choices":[{"not_picked":["Leap","Stack"],"picked":"Conserve Battery","floor":1.0},{"not_picked":["FTL","Steam Power","Leap"],"picked":"SKIP","floor":2.0},{"not_picked":["Streamline","Storm"],"picked":"Skim","floor":5.0},{"not_picked":["Gash","Steam"],"picked":"Storm","floor":7.0},{"not_picked":["Genetic Algorithm","Sweeping Beam"],"picked":"Skim","floor":8.0},{"not_picked":["Sweeping Beam","Go for the Eyes"],"picked":"Hologram","floor":11.0},{"not_picked":["Auto Shields","Conserve Battery","Stack"],"picked":"SKIP","floor":13.0},{"not_picked":["Gash","Rebound"],"picked":"Chill","floor":14.0},{"not_picked":["Thunder Strike","Machine Learning"],"picked":"Core Surge","floor":16.0},{"not_picked":["FTL","Stack"],"picked":"Coolheaded","floor":18.0},{"not_picked":["Chaos","Barrage","Streamline"],"picked":"SKIP","floor":19.0},{"not_picked":["Barrage","Gash"],"picked":"Glacier","floor":20.0},{"not_picked":["Hologram","Rip and Tear"],"picked":"Static Discharge","floor":21.0},{"not_picked":["Reinforced Body","Hologram"],"picked":"Buffer","floor":24.0},{"not_picked":["Beam Cell","Undo"],"picked":"Heatsinks","floor":29.0},{"not_picked":["Doom and Gloom","Beam Cell"],"picked":"Loop","floor":31.0},{"not_picked":["Buffer","Multi-Cast"],"picked":"Electrodynamics","floor":33.0},{"not_picked":["Coolheaded","Reprogram+1","Ball Lightning+1"],"picked":"SKIP","floor":35.0},{"not_picked":["Hologram","Cold Snap"],"picked":"Redo","floor":36.0},{"not_picked":["Steam","Cold Snap"],"picked":"Fusion","floor":37.0},{"not_picked":["Redo+1","Hologram"],"picked":"Compile Driver+1","floor":39.0},{"not_picked":["Barrage+1","Hologram"],"picked":"Reinforced Body+1","floor":40.0},{"not_picked":["Glacier","Compile Driver"],"picked":"Machine Learning","floor":42.0},{"not_picked":["Steam Power","Sweeping Beam+1"],"picked":"Glacier","floor":47.0},{"not_picked":["Force Field","Steam"],"picked":"Gash+1","floor":48.0},{"not_picked":["Beam Cell","Compile Driver","Leap"],"picked":"SKIP","floor":55.0}],"player_experience":1930606,"relics_obtained":[{"floor":9.0,"key":"Cables"},{"floor":20.0,"key":"Red Mask"},{"floor":24.0,"key":"Sundial"},{"floor":25.0,"key":"Pear"},{"floor":29.0,"key":"Meat on the Bone"},{"floor":38.0,"key":"Torii"},{"floor":40.0,"key":"PreservedInsect"},{"floor":42.0,"key":"Mango"},{"floor":43.0,"key":"War Paint"},{"floor":48.0,"key":"Lantern"},{"floor":55.0,"key":"Strawberry"}],"event_choices":[{"damage_healed":0.0,"max_hp_gain":0.0,"max_hp_loss":0.0,"gold_gain":0.0,"cards_transformed":["Strike_B"],"event_name":"Transmorgrifier","player_choice":"Transformed","floor":4.0,"gold_loss":0.0,"damage_taken":0.0,"cards_obtained":["Thunder Strike"]},{"damage_healed":0.0,"max_hp_gain":0.0,"max_hp_loss":0.0,"gold_gain":0.0,"event_name":"Masked Bandits","player_choice":"Fought Bandits","floor":20.0,"gold_loss":0.0,"damage_taken":0.0},{"cards_removed":["Defend_B"],"damage_healed":0.0,"max_hp_gain":0.0,"max_hp_loss":0.0,"gold_gain":0.0,"event_name":"Purifier","player_choice":"Purged","floor":28.0,"gold_loss":0.0,"damage_taken":0.0},{"damage_healed":0.0,"max_hp_gain":0.0,"max_hp_loss":0.0,"gold_gain":0.0,"event_name":"Mysterious Sphere","player_choice":"Fight","floor":38.0,"gold_loss":0.0,"damage_taken":0.0},{"damage_healed":0.0,"max_hp_gain":0.0,"max_hp_loss":5.0,"gold_gain":0.0,"event_name":"Winding Halls","player_choice":"Max HP","floor":45.0,"gold_loss":0.0,"damage_taken":0.0}],"is_beta":false,"boss_relics":[{"not_picked":["Inserter","Eternal Feather"],"picked":"Empty Cage"},{"not_picked":["Cursed Key","Tiny House"],"picked":"Nuclear Battery"}],"items_purged_floors":[12],"is_endless":false,"potions_floor_spawned":[7,11,16,20,21,31,35,40,47],"ascension_level":20}