{"gold_per_floor":[112,127,127,183,202,202,377,412,412,427,392,392,412,431,431,528,528,528,186,186,32,32],"floor_reached":22,"playtime":685,"items_purged":[],"score":184,"play_id":"fc12ea26-439f-45fa-b1c6-0e3d4b18b6d7","local_time":"20190309230843","is_ascension_mode":false,"campfire_choices":[{"data":"Setup","floor":6,"key":"SMITH"},{"floor":15,"key":"REST"}],"neow_cost":"NONE","seed_source_timestamp":712674410810458,"circlet_count":0,"master_deck":["Defend_G","Defend_G","Defend_G","Strike_G","Strike_G","Strike_G","Strike_G","Survivor","Neutralize","Tactician+1","Grand Finale+1","Distraction+1","Dagger Spray","Underhanded Strike","Setup+1","Doubt","Backstab","Noxious Fumes","Parasite","Footwork","Corpse Explosion","Dagger Spray+1","Footwork"],"relics":["Astrolabe","Mercury Hourglass","Paper Crane","StoneCalendar","Ectoplasm","Meat on the Bone","PreservedInsect"],"potions_floor_usage":[8,18],"damage_taken":[{"damage":1,"enemies":"Cultist","floor":1,"turns":4},{"damage":2,"enemies":"Small Slimes","floor":2,"turns":4},{"damage":0,"enemies":"Jaw Worm","floor":5,"turns":2},{"damage":59,"enemies":"Lagavulin","floor":8,"turns":7},{"damage":0,"enemies":"3 Louse","floor":10,"turns":2},{"damage":10,"enemies":"2 Fungi Beasts","floor":13,"turns":3},{"damage":6,"enemies":"Exordium Wildlife","floor":14,"turns":4},{"damage":30,"enemies":"Hexaghost","floor":16,"turns":9},{"damage":22,"enemies":"3 Byrds","floor":18,"turns":3},{"damage":41,"enemies":"Spheric Guardian","floor":22,"turns":5}],"seed_played":"-4936676992354022003","potions_obtained":[{"floor":1,"key":"SkillPotion"},{"floor":14,"key":"Explosive Potion"},{"floor":18,"key":"Dexterity Potion"}],"is_trial":false,"path_per_floor":["M","M","T","?","M","R","?","E","T","M","?","?","M","M","R","B",null,"M","$","?","$","M"],"character_chosen":"THE_SILENT","items_purchased":["Meat on the Bone","Footwork","PreservedInsect"],"campfire_rested":1,"item_purchase_floors":[19,19,21],"current_hp_per_floor":[69,67,67,67,67,67,67,8,8,8,25,42,32,26,47,17,70,48,48,35,35,0],"gold":32,"neow_bonus":"BOSS_RELIC","is_prod":false,"is_daily":false,"chose_seed":false,"campfire_upgraded":1,"win_rate":0,"timestamp":1552190923,"path_taken":["M","M","?","?","M","R","?","E","T","M","?","?","M","M","R","BOSS","M","$","?","$","M"],"build_version":"2019-01-23","purchased_purges":0,"victory":false,"max_hp_per_floor":[70,70,70,70,70,70,70,70,70,70,70,70,70,70,70,70,70,70,70,75,75,75],"card_choices":[{"not_picked":["Choke","Poisoned Stab"],"picked":"Dagger Spray","floor":1},{"not_picked":["Poisoned Stab","PiercingWail"],"picked":"Underhanded Strike","floor":2},{"not_picked":["Backflip","Outmaneuver"],"picked":"Setup","floor":5},{"not_picked":["Catalyst","Caltrops"],"picked":"Backstab","floor":8},{"not_picked":["Crippling Poison","Accuracy"],"picked":"Noxious Fumes","floor":10},{"not_picked":["Dagger Throw","Slice"],"picked":"Footwork","floor":13},{"not_picked":["Poisoned Stab","Deflect","PiercingWail"],"picked":"SKIP","floor":14},{"not_picked":["Malaise","Phantasmal Killer"],"picked":"Corpse Explosion","floor":16},{"not_picked":["Crippling Poison","Cloak And Dagger"],"picked":"Dagger Spray+1","floor":18}],"player_experience":654138,"relics_obtained":[{"floor":3,"key":"Mercury Hourglass"},{"floor":8,"key":"Paper Crane"},{"floor":9,"key":"StoneCalendar"}],"event_choices":[{"damage_healed":0,"gold_gain":56,"player_choice":"Gained Gold","damage_taken":0,"max_hp_gain":0,"max_hp_loss":0,"event_name":"Golden Wing","floor":4,"gold_loss":0},{"damage_healed":0,"gold_gain":175,"player_choice":"AGREE","damage_taken":0,"max_hp_gain":0,"max_hp_loss":0,"event_name":"Liars Game","floor":7,"gold_loss":0,"cards_obtained":["Doubt"]},{"damage_healed":17,"gold_gain":0,"player_choice":"Healed","damage_taken":0,"max_hp_gain":0,"max_hp_loss":0,"event_name":"The Cleric","floor":11,"gold_loss":35},{"damage_healed":17,"gold_gain":0,"player_choice":"Healed and dodged fight","damage_taken":0,"max_hp_gain":0,"max_hp_loss":0,"event_name":"Mushrooms","floor":12,"gold_loss":0,"cards_obtained":["Parasite"]},{"damage_healed":0,"gold_gain":0,"player_choice":"Shed Blood","damage_taken":18,"max_hp_gain":5,"max_hp_loss":0,"event_name":"Forgotten Altar","floor":20,"gold_loss":0}],"is_beta":false,"boss_relics":[{"not_picked":["WristBlade","Snecko Eye"],"picked":"Ectoplasm"}],"items_purged_floors":[],"is_endless":false,"potions_floor_spawned":[1,14,18],"killed_by":"Spheric Guardian","ascension_level":0}