{"gold_per_floor":[119,119,137,151,0,0,35,53,53,65,65,75,93,120,120,194,194,212,225,140,158,158,158,158,158,158,169,169,200,22,48,48,48],"floor_reached":33,"playtime":1237,"items_purged":["Writhe"],"score":520,"play_id":"ed14eda4-b48a-4718-92b5-7320797c8e26","local_time":"20181006145650","is_ascension_mode":true,"campfire_choices":[{"data":"Spot Weakness","floor":6,"key":"SMITH"},{"data":"Immolate","floor":11,"key":"SMITH"},{"data":"Rage","floor":15,"key":"SMITH"},{"data":"Feed","floor":23,"key":"SMITH"},{"data":"Bash","floor":25,"key":"SMITH"},{"floor":28,"key":"REST"},{"floor":32,"key":"REST"}],"neow_cost":"NONE","seed_source_timestamp":1895486209649932,"circlet_count":0,"master_deck":["Strike_R","Strike_R","Strike_R","Strike_R","Defend_R","Defend_R","Defend_R","Defend_R","Bash+1","AscendersBane","Rage+1","Spot Weakness+1","Pommel Strike","Immolate+1","Ghostly Armor","True Grit+1","Clothesline","Warcry+1","Thunderclap","Feed+1","True Grit+1","Dual Wield+1","Infernal Blade+1","Shockwave+1","Battle Trance+1","Infernal Blade+1","True Grit+1"],"relics":["Burning Blood","Bag of Marbles","Paper Frog","Toxic Egg 2","Dodecahedron","Runic Dome","Art of War","Blood Vial","Singing Bowl","Bottled Lightning","Dream Catcher","Molten Egg 2"],"potions_floor_usage":[7,14,27],"damage_taken":[{"damage":9,"enemies":"Small Slimes","floor":1,"turns":4},{"damage":10,"enemies":"Cultist","floor":3,"turns":4},{"damage":1,"enemies":"Jaw Worm","floor":4,"turns":4},{"damage":29,"enemies":"3 Sentries","floor":7,"turns":8},{"damage":0,"enemies":"3 Louse","floor":8,"turns":1},{"damage":0,"enemies":"2 Fungi Beasts","floor":10,"turns":2},{"damage":0,"enemies":"Looter","floor":12,"turns":1},{"damage":9,"enemies":"3 Louse","floor":13,"turns":2},{"damage":11,"enemies":"Gremlin Nob","floor":14,"turns":4},{"damage":34,"enemies":"The Guardian","floor":16,"turns":10},{"damage":20,"enemies":"3 Byrds","floor":18,"turns":6},{"damage":12,"enemies":"Chosen","floor":19,"turns":3},{"damage":15,"enemies":"Snake Plant","floor":21,"turns":4},{"damage":23,"enemies":"Snecko","floor":27,"turns":6},{"damage":32,"enemies":"Gremlin Leader","floor":29,"turns":7},{"damage":15,"enemies":"Book of Stabbing","floor":31,"turns":4},{"damage":50,"enemies":"Automaton","floor":33,"turns":10}],"seed_played":"-4655273230182040926","potions_obtained":[{"floor":0,"key":"LiquidBronze"},{"floor":0,"key":"Regen Potion"},{"floor":4,"key":"BloodPotion"},{"floor":8,"key":"Block Potion"},{"floor":16,"key":"Dexterity Potion"},{"floor":18,"key":"PowerPotion"},{"floor":29,"key":"Ancient Potion"}],"is_trial":false,"path_per_floor":["M","?","M","M","$","R","E","M","T","M","R","M","M","E","R","B",null,"M","M","?","M","?","R","?","R","T","M","R","E","$","E","R"],"character_chosen":"IRONCLAD","items_purchased":["Bag of Marbles","Battle Trance+1","Infernal Blade+1"],"campfire_rested":2,"item_purchase_floors":[5,30,30],"current_hp_per_floor":[65,65,61,66,66,66,50,56,56,62,62,68,65,60,60,32,64,53,47,47,41,41,41,41,41,41,26,50,28,28,23,48,0],"gold":48,"neow_bonus":"THREE_SMALL_POTIONS","is_prod":false,"is_daily":false,"chose_seed":false,"campfire_upgraded":5,"win_rate":0,"timestamp":1538852210,"path_taken":["M","?","M","M","?","R","E","?","T","?","R","?","M","E","R","BOSS","M","M","?","M","?","R","?","R","T","M","R","E","$","E","R","BOSS"],"build_version":"2018-10-04v2","purchased_purges":1,"victory":false,"max_hp_per_floor":[75,75,75,75,75,75,75,75,75,75,75,75,75,75,75,75,75,78,78,78,81,81,81,81,81,81,81,81,83,83,85,85,85],"card_choices":[{"not_picked":["Thunderclap","Wild Strike"],"picked":"Rage","floor":1},{"not_picked":["Dual Wield","Shockwave"],"picked":"Spot Weakness","floor":3},{"not_picked":["Twin Strike","Havoc"],"picked":"Pommel Strike","floor":4},{"not_picked":["Sword Boomerang","Metallicize"],"picked":"Immolate","floor":7},{"not_picked":["Heavy Blade","Bloodletting"],"picked":"Ghostly Armor","floor":8},{"not_picked":["Warcry+1","Metallicize"],"picked":"True Grit+1","floor":10},{"not_picked":["Thunderclap","Evolve"],"picked":"Clothesline","floor":12},{"not_picked":["Hemokinesis","Ghostly Armor+1"],"picked":"Warcry+1","floor":13},{"not_picked":["Fire Breathing","Bludgeon"],"picked":"Thunderclap","floor":14},{"not_picked":["Juggernaut","Reaper"],"picked":"Feed","floor":16},{"not_picked":["Perfected Strike","Wild Strike"],"picked":"True Grit+1","floor":18},{"not_picked":["Sword Boomerang","Wild Strike"],"picked":"Dual Wield+1","floor":19},{"not_picked":["Body Slam","Bloodletting+1"],"picked":"Infernal Blade+1","floor":21},{"not_picked":["Flex+1","Evolve"],"picked":"Shockwave+1","floor":27},{"not_picked":["Clash","Uppercut","Shockwave+1"],"picked":"Singing Bowl","floor":29},{"not_picked":["Bloodletting+1","Clothesline","Second Wind+1"],"picked":"Singing Bowl","floor":31},{"not_picked":["Dual Wield+1","Clothesline+1"],"picked":"True Grit+1","floor":32}],"player_experience":816886,"relics_obtained":[{"floor":7,"key":"Paper Frog"},{"floor":9,"key":"Toxic Egg 2"},{"floor":14,"key":"Dodecahedron"},{"floor":26,"key":"Bottled Lightning"},{"floor":29,"key":"Dream Catcher"},{"floor":31,"key":"Molten Egg 2"}],"event_choices":[{"event_name":"Purifier","player_choice":"One Purge","floor":2,"damage_taken":0},{"event_name":"Addict","player_choice":"Obtained Relic","floor":20,"damage_taken":0},{"event_name":"WeMeetAgain","player_choice":"Potion","floor":22,"damage_taken":0},{"event_name":"The Mausoleum","player_choice":"Yes","floor":24,"damage_taken":0}],"is_beta":false,"boss_relics":[{"not_picked":["Snecko Eye","Empty Cage"],"picked":"Runic Dome"}],"items_purged_floors":[30],"is_endless":false,"potions_floor_spawned":[3,4,8,13,16,18,29],"killed_by":"Automaton","ascension_level":15}