{"gold_per_floor":[118,118,118,193,206,206,231,231,254,271,282,301,122,138,138,234,234,250,150,167,267,282,282,157,175,252,269,288,303,76,76,76,173,173,190,190,190,200,213,213,213,226,250,311,108,108,208,227,227,227],"floor_reached":50,"playtime":6345,"items_purged":["Strike_G","Defend_G","Strike_G","Defend_G","Defend_G"],"score":471,"play_id":"e38ba601-25e6-416a-af22-44134f320de6","local_time":"20190804135828","is_ascension_mode":false,"campfire_choices":[{"data":"Cloak And Dagger","floor":6,"key":"SMITH"},{"floor":8,"key":"REST"},{"floor":15,"key":"REST"},{"floor":23,"key":"REST"},{"floor":32,"key":"REST"},{"floor":40,"key":"RECALL"},{"floor":46,"key":"REST"},{"floor":49,"key":"REST"}],"neow_cost":"NONE","seed_source_timestamp":214498734950829,"circlet_count":0,"master_deck":["Defend_G","Survivor","Neutralize","Malaise","Escape Plan","Cloak And Dagger+1","Caltrops","Blade Dance","Outmaneuver","Accuracy","Footwork","Cloak And Dagger","Acrobatics","After Image","Cloak And Dagger+1","Riddle With Holes+1","Crippling Poison+1","Dodge and Roll","Escape Plan","Finisher","Adrenaline","Footwork+1","Infinite Blades","A Thousand Cuts","Cloak And Dagger","Master of Strategy","Well Laid Plans+1","Prepared+1","Tactician+1","Footwork"],"relics":["Ring of the Snake","Lantern","Boot","Astrolabe","Sundial","White Beast Statue","MawBank","Juzu Bracelet","Thread and Needle"],"potions_floor_usage":[16,39],"damage_taken":[{"damage":0,"enemies":"Cultist","floor":1,"turns":4},{"damage":0,"enemies":"2 Louse","floor":5,"turns":4},{"damage":32,"enemies":"Lagavulin","floor":7,"turns":6},{"damage":0,"enemies":"Small Slimes","floor":10,"turns":3},{"damage":1,"enemies":"Red Slaver","floor":11,"turns":3},{"damage":0,"enemies":"Large Slime","floor":12,"turns":6},{"damage":20,"enemies":"Gremlin Gang","floor":14,"turns":4},{"damage":26,"enemies":"The Guardian","floor":16,"turns":15},{"damage":0,"enemies":"3 Byrds","floor":18,"turns":3},{"damage":11,"enemies":"Chosen","floor":20,"turns":6},{"damage":23,"enemies":"Sentry and Sphere","floor":22,"turns":8},{"damage":7,"enemies":"Cultist and Chosen","floor":25,"turns":6},{"damage":7,"enemies":"Snake Plant","floor":27,"turns":6},{"damage":0,"enemies":"3 Cultists","floor":28,"turns":5},{"damage":0,"enemies":"Centurion and Healer","floor":29,"turns":6},{"damage":13,"enemies":"Champ","floor":33,"turns":13},{"damage":15,"enemies":"3 Shapes","floor":35,"turns":5},{"damage":5,"enemies":"Orb Walker","floor":38,"turns":4},{"damage":5,"enemies":"Transient","floor":39,"turns":5},{"damage":10,"enemies":"Spire Growth","floor":42,"turns":6},{"damage":19,"enemies":"Mind Bloom Boss Battle","floor":47,"turns":6},{"damage":3,"enemies":"Jaw Worm Horde","floor":48,"turns":7},{"damage":56,"enemies":"Time Eater","floor":50,"turns":15}],"seed_played":"-740336807456136696","potions_obtained":[{"floor":1,"key":"SkillPotion"},{"floor":7,"key":"Fire Potion"},{"floor":12,"key":"Explosive Potion"},{"floor":16,"key":"SkillPotion"},{"floor":28,"key":"SmokeBomb"},{"floor":33,"key":"Block Potion"},{"floor":39,"key":"GamblersBrew"}],"is_trial":false,"path_per_floor":["M","?","?","?","M","R","E","R","T","M","M","M","$","M","R","B",null,"M","$","M","?","M","R","$","M","T","M","M","M","$","T","R","B",null,"M","?","?","M","M","R","?","M","T","T","$","R","?","M","R","B"],"character_chosen":"THE_SILENT","items_purchased":["Footwork","Cloak And Dagger","Infinite Blades","Footwork"],"campfire_rested":6,"item_purchase_floors":[13,13,30,45],"current_hp_per_floor":[70,70,70,63,63,63,31,52,52,52,51,51,51,31,52,26,70,70,70,59,59,36,57,57,50,50,43,43,43,43,43,64,51,70,55,55,55,50,45,45,45,35,35,35,35,56,37,34,55,0],"gold":227,"neow_bonus":"ONE_RANDOM_RARE_CARD","is_prod":false,"is_daily":false,"chose_seed":false,"campfire_upgraded":1,"win_rate":0,"timestamp":1564919908,"path_taken":["M","?","?","?","M","R","E","R","T","M","M","?","$","M","R","BOSS","M","$","M","?","?","R","$","M","T","M","M","M","$","?","R","BOSS","M","?","?","M","M","R","?","M","T","?","$","R","?","M","R","BOSS"],"build_version":"2019-07-17","purchased_purges":5,"victory":false,"max_hp_per_floor":[70,70,70,70,70,70,70,70,70,70,70,70,70,70,70,70,70,70,70,70,70,70,70,70,70,70,70,70,70,70,70,70,70,70,70,70,70,70,70,70,70,70,70,70,70,70,70,70,70,70],"card_choices":[{"not_picked":["Backflip","PiercingWail"],"picked":"Finisher","floor":1},{"not_picked":["Deadly Poison","Dagger Spray"],"picked":"Cloak And Dagger","floor":5},{"not_picked":["Outmaneuver","Prepared"],"picked":"Caltrops","floor":7},{"not_picked":["Flying Knee","Distraction"],"picked":"Blade Dance","floor":10},{"not_picked":["Bane","Dagger Throw"],"picked":"Outmaneuver","floor":11},{"not_picked":["Infinite Blades","Poisoned Stab"],"picked":"Accuracy","floor":12},{"not_picked":["Slice","Leg Sweep"],"picked":"Acrobatics","floor":14},{"not_picked":["Envenom","Venomology"],"picked":"After Image","floor":16},{"not_picked":["Quick Slash","Dagger Spray"],"picked":"Dodge and Roll","floor":18},{"not_picked":["Endless Agony+1","Acrobatics"],"picked":"Escape Plan","floor":20},{"not_picked":["Backflip","Dagger Spray","Quick Slash"],"picked":"SKIP","floor":22},{"not_picked":["Dagger Throw","Expertise"],"picked":"Finisher","floor":25},{"not_picked":["Tactician","Slice+1"],"picked":"Adrenaline","floor":27},{"not_picked":["Flying Knee","Deflect+1"],"picked":"Footwork+1","floor":28},{"not_picked":["Poisoned Stab+1","Dagger Throw","Dodge and Roll"],"picked":"SKIP","floor":29},{"not_picked":["Night Terror","Doppelganger"],"picked":"A Thousand Cuts","floor":33},{"not_picked":["Footwork","PiercingWail"],"picked":"Cloak And Dagger","floor":35},{"not_picked":["Purity","Panacea"],"picked":"Master of Strategy","floor":36},{"not_picked":["Heel Hook","Slice+1"],"picked":"Well Laid Plans+1","floor":38},{"not_picked":["Slice","Sucker Punch+1"],"picked":"Prepared+1","floor":39},{"not_picked":["Heel Hook","Leg Sweep+1"],"picked":"Tactician+1","floor":42},{"not_picked":["Poisoned Stab","Deadly Poison","Outmaneuver+1"],"picked":"SKIP","floor":48}],"player_experience":104863,"relics_obtained":[{"floor":7,"key":"Lantern"},{"floor":9,"key":"Boot"},{"floor":26,"key":"Sundial"},{"floor":43,"key":"MawBank"},{"floor":44,"key":"Juzu Bracelet"},{"floor":47,"key":"Thread and Needle"}],"event_choices":[{"damage_healed":0,"gold_gain":0,"cards_transformed":["Strike_G"],"player_choice":"Change","damage_taken":0,"max_hp_gain":0,"max_hp_loss":0,"event_name":"Living Wall","floor":2,"gold_loss":0,"cards_obtained":["Escape Plan"]},{"damage_healed":0,"gold_gain":0,"player_choice":"Ignored","damage_taken":0,"max_hp_gain":0,"max_hp_loss":0,"event_name":"Liars Game","floor":3,"gold_loss":0},{"damage_healed":0,"gold_gain":75,"player_choice":"Touch","damage_taken":7,"max_hp_gain":0,"max_hp_loss":0,"event_name":"FaceTrader","floor":4,"gold_loss":0},{"damage_healed":0,"gold_gain":100,"player_choice":"Pray","damage_taken":0,"max_hp_gain":0,"max_hp_loss":0,"event_name":"Golden Shrine","floor":21,"gold_loss":0},{"damage_healed":0,"gold_gain":0,"player_choice":"Memory 1","damage_taken":0,"max_hp_gain":0,"max_hp_loss":0,"event_name":"SensoryStone","floor":36,"gold_loss":0},{"cards_removed":["Finisher"],"damage_healed":0,"gold_gain":0,"player_choice":"Removed Attack","damage_taken":0,"max_hp_gain":0,"max_hp_loss":0,"event_name":"Falling","floor":37,"gold_loss":0},{"damage_healed":0,"gold_gain":0,"player_choice":"Ignored","damage_taken":0,"max_hp_gain":0,"max_hp_loss":0,"event_name":"Tomb of Lord Red Mask","floor":41,"gold_loss":0},{"damage_healed":0,"gold_gain":0,"player_choice":"Fight","damage_taken":0,"max_hp_gain":0,"max_hp_loss":0,"event_name":"MindBloom","floor":47,"gold_loss":0}],"is_beta":false,"boss_relics":[{"not_picked":["Lizard Tail","Orrery"],"picked":"Astrolabe"},{"not_picked":["Snecko Eye","Runic Pyramid"],"picked":"White Beast Statue"}],"items_purged_floors":[13,19,24,30,45],"is_endless":false,"potions_floor_spawned":[1,7,12,16,25,27,28,33,35,38,39,42,47,48],"killed_by":"Time Eater","ascension_level":0}