{"gold_per_floor":[111,111,111,122,69,84,96,96,96,111,111,136,136,156,156,259,259,278,288,288,307,327,355,355,355,400,400,202,237,237,248,248,350,350,370,386,386,432,174,174,174,190,216,242,0,0,14,28,28,28],"floor_reached":51,"playtime":8272,"items_purged":["Doubt"],"score":715,"play_id":"09f89882-0666-43b8-bbde-1ac8f19d0f58","local_time":"20180705140623","is_ascension_mode":false,"campfire_choices":[{"floor":8,"key":"REST"},{"floor":13,"key":"REST"},{"data":"Perfected Strike","floor":15,"key":"SMITH"},{"data":"Infernal Blade","floor":25,"key":"SMITH"},{"data":"Double Tap","floor":32,"key":"SMITH"},{"data":"Bash","floor":40,"key":"SMITH"},{"floor":46,"key":"REST"},{"data":"Armaments","floor":49,"key":"SMITH"}],"neow_cost":"","seed_source_timestamp":1946304551920168,"circlet_count":0,"master_deck":["Strike_R","Strike_R","Strike_R","Strike_R","Strike_R","Defend_R+1","Defend_R","Bash+1","Twin Strike","Ghostly Armor+1","Anger","Headbutt","Perfected Strike","Iron Wave","Perfected Strike+1","Headbutt","Double Tap+1","Thunderclap","Infernal Blade+1","Perfected Strike+1","Flex+1","Twin Strike","Dropkick","Sadistic Nature","Sword Boomerang","Sword Boomerang+1","Double Tap","Injury","Decay","Fire Breathing+1","Metallicize+1","Body Slam+1","Shrug It Off","Madness","Madness","Armaments+1","Pommel Strike+1","Juggernaut+1","Blood for Blood+1"],"relics":["Burning Blood","Regal Pillow","Shuriken","Toolbox","Matryoshka","Odd Mushroom","Velvet Choker","Anchor","Bag of Preparation","Ornamental Fan","Vajra","Calling Bell","Pen Nib","Frozen Egg 2","Red Skull","Thread and Needle","War Paint","Blood Vial","Potion Belt","Pantograph","Red Mask"],"potions_floor_usage":[23,23,50,50,50],"damage_taken":[{"damage":10,"enemies":"Small Slimes","floor":1,"turns":5},{"damage":21,"enemies":"Jaw Worm","floor":4,"turns":5},{"damage":0,"enemies":"2 Louse","floor":6,"turns":3},{"damage":19,"enemies":"2 Fungi Beasts","floor":7,"turns":4},{"damage":14,"enemies":"Exordium Thugs","floor":10,"turns":4},{"damage":17,"enemies":"3 Sentries","floor":12,"turns":7},{"damage":17,"floor":14,"turns":4},{"damage":44,"enemies":"The Guardian","floor":16,"turns":8},{"damage":6,"enemies":"Shell Parasite","floor":18,"turns":3},{"damage":10,"enemies":"Chosen","floor":19,"turns":2},{"damage":22,"enemies":"Centurion and Healer","floor":21,"turns":3},{"damage":11,"enemies":"Snecko","floor":22,"turns":3},{"damage":13,"enemies":"Gremlin Leader","floor":23,"turns":3},{"damage":5,"enemies":"Slavers","floor":29,"turns":4},{"damage":2,"enemies":"3 Cultists","floor":31,"turns":3},{"damage":15,"enemies":"Champ","floor":33,"turns":5},{"damage":0,"enemies":"3 Shapes","floor":35,"turns":3},{"damage":11,"enemies":"Orb Walker","floor":36,"turns":3},{"damage":5,"floor":38,"turns":2},{"damage":3,"enemies":"Sphere and 2 Shapes","floor":42,"turns":3},{"damage":33,"enemies":"Nemesis","floor":44,"turns":7},{"damage":0,"enemies":"Maw","floor":47,"turns":4},{"damage":3,"enemies":"3 Darklings","floor":48,"turns":3},{"damage":87,"enemies":"Awakened One","floor":50,"turns":9}],"seed_played":"8045730176592807176","potions_obtained":[{"floor":10,"key":"Strength Potion"},{"floor":12,"key":"Swift Potion"},{"floor":18,"key":"Explosive Potion"},{"floor":23,"key":"AttackPotion"},{"floor":31,"key":"BloodPotion"}],"is_trial":false,"path_per_floor":["M","?","?","M","$","M","M","R","T","M","T","E","R","?","R","B",null,"M","M","?","M","M","E","?","R","T","?","$","E","?","M","R","B",null,"M","M","?","?","$","R","?","M","T","E","?","R","M","M","R","B"],"character_chosen":"IRONCLAD","items_purchased":["Anger","Sadistic Nature","War Paint","Shrug It Off"],"campfire_rested":3,"item_purchase_floors":[5,28,39,39],"current_hp_per_floor":[76,76,58,43,43,49,36,75,75,67,67,56,80,69,69,31,80,80,76,76,60,55,52,80,80,80,80,80,80,80,80,80,71,80,80,75,75,76,76,76,66,69,69,44,44,80,80,80,80,7],"gold":28,"neow_bonus":"","is_prod":false,"is_daily":false,"chose_seed":false,"campfire_upgraded":5,"win_rate":0.0,"timestamp":1530813983,"path_taken":["M","?","?","?","$","M","M","R","T","M","?","E","R","?","R","BOSS","M","M","?","M","?","E","?","R","T","?","$","E","?","M","R","BOSS","M","M","?","?","$","R","?","M","T","E","?","R","M","M","R","BOSS"],"build_version":"2018-06-28","purchased_purges":1,"victory":true,"max_hp_per_floor":[80,80,80,80,80,80,80,80,80,80,80,80,80,80,80,80,80,80,80,80,80,80,80,80,80,80,80,80,80,80,80,80,80,80,80,80,80,80,80,80,80,80,80,80,80,80,80,80,80,80],"card_choices":[{"not_picked":["Sword Boomerang","Clothesline"],"picked":"Twin Strike","floor":1},{"not_picked":["Headbutt","Sever Soul"],"picked":"Ghostly Armor","floor":4},{"not_picked":["Blood for Blood","Clash"],"picked":"Headbutt","floor":6},{"not_picked":["Headbutt","Body Slam"],"picked":"Perfected Strike","floor":7},{"not_picked":["Warcry","Armaments"],"picked":"Iron Wave","floor":10},{"not_picked":["Headbutt","Fiend Fire"],"picked":"Perfected Strike","floor":12},{"not_picked":["Armaments","Warcry"],"picked":"Headbutt","floor":14},{"not_picked":["Feed","Berserk"],"picked":"Double Tap","floor":16},{"not_picked":["Warcry","Intimidate"],"picked":"Thunderclap","floor":18},{"not_picked":["Flex","Clash"],"picked":"Infernal Blade","floor":19},{"not_picked":["Reckless Charge","Shockwave"],"picked":"Flex+1","floor":21},{"not_picked":["Thunderclap","Armaments"],"picked":"Twin Strike","floor":22},{"not_picked":["Body Slam+1","Fiend Fire"],"picked":"Dropkick","floor":23},{"not_picked":["Inflame","True Grit"],"picked":"Sword Boomerang","floor":29},{"not_picked":["Rupture","True Grit"],"picked":"Sword Boomerang+1","floor":31},{"not_picked":["Bludgeon","Fiend Fire"],"picked":"Double Tap","floor":33},{"not_picked":["Shrug It Off+1","Clothesline"],"picked":"Fire Breathing+1","floor":35},{"not_picked":["Anger+1","Sword Boomerang+1"],"picked":"Metallicize+1","floor":36},{"not_picked":["Thunderclap+1","Clothesline+1"],"picked":"Body Slam+1","floor":38},{"not_picked":["Headbutt","Second Wind"],"picked":"Armaments","floor":42},{"not_picked":["Disarm","Pummel+1"],"picked":"Pommel Strike+1","floor":44},{"not_picked":["Pommel Strike","Body Slam+1"],"picked":"Juggernaut+1","floor":47},{"not_picked":["Dropkick","Sword Boomerang"],"picked":"Blood for Blood+1","floor":48}],"player_experience":0,"relics_obtained":[{"floor":9,"key":"Shuriken"},{"floor":11,"key":"Toolbox"},{"floor":12,"key":"Matryoshka"},{"floor":14,"key":"Odd Mushroom"},{"floor":23,"key":"Anchor"},{"floor":26,"key":"Bag of Preparation"},{"floor":26,"key":"Ornamental Fan"},{"floor":29,"key":"Vajra"},{"floor":34,"key":"Pen Nib"},{"floor":34,"key":"Frozen Egg 2"},{"floor":34,"key":"Red Skull"},{"floor":38,"key":"Thread and Needle"},{"floor":43,"key":"Blood Vial"},{"floor":43,"key":"Potion Belt"},{"floor":44,"key":"Pantograph"}],"event_choices":[{"event_name":"Living Wall","player_choice":"Change","floor":2,"damage_taken":0},{"event_name":"Scrap Ooze","player_choice":"success","floor":3,"damage_taken":18},{"event_name":"Mushrooms","player_choice":"Fought Mushrooms","floor":14,"damage_taken":0},{"event_name":"Duplicator","player_choice":"One dupe","floor":20,"damage_taken":0},{"event_name":"Bonfire Elementals","player_choice":"UNCOMMON","floor":24,"damage_taken":0},{"event_name":"Ghosts","player_choice":"Ignored","floor":27,"damage_taken":0},{"event_name":"Vampires","player_choice":"Ignored","floor":30,"damage_taken":0},{"event_name":"Falling","player_choice":"Removed Skill","floor":37,"damage_taken":0},{"event_name":"Mysterious Sphere","player_choice":"Fight","floor":38,"damage_taken":0},{"event_name":"Winding Halls","player_choice":"Embrace Madness","floor":41,"damage_taken":0},{"event_name":"Tomb of Lord Red Mask","player_choice":"Paid","floor":45,"damage_taken":0}],"boss_relics":[{"not_picked":["Orrery","Empty Cage"],"picked":"Velvet Choker"},{"not_picked":["Snecko Eye","Runic Dome"],"picked":"Calling Bell"}],"items_purged_floors":[39],"is_endless":false,"potions_floor_spawned":[10,12,18,19,23,31,35,42],"ascension_level":0}