{"gold_per_floor":[115,135,135,50,50,391,391,425,425,458,458,477,491,525,525,621,621,639,639,663,676,691,691,707,707],"floor_reached":25,"playtime":1001,"items_purged":[],"score":452,"play_id":"036611f4-ac22-4988-b05a-4eb3ff1b12f5","local_time":"20190730143749","is_ascension_mode":true,"campfire_choices":[{"data":"Bash","floor":7.0,"key":"SMITH"},{"data":"Armaments","floor":11.0,"key":"SMITH"},{"data":"Uppercut","floor":15.0,"key":"SMITH"},{"data":"Evolve","floor":23,"key":"SMITH"}],"neow_cost":"NONE","seed_source_timestamp":310349636994404,"circlet_count":0,"master_deck":["AscendersBane","Strike_R","Strike_R","Strike_R","Strike_R","Strike_R","Defend_R","Defend_R","Defend_R","Defend_R","Bash+1","Armaments+1","Spot Weakness","Shrug It Off","Evolve+1","Dropkick","Dual Wield","Metallicize","Uppercut+1","Havoc","Reckless Charge","Feed","Corruption","Burning Pact","Power Through","Armaments"],"special_seed":0,"relics":["Burning Blood","NeowsBlessing","Golden Idol","Meat on the Bone","Old Coin","Vajra","Matryoshka","Bag of Preparation","Mark of Pain"],"potions_floor_usage":[18,24,25],"damage_taken":[{"damage":0.0,"enemies":"Jaw Worm","floor":1.0,"turns":1.0},{"damage":0.0,"enemies":"2 Louse","floor":2.0,"turns":1.0},{"damage":0.0,"enemies":"Gremlin Nob","floor":6.0,"turns":1.0},{"damage":27.0,"enemies":"Lagavulin","floor":8.0,"turns":8.0},{"damage":17.0,"enemies":"3 Sentries","floor":10.0,"turns":9.0},{"damage":4.0,"enemies":"Small Slimes","floor":12.0,"turns":4.0},{"damage":16.0,"enemies":"Blue Slaver","floor":13.0,"turns":3.0},{"damage":25.0,"enemies":"Gremlin Nob","floor":14.0,"turns":5.0},{"damage":19.0,"enemies":"The Guardian","floor":16.0,"turns":11.0},{"damage":19,"enemies":"3 Byrds","floor":18,"turns":4},{"damage":15,"enemies":"Shell Parasite","floor":20,"turns":5},{"damage":25,"enemies":"Snake Plant","floor":21,"turns":4},{"damage":31,"enemies":"Shelled Parasite and Fungi","floor":22,"turns":5},{"damage":23,"enemies":"Sentry and Sphere","floor":24,"turns":7},{"damage":32,"enemies":"Slavers","floor":25,"turns":3}],"seed_played":"-8009501434048130791","potions_obtained":[{"floor":2.0,"key":"Regen Potion"},{"floor":8.0,"key":"SpeedPotion"},{"floor":10.0,"key":"LiquidBronze"},{"floor":16.0,"key":"AttackPotion"},{"floor":21,"key":"Swift Potion"},{"floor":24,"key":"Ancient Potion"}],"is_trial":false,"path_per_floor":["M","M","?","$","?","E","R","E","T","E","R","M","M","E","R","B",null,"M","?","M","M","M","R","M","E"],"character_chosen":"IRONCLAD","items_purchased":["Shrug It Off","Evolve"],"campfire_rested":0,"item_purchase_floors":[4,4],"current_hp_per_floor":[74,75,49,49,14,32,32,38,38,39,39,53,55,48,48,47,68,58,58,49,42,29,29,24,0],"gold":707,"neow_bonus":"THREE_ENEMY_KILL","is_prod":false,"is_daily":false,"chose_seed":false,"campfire_upgraded":4,"win_rate":0,"timestamp":1564511869,"path_taken":["M","M","?","$","?","E","R","E","T","E","R","M","M","E","R","BOSS","M","?","M","M","M","R","M","E"],"build_version":"2019-07-17","purchased_purges":0,"victory":false,"max_hp_per_floor":[75,75,75,75,75,75,75,75,75,75,75,75,75,75,75,75,75,78,78,78,78,78,78,78,78],"card_choices":[{"not_picked":["Warcry","Dropkick"],"picked":"Armaments","floor":1.0},{"not_picked":["Armaments","Combust"],"picked":"Spot Weakness","floor":2.0},{"not_picked":["Fire Breathing","Pommel Strike"],"picked":"Dropkick","floor":6.0},{"not_picked":["Fire Breathing","Iron Wave"],"picked":"Dual Wield","floor":8.0},{"not_picked":["Thunderclap","Wild Strike"],"picked":"Metallicize","floor":10.0},{"not_picked":["Anger","Headbutt"],"picked":"Uppercut","floor":12.0},{"not_picked":["Armaments","Flex"],"picked":"Havoc","floor":13.0},{"not_picked":["Anger","Uppercut"],"picked":"Reckless Charge","floor":14.0},{"not_picked":["Immolate","Barricade"],"picked":"Feed","floor":16.0},{"not_picked":["Twin Strike","Clash"],"picked":"Corruption","floor":18},{"not_picked":["Pommel Strike","Wild Strike","Iron Wave"],"picked":"SKIP","floor":20},{"not_picked":["Headbutt","Uppercut"],"picked":"Burning Pact","floor":21},{"not_picked":["Thunderclap+1","Heavy Blade"],"picked":"Power Through","floor":22},{"not_picked":["Sentinel","Anger"],"picked":"Armaments","floor":24}],"player_experience":1593516,"relics_obtained":[{"floor":6.0,"key":"Old Coin"},{"floor":8.0,"key":"Vajra"},{"floor":10.0,"key":"Matryoshka"},{"floor":14.0,"key":"Bag of Preparation"}],"event_choices":[{"damage_healed":0.0,"max_hp_gain":0.0,"max_hp_loss":0.0,"gold_gain":0.0,"event_name":"Golden Idol","player_choice":"Take Damage","floor":3.0,"gold_loss":0.0,"damage_taken":26.0,"relics_obtained":["Golden Idol"]},{"damage_healed":0.0,"max_hp_gain":0.0,"max_hp_loss":0.0,"gold_gain":0.0,"event_name":"Scrap Ooze","player_choice":"Success","floor":5.0,"gold_loss":0.0,"damage_taken":35.0,"relics_obtained":["Meat on the Bone"]},{"damage_healed":0,"gold_gain":0,"player_choice":"Ignored","damage_taken":0,"max_hp_gain":0,"max_hp_loss":0,"event_name":"The Mausoleum","floor":19,"gold_loss":0}],"is_beta":false,"boss_relics":[{"not_picked":["Runic Dome","Tiny House"],"picked":"Mark of Pain"}],"items_purged_floors":[],"is_endless":false,"potions_floor_spawned":[2,8,10,16,21,24],"killed_by":"Slavers","ascension_level":15}