{"gold_per_floor":[110,110,127,127,72,107,107,118,192,206,206,236,236,262,262,339,339,355,77,102,102,120,120,20,45,68,68,79,90,108,136,136,215,215,231,251,251,21,38,65,65,95,120,120,138,61,61,61,61,61,61,61,61,18,49,49],"floor_reached":57,"playtime":2997,"items_purged":["Strike_B","Defend_B"],"score":2932,"play_id":"004ac2c1-465b-418b-bee6-fdeab813d675","local_time":"20190524221349","is_ascension_mode":true,"campfire_choices":[{"data":"Zap","floor":7.0,"key":"SMITH"},{"floor":13.0,"key":"REST"},{"data":"Defragment","floor":15.0,"key":"SMITH"},{"data":"Coolheaded","floor":23.0,"key":"SMITH"},{"floor":27.0,"key":"REST"},{"data":"Fusion","floor":32.0,"key":"SMITH"},{"data":"Consume","floor":41.0,"key":"SMITH"},{"data":"Dualcast","floor":44.0,"key":"SMITH"},{"floor":49.0,"key":"RECALL"},{"data":"Recycle","floor":53.0,"key":"SMITH"}],"neow_cost":"PERCENT_DAMAGE","seed_source_timestamp":9009605685190,"circlet_count":0,"master_deck":["AscendersBane","Zap+1","Dualcast+1","Go for the Eyes","Hologram","Undo","Machine Learning","Seek","Compile Driver","Barrage+1","Beam Cell+1","Defragment+1","Core Surge+1","Coolheaded+1","Sunder+1","Glacier","Defragment","BootSequence","Multi-Cast","Coolheaded","Cold Snap+1","Fusion+1","Reboot","Consume+1","Echo Form","Gash+1","Recycle+1","Master of Strategy","Master of Strategy","Conserve Battery","Glacier"],"special_seed":0,"relics":["Cracked Core","Centennial Puzzle","Molten Egg 2","Du-Vu Doll","Singing Bowl","Inserter","Red Mask","Happy Flower","Smiling Mask","Strawberry","Nuclear Battery","OrangePellets","Question Card","Emotion Chip","Blood Vial"],"potions_floor_usage":[56,56],"damage_taken":[{"damage":1.0,"enemies":"Jaw Worm","floor":1.0,"turns":4.0},{"damage":0.0,"enemies":"2 Louse","floor":3.0,"turns":3.0},{"damage":25.0,"enemies":"3 Sentries","floor":6.0,"turns":9.0},{"damage":0.0,"enemies":"Cultist","floor":8.0,"turns":3.0},{"damage":0.0,"enemies":"Exordium Thugs","floor":10.0,"turns":5.0},{"damage":1.0,"enemies":"Lagavulin","floor":12.0,"turns":6.0},{"damage":8.0,"enemies":"3 Sentries","floor":14.0,"turns":5.0},{"damage":9.0,"enemies":"Hexaghost","floor":16.0,"turns":8.0},{"damage":16.0,"enemies":"3 Byrds","floor":18.0,"turns":5.0},{"damage":5.0,"enemies":"Masked Bandits","floor":20.0,"turns":5.0},{"damage":1.0,"enemies":"Shell Parasite","floor":22.0,"turns":5.0},{"damage":24.0,"enemies":"Gremlin Leader","floor":25.0,"turns":6.0},{"damage":0.0,"enemies":"Centurion and Healer","floor":28.0,"turns":5.0},{"damage":0.0,"enemies":"Snake Plant","floor":29.0,"turns":3.0},{"damage":0.0,"enemies":"Cultist and Chosen","floor":30.0,"turns":5.0},{"damage":17.0,"enemies":"Book of Stabbing","floor":31.0,"turns":5.0},{"damage":0.0,"enemies":"Automaton","floor":33.0,"turns":10.0},{"damage":3.0,"enemies":"3 Shapes","floor":35.0,"turns":3.0},{"damage":9.0,"enemies":"Orb Walker","floor":36.0,"turns":3.0},{"damage":7.0,"enemies":"Writhing Mass","floor":39.0,"turns":8.0},{"damage":3.0,"enemies":"Giant Head","floor":40.0,"turns":9.0},{"damage":0.0,"enemies":"Nemesis","floor":42.0,"turns":7.0},{"damage":0.0,"enemies":"Jaw Worm Horde","floor":45.0,"turns":4.0},{"damage":0.0,"enemies":"Time Eater","floor":50.0,"turns":17.0},{"damage":26.0,"enemies":"Awakened One","floor":51.0,"turns":12.0},{"damage":30.0,"enemies":"Shield and Spear","floor":55.0,"turns":8.0},{"damage":43,"enemies":"The Heart","floor":56,"turns":17}],"seed_played":"-5328996362831381390","potions_obtained":[{"floor":6.0,"key":"GamblersBrew"},{"floor":12.0,"key":"Energy Potion"},{"floor":20.0,"key":"SteroidPotion"},{"floor":22.0,"key":"Fruit Juice"},{"floor":29.0,"key":"Ancient Potion"},{"floor":33.0,"key":"Dexterity Potion"},{"floor":39.0,"key":"Fruit Juice"},{"floor":45.0,"key":"Dexterity Potion"}],"is_trial":false,"path_per_floor":["M","?","M","?","$","E","R","M","T","M","?","E","R","E","R","B",null,"M","$","?","?","M","R","$","E","T","R","M","M","M","E","R","B",null,"M","M","?","$","M","E","R","E","T","R","M","$","?","?","R","B","B",null,"R","$","E","B",null],"character_chosen":"DEFECT","items_purchased":["Explosive Potion","Sunder+1","Glacier","Defragment","OrangePellets","Recycle","Glacier"],"campfire_rested":2,"item_purchase_floors":[5,19,19,19,38,46,54],"current_hp_per_floor":[45,38,38,38,38,13,13,13,13,13,13,12,33,25,25,16,57,41,41,36,36,40,40,40,16,16,38,40,42,42,34,34,34,75,72,65,65,65,65,62,62,62,62,62,64,64,56,56,56,56,30,84,84,84,56,15],"gold":49,"neow_bonus":"TRANSFORM_TWO_CARDS","is_prod":false,"is_daily":false,"chose_seed":false,"campfire_upgraded":7,"win_rate":0,"timestamp":1558707229,"path_taken":["M","?","M","?","?","E","R","M","T","?","?","E","R","E","R","BOSS","M","$","?","?","M","R","?","E","T","R","M","M","?","E","R","BOSS","M","?","?","$","M","E","R","E","T","R","M","$","?","?","R","BOSS","BOSS","R","$","E","BOSS"],"build_version":"2019-01-23","purchased_purges":2,"victory":true,"max_hp_per_floor":[71,71,71,71,71,71,71,71,71,71,71,71,71,71,71,71,71,71,71,71,71,76,76,76,76,76,76,78,80,80,89,89,89,89,89,91,91,91,98,98,98,98,98,98,100,100,102,102,102,102,102,102,102,102,104,104],"card_choices":[{"not_picked":["Rebound","Sweeping Beam"],"picked":"Hologram","floor":1.0},{"not_picked":["Auto Shields","Conserve Battery"],"picked":"Undo","floor":3.0},{"not_picked":["Sweeping Beam","Rebound"],"picked":"Seek","floor":6.0},{"not_picked":["Stack","Chill"],"picked":"Compile Driver","floor":8.0},{"not_picked":["Steam","Go for the Eyes+1"],"picked":"Barrage+1","floor":10.0},{"not_picked":["Chill","Go for the Eyes+1"],"picked":"Beam Cell+1","floor":12.0},{"not_picked":["Streamline+1","Rainbow"],"picked":"Defragment","floor":14.0},{"not_picked":["Seek","Buffer"],"picked":"Core Surge+1","floor":16.0},{"not_picked":["Tempest","Redo"],"picked":"Coolheaded","floor":18.0},{"not_picked":["Go for the Eyes+1","Rebound+1"],"picked":"Turbo","floor":20.0},{"not_picked":["Aggregate+1","Sweeping Beam+1"],"picked":"Coolheaded","floor":22.0},{"not_picked":["Rip and Tear+1","Leap"],"picked":"Cold Snap+1","floor":25.0},{"not_picked":["Stack","Rip and Tear+1","Steam"],"picked":"Singing Bowl","floor":28.0},{"not_picked":["Rebound+1","Streamline+1","Darkness"],"picked":"Singing Bowl","floor":29.0},{"not_picked":["White Noise","Hologram"],"picked":"Fusion","floor":30.0},{"not_picked":["Gash+1","Chill","Hologram"],"picked":"Singing Bowl","floor":31.0},{"not_picked":["Buffer","Core Surge+1"],"picked":"Reboot","floor":33.0},{"not_picked":["Go for the Eyes+1","Conserve Battery"],"picked":"Consume","floor":35.0},{"not_picked":["Undo","Cold Snap+1","Beam Cell+1"],"picked":"Singing Bowl","floor":36.0},{"not_picked":["Cold Snap+1","Barrage+1","Tempest"],"picked":"Singing Bowl","floor":39.0},{"not_picked":["Go for the Eyes+1","Coolheaded"],"picked":"Echo Form","floor":40.0},{"not_picked":["Ball Lightning+1","Redo","Steam"],"picked":"Gash+1","floor":42.0},{"not_picked":["Go for the Eyes+1","Melter+1","Leap","Conserve Battery"],"picked":"Singing Bowl","floor":45.0},{"not_picked":["Discovery","Impatience","Magnetism"],"picked":"Master of Strategy","floor":47.0},{"not_picked":["Dark Shackles","Secret Weapon","Thinking Ahead"],"picked":"Master of Strategy","floor":47.0},{"not_picked":["Transmutation","Magnetism","Trip","Jack Of All Trades"],"picked":"Singing Bowl","floor":47.0},{"not_picked":["Chill","Cold Snap+1","Static Discharge","Coolheaded"],"picked":"Singing Bowl","floor":55.0}],"player_experience":1765809,"relics_obtained":[{"floor":6.0,"key":"Centennial Puzzle"},{"floor":9.0,"key":"Molten Egg 2"},{"floor":12.0,"key":"Du-Vu Doll"},{"floor":14.0,"key":"Singing Bowl"},{"floor":20.0,"key":"Red Mask"},{"floor":25.0,"key":"Happy Flower"},{"floor":26.0,"key":"Smiling Mask"},{"floor":31.0,"key":"Strawberry"},{"floor":40.0,"key":"Question Card"},{"floor":42.0,"key":"Emotion Chip"},{"floor":55.0,"key":"Blood Vial"}],"event_choices":[{"cards_removed":["Defend_B"],"damage_healed":0.0,"max_hp_gain":0.0,"max_hp_loss":0.0,"gold_gain":0.0,"event_name":"Golden Wing","player_choice":"Card Removal","floor":2.0,"gold_loss":0.0,"damage_taken":7.0},{"damage_healed":0.0,"max_hp_gain":0.0,"max_hp_loss":0.0,"gold_gain":0.0,"cards_transformed":["Strike_B"],"event_name":"Living Wall","player_choice":"Change","floor":4.0,"gold_loss":0.0,"damage_taken":0.0,"cards_obtained":["Machine Learning"]},{"damage_healed":0.0,"max_hp_gain":0.0,"max_hp_loss":0.0,"gold_gain":0.0,"event_name":"Liars Game","player_choice":"Ignored","floor":11.0,"gold_loss":0.0,"damage_taken":0.0},{"damage_healed":0.0,"max_hp_gain":0.0,"max_hp_loss":0.0,"gold_gain":0.0,"event_name":"Masked Bandits","player_choice":"Fought Bandits","floor":20.0,"gold_loss":0.0,"damage_taken":0.0},{"damage_healed":0.0,"max_hp_gain":0.0,"max_hp_loss":0.0,"gold_gain":0.0,"cards_transformed":["Defend_B","Defend_B"],"event_name":"Drug Dealer","player_choice":"Became Test Subject","floor":21.0,"gold_loss":0.0,"damage_taken":0.0,"cards_obtained":["BootSequence","Multi-Cast"]},{"cards_removed":["Turbo"],"damage_healed":0.0,"max_hp_gain":0.0,"max_hp_loss":0.0,"gold_gain":0.0,"event_name":"Falling","player_choice":"Removed Skill","floor":37.0,"gold_loss":0.0,"damage_taken":0.0},{"damage_healed":0.0,"max_hp_gain":0.0,"max_hp_loss":0.0,"gold_gain":0.0,"event_name":"SensoryStone","player_choice":"Memory 3","floor":47.0,"gold_loss":0.0,"damage_taken":10.0},{"damage_healed":0.0,"max_hp_gain":0.0,"max_hp_loss":0.0,"gold_gain":0.0,"cards_transformed":["Steam"],"event_name":"Transmorgrifier","player_choice":"Transformed","floor":48.0,"gold_loss":0.0,"damage_taken":0.0,"cards_obtained":["Conserve Battery"]}],"is_beta":false,"boss_relics":[{"not_picked":["Fusion Hammer","White Beast Statue"],"picked":"Inserter"},{"not_picked":["Empty Cage","Snecko Eye"],"picked":"Nuclear Battery"}],"items_purged_floors":[19,24],"is_endless":false,"potions_floor_spawned":[6,12,14,20,22,29,33,35,39,45],"ascension_level":20}