{"gold_per_floor":[119,194,194,19,19,44,60,60,60,92,111,126,152,171,171,248,248,266,266,64,80,96,96,96],"floor_reached":24,"playtime":686,"items_purged":["Strike_B"],"score":532,"play_id":"229c8399-3487-4fc3-b744-a8f9c5e15ad0","local_time":"20190606165123","is_ascension_mode":true,"campfire_choices":[{"data":"Zap","floor":8,"key":"SMITH"},{"floor":15,"key":"REST"},{"data":"Sunder","floor":23,"key":"SMITH"}],"neow_cost":"NONE","seed_source_timestamp":350584272543459,"circlet_count":0,"master_deck":["AscendersBane","Strike_B","Strike_B","Defend_B","Defend_B","Defend_B","Defend_B","Zap+1","Dualcast","Turbo","Echo Form","Cold Snap","Electrodynamics","Genetic Algorithm","Conserve Battery","Recycle","Melter","Multi-Cast","Heatsinks","Self Repair","Sunder+1","Glacier","Coolheaded"],"relics":["Cracked Core","NeowsBlessing","Symbiotic Virus","Shuriken","Incense Burner","Oddly Smooth Stone","Black Star"],"potions_floor_usage":[12,14,21,24,24],"damage_taken":[{"damage":0,"enemies":"Jaw Worm","floor":1,"turns":1},{"damage":0,"enemies":"Gremlin Nob","floor":6,"turns":1},{"damage":0,"enemies":"2 Louse","floor":7,"turns":1},{"damage":0,"enemies":"Lagavulin","floor":10,"turns":6},{"damage":0,"enemies":"Cultist","floor":11,"turns":3},{"damage":16,"enemies":"3 Louse","floor":12,"turns":5},{"damage":35,"enemies":"Gremlin Nob","floor":13,"turns":4},{"damage":0,"enemies":"Blue Slaver","floor":14,"turns":2},{"damage":2,"enemies":"The Guardian","floor":16,"turns":15},{"damage":0,"enemies":"Shell Parasite","floor":18,"turns":3},{"damage":6,"enemies":"Chosen","floor":21,"turns":5},{"damage":32,"enemies":"3 Cultists","floor":22,"turns":7},{"damage":31,"enemies":"Gremlin Leader","floor":24,"turns":7}],"seed_played":"2828625029990598232","potions_obtained":[{"floor":6,"key":"GamblersBrew"},{"floor":7,"key":"Block Potion"},{"floor":14,"key":"Weak Potion"},{"floor":16,"key":"Poison Potion"},{"floor":18,"key":"Block Potion"},{"floor":22,"key":"SteroidPotion"}],"is_trial":false,"path_per_floor":["M","?","?","$","$","E","M","R","T","E","M","M","E","M","R","B",null,"M","?","$","M","M","R","E"],"character_chosen":"DEFECT","items_purchased":["Echo Form","Self Repair","Sunder"],"campfire_rested":1,"item_purchase_floors":[4,20,20],"current_hp_per_floor":[64,53,53,53,53,53,53,53,53,53,53,37,2,2,23,21,59,59,59,59,60,35,35,4],"gold":96,"neow_bonus":"THREE_ENEMY_KILL","is_prod":false,"is_daily":false,"chose_seed":false,"campfire_upgraded":2,"win_rate":0,"timestamp":1559811083,"path_taken":["M","?","?","?","$","E","?","R","T","E","M","M","E","M","R","BOSS","M","?","$","M","M","R","E"],"build_version":"2019-01-23","purchased_purges":1,"victory":false,"max_hp_per_floor":[71,71,71,71,71,71,71,71,71,71,71,71,71,71,71,71,71,71,71,71,71,71,71,71],"card_choices":[{"not_picked":["Sweeping Beam","Barrage"],"picked":"Turbo","floor":1},{"not_picked":["Rebound","Blizzard","Barrage"],"picked":"SKIP","floor":6},{"not_picked":["Steam","Barrage"],"picked":"Cold Snap","floor":7},{"not_picked":["Lockon","Conserve Battery"],"picked":"Electrodynamics","floor":10},{"not_picked":["Streamline","Blizzard"],"picked":"Genetic Algorithm","floor":11},{"not_picked":["Reinforced Body","Sweeping Beam"],"picked":"Conserve Battery","floor":12},{"not_picked":["Sweeping Beam","Beam Cell"],"picked":"Recycle","floor":13},{"not_picked":["Hologram","Rebound"],"picked":"Melter","floor":14},{"not_picked":["Hyperbeam","Machine Learning"],"picked":"Multi-Cast","floor":16},{"not_picked":["Redo","Steam"],"picked":"Heatsinks","floor":18},{"not_picked":["Barrage","Heatsinks"],"picked":"Glacier","floor":21},{"not_picked":["Go for the Eyes","Barrage"],"picked":"Coolheaded","floor":22}],"player_experience":1889653,"relics_obtained":[{"floor":6,"key":"Symbiotic Virus"},{"floor":9,"key":"Shuriken"},{"floor":10,"key":"Incense Burner"},{"floor":13,"key":"Oddly Smooth Stone"}],"event_choices":[{"damage_healed":0,"gold_gain":75,"player_choice":"Gather Gold","damage_taken":11,"max_hp_gain":0,"max_hp_loss":0,"event_name":"World of Goop","floor":2,"gold_loss":0},{"damage_healed":0,"gold_gain":0,"player_choice":"Ignored","damage_taken":0,"max_hp_gain":0,"max_hp_loss":0,"event_name":"Liars Game","floor":3,"gold_loss":0},{"cards_removed":["Strike_B"],"damage_healed":0,"gold_gain":0,"player_choice":"Elegance","damage_taken":0,"max_hp_gain":0,"max_hp_loss":0,"event_name":"Back to Basics","floor":19,"gold_loss":0}],"is_beta":false,"boss_relics":[{"not_picked":["Calling Bell","Velvet Choker"],"picked":"Black Star"}],"items_purged_floors":[20],"is_endless":false,"potions_floor_spawned":[6,7,11,14,16,18,22],"killed_by":"Gremlin Leader","ascension_level":20}