{"gold_per_floor":[114,134,144,144,144,144,173,187,187,200,200,375,386,400,400,400],"floor_reached":16,"playtime":703,"items_purged":[],"score":104,"play_id":"069b9b58-6342-48e9-9706-e7ee435973d9","local_time":"20190414001059","is_ascension_mode":false,"campfire_choices":[{"floor":6,"key":"REST"},{"data":"Streamline","floor":11,"key":"SMITH"},{"floor":15,"key":"REST"}],"neow_cost":"NONE","seed_source_timestamp":287708741465159,"circlet_count":0,"master_deck":["Strike_B","Strike_B","Strike_B","Strike_B","Defend_B","Defend_B","Defend_B","Zap","Dualcast","Blind","Chill","Leap","Leap","Steam","Streamline+1","Doubt","Coolheaded"],"relics":["Cracked Core","Shuriken","Darkstone Periapt","Kunai"],"potions_floor_usage":[16],"damage_taken":[{"damage":1,"enemies":"2 Louse","floor":1,"turns":2},{"damage":1,"enemies":"Jaw Worm","floor":2,"turns":3},{"damage":7,"enemies":"Small Slimes","floor":3,"turns":4},{"damage":9,"enemies":"3 Sentries","floor":7,"turns":10},{"damage":0,"enemies":"Looter","floor":8,"turns":3},{"damage":0,"enemies":"Exordium Wildlife","floor":10,"turns":4},{"damage":16,"enemies":"Lots of Slimes","floor":13,"turns":5},{"damage":1,"enemies":"Looter","floor":14,"turns":3},{"damage":73,"enemies":"Hexaghost","floor":16,"turns":16}],"seed_played":"1906573009784706702","potions_obtained":[{"floor":1,"key":"Energy Potion"},{"floor":2,"key":"FearPotion"},{"floor":7,"key":"GamblersBrew"},{"floor":14,"key":"Energy Potion"}],"is_trial":false,"path_per_floor":["M","M","M","?","?","R","E","M","T","M","R","?","M","M","R","B"],"character_chosen":"DEFECT","items_purchased":[],"campfire_rested":2,"item_purchase_floors":[],"current_hp_per_floor":[74,73,66,59,47,69,60,60,60,60,60,66,50,49,73,0],"gold":400,"neow_bonus":"RANDOM_COLORLESS","is_prod":false,"is_daily":false,"chose_seed":false,"campfire_upgraded":1,"win_rate":0,"timestamp":1555215059,"path_taken":["M","M","M","?","?","R","E","M","T","M","R","?","M","M","R","BOSS"],"build_version":"2019-01-23","purchased_purges":0,"victory":false,"max_hp_per_floor":[75,75,75,75,75,75,75,75,75,75,75,81,81,81,81,81],"card_choices":[{"not_picked":["Hello World","Coolheaded"],"picked":"Chill","floor":1},{"not_picked":["Ball Lightning","Tempest"],"picked":"Leap","floor":2},{"not_picked":["Go for the Eyes","Fusion"],"picked":"Leap","floor":3},{"not_picked":["Beam Cell","Rainbow"],"picked":"Steam","floor":7},{"not_picked":["Steam","Go for the Eyes","Rebound"],"picked":"SKIP","floor":8},{"not_picked":["Gash","Conserve Battery"],"picked":"Streamline","floor":10},{"not_picked":["Beam Cell","Barrage","Go for the Eyes"],"picked":"SKIP","floor":13},{"not_picked":["Beam Cell","Doom and Gloom"],"picked":"Coolheaded","floor":14}],"player_experience":791607,"relics_obtained":[{"floor":7,"key":"Darkstone Periapt"},{"floor":9,"key":"Kunai"}],"event_choices":[{"cards_removed":["Defend_B"],"damage_healed":0,"gold_gain":0,"player_choice":"Card Removal","damage_taken":7,"max_hp_gain":0,"max_hp_loss":0,"event_name":"Golden Wing","floor":4,"gold_loss":0},{"damage_healed":0,"gold_gain":0,"player_choice":"Success","damage_taken":12,"relics_obtained":["Shuriken"],"max_hp_gain":0,"max_hp_loss":0,"event_name":"Scrap Ooze","floor":5,"gold_loss":0},{"damage_healed":0,"gold_gain":175,"player_choice":"AGREE","damage_taken":0,"max_hp_gain":0,"max_hp_loss":0,"event_name":"Liars Game","floor":12,"gold_loss":0,"cards_obtained":["Doubt"]}],"is_beta":false,"boss_relics":[],"items_purged_floors":[],"is_endless":false,"potions_floor_spawned":[1,2,7,14],"killed_by":"Hexaghost","ascension_level":0}