{"gold_per_floor":[111,111,36,36,36,36,36,36,63,79,79,94,115,115,115,115],"floor_reached":16,"playtime":935,"items_purged":["Defend_B"],"score":88,"play_id":"a07442bb-5aef-49fa-b9d5-84f1d2e67f65","local_time":"20190804005118","is_ascension_mode":false,"campfire_choices":[{"floor":6,"key":"REST"},{"floor":8,"key":"RECALL"},{"data":"Steam Power","floor":11,"key":"SMITH"},{"floor":15,"key":"REST"}],"neow_cost":"NONE","seed_source_timestamp":172687356236324,"circlet_count":0,"master_deck":["Strike_B","Strike_B","Defend_B","Defend_B","Defend_B","Zap","Dualcast","Steam Power+1","Hologram","Go for the Eyes","Chill"],"relics":["Cracked Core","Golden Idol","Centennial Puzzle"],"potions_floor_usage":[],"damage_taken":[{"damage":12,"enemies":"Small Slimes","floor":1,"turns":6},{"damage":7,"enemies":"Jaw Worm","floor":10,"turns":4},{"damage":1,"enemies":"2 Louse","floor":12,"turns":3},{"damage":28,"enemies":"Gremlin Gang","floor":13,"turns":6},{"damage":53,"enemies":"The Guardian","floor":16,"turns":10}],"seed_played":"-484047183915486419","potions_obtained":[],"is_trial":false,"path_per_floor":["M","?","$","?","$","R","$","R","T","M","R","M","M","?","R","B"],"character_chosen":"DEFECT","items_purchased":[],"campfire_rested":2,"item_purchase_floors":[],"current_hp_per_floor":[63,63,63,45,45,67,67,67,67,60,60,59,31,31,53,0],"gold":115,"neow_bonus":"REMOVE_CARD","is_prod":false,"is_daily":false,"chose_seed":false,"campfire_upgraded":1,"win_rate":0,"timestamp":1564872678,"path_taken":["M","?","$","?","$","R","?","R","T","M","R","M","M","?","R","BOSS"],"build_version":"2019-07-17","purchased_purges":1,"victory":false,"max_hp_per_floor":[75,75,75,75,75,75,75,75,75,75,75,75,75,75,75,75],"card_choices":[{"not_picked":["Ball Lightning","Chaos"],"picked":"Steam Power","floor":1},{"not_picked":["Double Energy","Scrape"],"picked":"Hologram","floor":10},{"not_picked":["Turbo","Static Discharge"],"picked":"Go for the Eyes","floor":12},{"not_picked":["Rebound","Chaos"],"picked":"Chill","floor":13}],"player_experience":89677,"relics_obtained":[],"event_choices":[{"cards_removed":["Strike_B"],"damage_healed":0,"gold_gain":0,"player_choice":"Forget","damage_taken":0,"max_hp_gain":0,"max_hp_loss":0,"event_name":"Living Wall","floor":2,"gold_loss":0},{"damage_healed":0,"gold_gain":0,"player_choice":"Take Damage","damage_taken":18,"relics_obtained":["Golden Idol"],"max_hp_gain":0,"max_hp_loss":0,"event_name":"Golden Idol","floor":4,"gold_loss":0},{"damage_healed":0,"gold_gain":0,"player_choice":"Searched \u00272\u0027 times","damage_taken":0,"relics_obtained":["Centennial Puzzle"],"max_hp_gain":0,"max_hp_loss":0,"event_name":"Dead Adventurer","floor":14,"gold_loss":0}],"is_beta":false,"boss_relics":[],"items_purged_floors":[3],"is_endless":false,"potions_floor_spawned":[],"killed_by":"The Guardian","ascension_level":0}