{"gold_per_floor":[110,32,51,51,63,63,92,107,107,133,153,153,212,212,212,288,288,300,16,30,30,45,45],"floor_reached":23,"playtime":825,"items_purged":[],"score":369,"play_id":"10b8d0b3-ed06-4587-bd0f-27ea58dbfb94","local_time":"20190728001106","is_ascension_mode":true,"campfire_choices":[{"data":"Zap","floor":6,"key":"SMITH"},{"floor":12,"key":"REST"},{"data":"Loop","floor":15,"key":"SMITH"}],"neow_cost":"NONE","seed_source_timestamp":85728801478664,"circlet_count":0,"master_deck":["AscendersBane","Strike_B","Strike_B","Strike_B","Strike_B","Defend_B","Defend_B","Defend_B","Defend_B","Zap+1","Dualcast","Hologram","Static Discharge+1","Cold Snap","Loop+1","FTL","Multi-Cast","White Noise","Reinforced Body","Meteor Strike","Cold Snap","Self Repair","Loop","Doom and Gloom","Hologram","FTL","Defragment","Turbo+1"],"relics":["Cracked Core","Art of War","Kunai","Shovel","Tiny Chest","Orrery","OrangePellets"],"potions_floor_usage":[7,7,11,11],"damage_taken":[{"damage":1,"enemies":"Cultist","floor":1,"turns":3},{"damage":6,"enemies":"Jaw Worm","floor":3,"turns":3},{"damage":1,"enemies":"Small Slimes","floor":5,"turns":3},{"damage":16,"enemies":"Lagavulin","floor":7,"turns":5},{"damage":4,"enemies":"Red Slaver","floor":8,"turns":3},{"damage":22,"enemies":"3 Sentries","floor":10,"turns":4},{"damage":9,"enemies":"Exordium Thugs","floor":11,"turns":3},{"damage":16,"enemies":"Gremlin Nob","floor":13,"turns":4},{"damage":3,"enemies":"Hexaghost","floor":16,"turns":9},{"damage":13,"enemies":"Chosen","floor":18,"turns":6},{"damage":14,"enemies":"Spheric Guardian","floor":20,"turns":4},{"damage":20,"enemies":"Shelled Parasite and Fungi","floor":22,"turns":6},{"damage":38,"enemies":"Slavers","floor":23,"turns":2}],"seed_played":"-4807647993487662884","potions_obtained":[{"floor":0,"key":"EssenceOfSteel"},{"floor":0,"key":"EntropicBrew"},{"floor":5,"key":"Fire Potion"},{"floor":14,"key":"Strength Potion"},{"floor":14,"key":"SpeedPotion"}],"is_trial":false,"path_per_floor":["M","$","M","?","M","R","E","M","T","E","M","R","E","?","R","B",null,"M","$","M","T","M","E"],"character_chosen":"DEFECT","items_purchased":["Static Discharge","OrangePellets","Defragment"],"campfire_rested":1,"item_purchase_floors":[2,19,19],"current_hp_per_floor":[63,63,57,57,56,56,40,36,36,14,5,26,10,10,10,7,55,49,49,42,42,29,0],"gold":45,"neow_bonus":"THREE_SMALL_POTIONS","is_prod":false,"is_daily":false,"chose_seed":false,"campfire_upgraded":2,"win_rate":0,"timestamp":1564287066,"path_taken":["M","?","M","?","M","R","E","?","T","E","?","R","E","?","R","BOSS","M","$","M","?","M","E"],"build_version":"2019-07-17","purchased_purges":0,"victory":false,"max_hp_per_floor":[71,71,71,71,71,71,71,71,71,71,71,71,71,71,71,71,71,71,71,71,71,71,71],"card_choices":[{"not_picked":["Turbo","Beam Cell"],"picked":"Hologram","floor":1},{"not_picked":["Stack","Beam Cell","Gash"],"picked":"SKIP","floor":3},{"not_picked":["Stack","Darkness"],"picked":"Cold Snap","floor":5},{"not_picked":["Coolheaded","Turbo"],"picked":"Loop","floor":7},{"not_picked":["Streamline","Force Field"],"picked":"FTL","floor":8},{"not_picked":["Leap","Redo"],"picked":"Multi-Cast","floor":10},{"not_picked":["Redo","Ball Lightning"],"picked":"White Noise","floor":11},{"not_picked":["Ball Lightning","Blizzard"],"picked":"Reinforced Body","floor":13},{"not_picked":["Machine Learning","Hyperbeam"],"picked":"Meteor Strike","floor":16},{"not_picked":["Rebound","Reinforced Body"],"picked":"Cold Snap","floor":17},{"not_picked":["Chaos","Leap"],"picked":"Self Repair","floor":17},{"not_picked":["Blizzard","Steam Power"],"picked":"Loop","floor":17},{"not_picked":["Hologram","Steam"],"picked":"Doom and Gloom","floor":17},{"not_picked":["Auto Shields","Streamline"],"picked":"Hologram","floor":17},{"not_picked":["Aggregate","Redo"],"picked":"FTL","floor":18},{"not_picked":["Genetic Algorithm","Coolheaded"],"picked":"Turbo+1","floor":20},{"not_picked":["Hologram","Scrape","Conserve Battery"],"picked":"SKIP","floor":22}],"player_experience":1582230,"relics_obtained":[{"floor":7,"key":"Art of War"},{"floor":9,"key":"Kunai"},{"floor":10,"key":"Shovel"},{"floor":13,"key":"Tiny Chest"}],"event_choices":[{"damage_healed":0,"gold_gain":0,"player_choice":"Upgraded","damage_taken":0,"max_hp_gain":0,"max_hp_loss":0,"event_name":"Upgrade Shrine","floor":4,"gold_loss":0,"cards_upgraded":["Static Discharge"]},{"damage_healed":0,"gold_gain":0,"player_choice":"Got Potions","damage_taken":0,"max_hp_gain":0,"max_hp_loss":0,"event_name":"Lab","floor":14,"gold_loss":0}],"is_beta":false,"boss_relics":[{"not_picked":["Tiny House","FrozenCore"],"picked":"Orrery"}],"items_purged_floors":[],"is_endless":false,"potions_floor_spawned":[1,5,7,22],"killed_by":"Slavers","ascension_level":15}