{"gold_per_floor":[109,109,128,145,19,53,68,79,160,160,172,172,200,217,217,294,294,309,320,220,236,72,83,95,95,95,95,126,126,126,176,176,250,250,270,345,115,115,133,133,158,187,199,211,243,289,301,313,325,337,349],"floor_reached":51,"playtime":2142,"items_purged":["Strike_G","Skewer+1","Skewer+1"],"score":1674,"play_id":"2cfcce19-9ad2-4ad3-b98d-e0e4b17b4214","local_time":"20190722230538","is_ascension_mode":true,"campfire_choices":[{"data":"Cloak And Dagger","floor":10.0,"key":"SMITH"},{"data":"Envenom","floor":12.0,"key":"SMITH"},{"data":"Neutralize","floor":15.0,"key":"SMITH"},{"data":"Tactician","floor":25.0,"key":"SMITH"},{"floor":27.0,"key":"REST"},{"data":"Acrobatics","floor":29.0,"key":"SMITH"},{"data":"Prepared","floor":32.0,"key":"SMITH"},{"data":"Cloak And Dagger","floor":40.0,"key":"SMITH"},{"data":"Footwork","floor":44.0,"key":"SMITH"},{"floor":49.0,"key":"RECALL"}],"neow_cost":"NONE","seed_source_timestamp":362070679552646,"circlet_count":0,"master_deck":["AscendersBane","Survivor","Neutralize+1","Backflip","Envenom+1","Poisoned Stab","Terror","Cloak And Dagger+1","Flechettes+1","Calculated Gamble","Corpse Explosion","Prepared+1","A Thousand Cuts","Cloak And Dagger+1","Escape Plan","Crippling Poison","Distraction","Acrobatics+1","Deflect","Tactician+1","Footwork+1","Purity+1"],"special_seed":0,"relics":["Ring of the Snake","NeowsBlessing","Ninja Scroll","Molten Egg 2","Calipers","Pandora\u0027s Box","Bag of Marbles","Runic Dome","Matryoshka","PrismaticShard","MawBank","Juzu Bracelet","Bag of Preparation","Incense Burner"],"potions_floor_usage":[],"damage_taken":[{"damage":0.0,"enemies":"Jaw Worm","floor":1.0,"turns":1.0},{"damage":0.0,"enemies":"Cultist","floor":3.0,"turns":1.0},{"damage":0.0,"enemies":"Small Slimes","floor":4.0,"turns":1.0},{"damage":24.0,"enemies":"Lagavulin","floor":6.0,"turns":8.0},{"damage":8.0,"enemies":"3 Louse","floor":7.0,"turns":5.0},{"damage":0.0,"enemies":"Lots of Slimes","floor":8.0,"turns":1.0},{"damage":2.0,"enemies":"Looter","floor":11.0,"turns":3.0},{"damage":8.0,"enemies":"Gremlin Nob","floor":13.0,"turns":3.0},{"damage":0.0,"enemies":"Large Slime","floor":14.0,"turns":6.0},{"damage":0.0,"enemies":"Hexaghost","floor":16.0,"turns":7.0},{"damage":0.0,"enemies":"Chosen","floor":18.0,"turns":3.0},{"damage":18.0,"enemies":"2 Thieves","floor":19.0,"turns":4.0},{"damage":22.0,"enemies":"Cultist and Chosen","floor":21.0,"turns":5.0},{"damage":0.0,"enemies":"3 Cultists","floor":23.0,"turns":2.0},{"damage":0.0,"enemies":"Centurion and Healer","floor":24.0,"turns":6.0},{"damage":4.0,"enemies":"Gremlin Leader","floor":28.0,"turns":6.0},{"damage":0.0,"enemies":"Automaton","floor":33.0,"turns":6.0},{"damage":0.0,"enemies":"3 Shapes","floor":35.0,"turns":4.0},{"damage":0.0,"enemies":"Orb Walker","floor":39.0,"turns":3.0},{"damage":0.0,"enemies":"Giant Head","floor":41.0,"turns":5.0},{"damage":0.0,"enemies":"Jaw Worm Horde","floor":42.0,"turns":2.0},{"damage":3.0,"enemies":"Maw","floor":45.0,"turns":6.0},{"damage":29.0,"enemies":"Reptomancer","floor":46.0,"turns":5.0},{"damage":10.0,"enemies":"Awakened One","floor":50.0,"turns":7.0},{"damage":4,"enemies":"Donu and Deca","floor":51,"turns":4}],"seed_played":"-7051147798420754791","potions_obtained":[{"floor":4.0,"key":"Explosive Potion"},{"floor":6.0,"key":"LiquidBronze"},{"floor":8.0,"key":"SkillPotion"},{"floor":13.0,"key":"Dexterity Potion"},{"floor":19.0,"key":"Swift Potion"},{"floor":28.0,"key":"Ancient Potion"},{"floor":45.0,"key":"Energy Potion"}],"is_trial":false,"path_per_floor":["M","?","M","M","$","E","M","M","T","R","M","R","E","M","R","B",null,"M","M","$","M","$","M","M","R","T","R","E","R","$","?","R","B",null,"M","T","$","?","M","R","E","M","T","R","M","E","?","?","R","B","B"],"character_chosen":"THE_SILENT","items_purchased":["Poisoned Stab","Tactician","PrismaticShard"],"campfire_rested":1,"item_purchase_floors":[5,22,37],"current_hp_per_floor":[59,59,59,59,59,35,27,27,27,27,25,25,17,17,17,17,54,54,36,36,14,14,14,14,14,14,33,29,29,29,23,23,23,55,55,55,55,55,55,55,55,55,55,55,52,23,23,23,23,13,9],"gold":349,"neow_bonus":"THREE_ENEMY_KILL","is_prod":false,"is_daily":false,"chose_seed":false,"campfire_upgraded":8,"win_rate":0,"timestamp":1563807938,"path_taken":["M","?","?","M","$","E","M","M","T","R","M","R","E","M","R","BOSS","M","M","$","M","$","M","?","R","T","R","E","R","$","?","R","BOSS","M","?","$","?","M","R","E","?","T","R","M","E","?","?","R","BOSS","BOSS"],"build_version":"2019-07-17","purchased_purges":3,"victory":false,"max_hp_per_floor":[66,66,66,66,66,66,66,66,66,66,66,66,66,66,66,66,66,66,66,66,66,66,66,66,66,66,66,66,66,66,66,66,66,66,66,66,66,66,66,66,66,66,66,66,66,66,66,66,66,66,66],"card_choices":[{"not_picked":["Acrobatics","Underhanded Strike","Blade Dance"],"picked":"SKIP","floor":1.0},{"not_picked":["Outmaneuver","Prepared"],"picked":"Backflip","floor":3.0},{"not_picked":["Dagger Spray","Underhanded Strike"],"picked":"Envenom","floor":4.0},{"not_picked":["Slice","Quick Slash"],"picked":"Terror","floor":6.0},{"not_picked":["Underhanded Strike","Bane"],"picked":"Cloak And Dagger","floor":7.0},{"not_picked":["Setup","All Out Attack","Slice"],"picked":"SKIP","floor":8.0},{"not_picked":["Dagger Throw+1","Dagger Spray+1"],"picked":"Flechettes+1","floor":11.0},{"not_picked":["Deflect","Dagger Throw+1","Prepared"],"picked":"SKIP","floor":13.0},{"not_picked":["Backflip","Blade Dance"],"picked":"Calculated Gamble","floor":14.0},{"not_picked":["Malaise","Venomology"],"picked":"Corpse Explosion","floor":16.0},{"not_picked":["Cloak And Dagger","Riddle With Holes+1","Quick Slash+1"],"picked":"SKIP","floor":18.0},{"not_picked":["Skewer+1","Predator+1"],"picked":"Acrobatics","floor":19.0},{"not_picked":["Flechettes+1","Dagger Throw+1","Deflect"],"picked":"SKIP","floor":21.0},{"not_picked":["Flechettes+1","Dagger Throw+1"],"picked":"Deflect","floor":21.0},{"not_picked":["Expertise+1","Masterful Stab+1"],"picked":"Footwork","floor":23.0},{"not_picked":["Dodge and Roll","Poisoned Stab+1","Tactician"],"picked":"SKIP","floor":24.0},{"not_picked":["Slice+1","PiercingWail","A Thousand Cuts"],"picked":"SKIP","floor":28.0},{"not_picked":["Flying Knee+1","Cloak And Dagger","Dagger Spray+1"],"picked":"SKIP","floor":35.0},{"not_picked":["Dodge and Roll","Choke+1","Compile Driver+1"],"picked":"SKIP","floor":39.0},{"not_picked":["Shrug It Off","Carnage+1","Leg Sweep+1"],"picked":"SKIP","floor":41.0},{"not_picked":["Uppercut+1","Ball Lightning+1","Heavy Blade+1"],"picked":"SKIP","floor":42.0},{"not_picked":["Streamline+1","Conserve Battery","Poisoned Stab+1"],"picked":"SKIP","floor":45.0},{"not_picked":["Anger+1","Backflip+1","Go for the Eyes+1"],"picked":"SKIP","floor":46.0},{"not_picked":["Dramatic Entrance+1","The Bomb"],"picked":"Purity","floor":47.0}],"player_experience":2062067,"relics_obtained":[{"floor":6.0,"key":"Ninja Scroll"},{"floor":9.0,"key":"Molten Egg 2"},{"floor":13.0,"key":"Calipers"},{"floor":28.0,"key":"Bag of Marbles"},{"floor":36.0,"key":"Matryoshka"},{"floor":41.0,"key":"MawBank"},{"floor":43.0,"key":"Juzu Bracelet"},{"floor":43.0,"key":"Bag of Preparation"},{"floor":46.0,"key":"Incense Burner"}],"event_choices":[{"cards_removed":["Strike_G"],"damage_healed":0.0,"max_hp_gain":0.0,"max_hp_loss":0.0,"gold_gain":0.0,"event_name":"Purifier","player_choice":"Purged","floor":2.0,"gold_loss":0.0,"damage_taken":0.0},{"damage_healed":0.0,"max_hp_gain":0.0,"max_hp_loss":0.0,"gold_gain":50.0,"event_name":"FaceTrader","player_choice":"Touch","floor":31.0,"gold_loss":0.0,"damage_taken":6.0},{"damage_healed":0.0,"max_hp_gain":0.0,"max_hp_loss":0.0,"gold_gain":0.0,"event_name":"Match and Keep!","player_choice":"0 cards matched","floor":38.0,"gold_loss":0.0,"damage_taken":0.0,"cards_obtained":[]},{"damage_healed":0.0,"max_hp_gain":0.0,"max_hp_loss":0.0,"gold_gain":0.0,"event_name":"SensoryStone","player_choice":"Memory 1","floor":47.0,"gold_loss":0.0,"damage_taken":0.0},{"damage_healed":0.0,"max_hp_gain":0.0,"max_hp_loss":0.0,"gold_gain":0.0,"event_name":"Accursed Blacksmith","player_choice":"Forge","floor":48.0,"gold_loss":0.0,"damage_taken":0.0,"cards_upgraded":["Purity"]}],"is_beta":false,"boss_relics":[{"not_picked":["Tiny House","HoveringKite"],"picked":"Pandora\u0027s Box"},{"not_picked":["White Beast Statue","Orrery"],"picked":"Runic Dome"}],"items_purged_floors":[5,20,22],"is_endless":false,"potions_floor_spawned":[4,6,8,13,19,28,39,42,45],"killed_by":"Donu and Deca","ascension_level":20}