{"gold_per_floor":[114,134,134,134,148,148,179,196,277,346,376,376,426,445,445,521,521,541,591,607,672,772,772],"floor_reached":23,"playtime":596,"items_purged":[],"score":406,"play_id":"e1ab94bc-dc9d-4239-9f13-b8c1cc89e4b7","local_time":"20190621173530","is_ascension_mode":true,"campfire_choices":[{"data":"Dagger Spray","floor":6.0,"key":"SMITH"},{"data":"Catalyst","floor":12.0,"key":"SMITH"},{"data":"Noxious Fumes","floor":15.0,"key":"SMITH"}],"neow_cost":"NONE","seed_source_timestamp":1649226936337774,"circlet_count":0,"master_deck":["AscendersBane","Defend_G","Defend_G","Defend_G","Defend_G","Defend_G","Strike_G","Strike_G","Strike_G","Survivor","Neutralize","Escape Plan","Catalyst+1","Dagger Spray+1","Bouncing Flask","Noxious Fumes+1","Adrenaline","Backflip","Footwork"],"special_seed":0,"relics":["Ring of the Snake","NeowsBlessing","SsserpentHead","Turnip","Boot","Sozu"],"potions_floor_usage":[16,16],"damage_taken":[{"damage":0.0,"enemies":"Jaw Worm","floor":1.0,"turns":1.0},{"damage":0.0,"enemies":"2 Louse","floor":2.0,"turns":1.0},{"damage":0.0,"enemies":"Cultist","floor":5.0,"turns":1.0},{"damage":34.0,"enemies":"3 Sentries","floor":7.0,"turns":8.0},{"damage":0.0,"enemies":"Large Slime","floor":8.0,"turns":4.0},{"damage":0.0,"enemies":"Exordium Wildlife","floor":10.0,"turns":2.0},{"damage":10.0,"enemies":"Lagavulin","floor":11.0,"turns":6.0},{"damage":0.0,"enemies":"Red Slaver","floor":14.0,"turns":5.0},{"damage":20,"enemies":"Slime Boss","floor":16,"turns":7},{"damage":20,"enemies":"2 Thieves","floor":18,"turns":4},{"damage":0,"enemies":"3 Byrds","floor":20,"turns":4},{"damage":26,"enemies":"Shelled Parasite and Fungi","floor":21,"turns":6},{"damage":0,"enemies":"Book of Stabbing","floor":23,"turns":2}],"seed_played":"3477971638258266355","potions_obtained":[{"floor":2.0,"key":"Regen Potion"},{"floor":8.0,"key":"SpeedPotion"},{"floor":11.0,"key":"Energy Potion"},{"floor":14.0,"key":"SkillPotion"}],"is_trial":false,"path_per_floor":["M","M","?","?","M","R","E","M","T","M","E","R","?","M","R","B",null,"M","?","M","M","?","E"],"character_chosen":"THE_SILENT","items_purchased":[],"campfire_rested":0,"item_purchase_floors":[],"current_hp_per_floor":[59,59,59,59,59,59,25,25,25,25,30,30,23,23,23,3,50,30,30,30,4,4,4],"gold":772,"neow_bonus":"THREE_ENEMY_KILL","is_prod":false,"is_daily":false,"chose_seed":false,"campfire_upgraded":3,"win_rate":0,"timestamp":1561109730,"path_taken":["M","M","?","?","M","R","E","M","T","?","E","R","?","M","R","BOSS","M","?","M","?","?","E"],"build_version":"2019-01-23","purchased_purges":0,"victory":false,"max_hp_per_floor":[66,66,66,66,66,66,66,66,66,66,66,66,66,66,66,66,66,66,66,66,66,66,66],"card_choices":[{"not_picked":["Blade Dance","Poisoned Stab"],"picked":"Escape Plan","floor":1.0},{"not_picked":["Prepared","Cloak And Dagger","Infinite Blades"],"picked":"SKIP","floor":2.0},{"not_picked":["Dodge and Roll","Bullet Time"],"picked":"Dagger Spray","floor":5.0},{"not_picked":["Terror","Dagger Spray"],"picked":"Bouncing Flask","floor":7.0},{"not_picked":["Underhanded Strike","Sucker Punch","Riddle With Holes"],"picked":"SKIP","floor":8.0},{"not_picked":["Leg Sweep","Bane"],"picked":"Noxious Fumes","floor":10.0},{"not_picked":["Dagger Throw","Bouncing Flask","Wraith Form v2"],"picked":"SKIP","floor":11.0},{"not_picked":["Eviscerate","Deflect","All Out Attack"],"picked":"SKIP","floor":14.0},{"not_picked":["Eviscerate","Deflect","All Out Attack"],"picked":"SKIP","floor":14.0},{"not_picked":["Envenom","Phantasmal Killer"],"picked":"Adrenaline","floor":16},{"not_picked":["Deadly Poison","Eviscerate"],"picked":"Backflip","floor":18},{"not_picked":["Flechettes","Flying Knee","Sucker Punch"],"picked":"SKIP","floor":20},{"not_picked":["Flechettes","Flying Knee","Sucker Punch"],"picked":"SKIP","floor":20},{"not_picked":["Well Laid Plans","Blade Dance"],"picked":"Footwork","floor":21}],"player_experience":1958801,"relics_obtained":[{"floor":7.0,"key":"Turnip"},{"floor":11.0,"key":"Boot"}],"event_choices":[{"damage_healed":0.0,"max_hp_gain":0.0,"max_hp_loss":0.0,"gold_gain":0.0,"cards_transformed":["Strike_G"],"event_name":"Living Wall","player_choice":"Change","floor":3.0,"gold_loss":0.0,"damage_taken":0.0,"cards_obtained":["Catalyst"]},{"damage_healed":0.0,"max_hp_gain":0.0,"max_hp_loss":0.0,"gold_gain":0.0,"event_name":"FaceTrader","player_choice":"Trade","floor":4.0,"gold_loss":0.0,"damage_taken":0.0,"relics_obtained":["SsserpentHead"]},{"cards_removed":["Strike_G"],"damage_healed":0.0,"max_hp_gain":0.0,"max_hp_loss":0.0,"gold_gain":0.0,"event_name":"Golden Wing","player_choice":"Card Removal","floor":13.0,"gold_loss":0.0,"damage_taken":7.0},{"damage_healed":0,"gold_gain":0,"player_choice":"Ignored","damage_taken":0,"max_hp_gain":0,"max_hp_loss":0,"event_name":"N\u0027loth","floor":19,"gold_loss":0},{"damage_healed":0,"gold_gain":50,"player_choice":"Stole From Cult","damage_taken":0,"max_hp_gain":0,"max_hp_loss":0,"event_name":"Nest","floor":22,"gold_loss":0}],"is_beta":false,"boss_relics":[{"not_picked":["Velvet Choker","HoveringKite"],"picked":"Sozu"}],"items_purged_floors":[],"is_endless":false,"potions_floor_spawned":[2,8,11,14,20],"killed_by":"Book of Stabbing","ascension_level":20}