{"gold_per_floor":[113,113,113,113,38,38,56,89,89,114,114,129,129,153,153,153],"floor_reached":16,"playtime":286,"items_purged":["Strike_B"],"score":250,"play_id":"40c79e16-0337-4a5f-a270-60bda8c7f217","local_time":"20190527165603","is_ascension_mode":true,"campfire_choices":[{"data":"Zap","floor":6,"key":"SMITH"},{"data":"Dualcast","floor":11,"key":"SMITH"},{"data":"Recycle","floor":13,"key":"SMITH"},{"data":"Tempest","floor":15,"key":"SMITH"}],"neow_cost":"NONE","seed_source_timestamp":167441060237770,"circlet_count":0,"master_deck":["AscendersBane","Strike_B","Strike_B","Defend_B","Defend_B","Defend_B","Defend_B","Zap+1","Dualcast+1","Genetic Algorithm","Glacier","Tempest+1","Ball Lightning","Recycle+1","Capacitor"],"relics":["Cracked Core","NeowsBlessing","Golden Idol","Matryoshka","Vajra","Singing Bowl"],"potions_floor_usage":[12,16,16],"damage_taken":[{"damage":0,"enemies":"Jaw Worm","floor":1,"turns":1},{"damage":0,"enemies":"2 Louse","floor":7,"turns":2},{"damage":0,"enemies":"Gremlin Nob","floor":8,"turns":1},{"damage":5,"enemies":"Small Slimes","floor":10,"turns":4},{"damage":37,"enemies":"Gremlin Gang","floor":12,"turns":4},{"damage":1,"enemies":"Looter","floor":14,"turns":3},{"damage":21,"enemies":"Hexaghost","floor":16,"turns":10}],"seed_played":"-7368584914587056385","potions_obtained":[{"floor":1,"key":"Poison Potion"},{"floor":8,"key":"Weak Potion"},{"floor":14,"key":"FearPotion"}],"is_trial":false,"path_per_floor":["M","?","?","?","$","R","M","E","T","M","R","M","R","M","R","B"],"character_chosen":"DEFECT","items_purchased":[],"campfire_rested":0,"item_purchase_floors":[],"current_hp_per_floor":[64,64,64,64,64,64,64,64,64,59,59,22,22,21,21,0],"gold":153,"neow_bonus":"THREE_ENEMY_KILL","is_prod":false,"is_daily":false,"chose_seed":false,"campfire_upgraded":4,"win_rate":0,"timestamp":1558947363,"path_taken":["M","?","?","?","$","R","M","E","T","?","R","M","R","M","R","BOSS"],"build_version":"2019-01-23","purchased_purges":1,"victory":false,"max_hp_per_floor":[71,71,64,64,64,64,64,64,64,64,64,64,64,64,64,64],"card_choices":[{"not_picked":["Go for the Eyes","Compile Driver"],"picked":"Genetic Algorithm","floor":1},{"not_picked":["Sweeping Beam","Leap","Reinforced Body"],"picked":"SKIP","floor":7},{"not_picked":["Steam","Conserve Battery"],"picked":"Tempest","floor":8},{"not_picked":["Tempest","Turbo"],"picked":"Ball Lightning","floor":10},{"not_picked":["Self Repair","Streamline"],"picked":"Recycle","floor":12},{"not_picked":["Beam Cell","Auto Shields"],"picked":"Capacitor","floor":14}],"player_experience":1774289,"relics_obtained":[{"floor":8,"key":"Matryoshka"},{"floor":9,"key":"Vajra"},{"floor":9,"key":"Singing Bowl"}],"event_choices":[{"damage_healed":0,"gold_gain":0,"cards_transformed":["Strike_B"],"player_choice":"Change","damage_taken":0,"max_hp_gain":0,"max_hp_loss":0,"event_name":"Living Wall","floor":2,"gold_loss":0,"cards_obtained":["Glacier"]},{"damage_healed":0,"gold_gain":0,"player_choice":"Lose Max HP","damage_taken":0,"relics_obtained":["Golden Idol"],"max_hp_gain":0,"max_hp_loss":7,"event_name":"Golden Idol","floor":3,"gold_loss":0},{"damage_healed":0,"gold_gain":0,"player_choice":"Ignored","damage_taken":0,"max_hp_gain":0,"max_hp_loss":0,"event_name":"Liars Game","floor":4,"gold_loss":0}],"is_beta":false,"boss_relics":[],"items_purged_floors":[5],"is_endless":false,"potions_floor_spawned":[1,8,14],"killed_by":"Hexaghost","ascension_level":20}