{"gold_per_floor":[119,136,211,20,195,224,224,259,259,224,224,13,27,57,57,158,158,168,188,9,9,9,74,90,109,109,12,32,32,131,156,156,255,255,268,26,45,45,59,86,106,139,164,177,9,9,35,54,54,54],"floor_reached":51,"playtime":3695,"items_purged":["Doubt","Strike_G+1"],"score":851,"play_id":"08887031-3627-45c6-819b-de1f622fb93f","local_time":"20190802234542","is_ascension_mode":true,"campfire_choices":[{"data":"Backflip","floor":7,"key":"SMITH"},{"floor":15,"key":"REST"},{"data":"Apotheosis","floor":32,"key":"SMITH"},{"floor":46,"key":"RECALL"}],"neow_cost":"NONE","seed_source_timestamp":687401096958200,"circlet_count":0,"master_deck":["Strike_G+1","Strike_G+1","Strike_G+1","Strike_G+1","Defend_G+1","Defend_G+1","Defend_G+1","Defend_G+1","Defend_G+1","Survivor+1","Neutralize+1","Flying Knee+1","Backflip+1","Endless Agony+1","Endless Agony+1","Apotheosis+1","Endless Agony+1","Flying Knee+1","Night Terror+1","Outmaneuver+1","Backflip+1","Panache+1","Well Laid Plans+1","Distraction+1","Underhanded Strike+1","Acrobatics+1","Finisher+1","Blade Dance+1","Panacea+1","Deflect+1","Quick Slash+1","Crippling Poison+1","PiercingWail+1","Backstab+1","Skewer+1"],"relics":["Ring of the Snake","NeowsBlessing","MealTicket","Mummified Hand","Dodecahedron","Bottled Flame","Lantern","Coffee Dripper","MutagenicStrength","Tiny Chest","Mercury Hourglass","Singing Bowl","Runic Pyramid","Oddly Smooth Stone","Mark of the Bloom","Ice Cream","Molten Egg 2","Ancient Tea Set","Blood Vial"],"potions_floor_usage":[8,8,16,16,28,31,37,37,40,48,50],"damage_taken":[{"damage":0,"enemies":"Small Slimes","floor":1,"turns":1},{"damage":0,"enemies":"2 Louse","floor":2,"turns":1},{"damage":0,"enemies":"3 Sentries","floor":6,"turns":1},{"damage":44,"enemies":"Lagavulin","floor":8,"turns":9},{"damage":0,"enemies":"Cultist","floor":13,"turns":3},{"damage":21,"enemies":"3 Sentries","floor":14,"turns":12},{"damage":41,"enemies":"The Guardian","floor":16,"turns":11},{"damage":13,"enemies":"Chosen","floor":18,"turns":5},{"damage":4,"enemies":"Shell Parasite","floor":19,"turns":4},{"damage":3,"enemies":"Slavers","floor":23,"turns":3},{"damage":0,"enemies":"Centurion and Healer","floor":24,"turns":3},{"damage":36,"enemies":"Cultist and Chosen","floor":25,"turns":8},{"damage":0,"enemies":"Snecko","floor":28,"turns":3},{"damage":8,"enemies":"Gremlin Leader","floor":31,"turns":4},{"damage":17,"enemies":"Automaton","floor":33,"turns":8},{"damage":6,"enemies":"3 Shapes","floor":35,"turns":2},{"damage":0,"enemies":"3 Darklings","floor":37,"turns":4},{"damage":0,"enemies":"4 Shapes","floor":39,"turns":1},{"damage":0,"enemies":"Giant Head","floor":40,"turns":6},{"damage":12,"enemies":"Spire Growth","floor":41,"turns":4},{"damage":4,"enemies":"Reptomancer","floor":42,"turns":4},{"damage":0,"enemies":"3 Darklings","floor":44,"turns":3},{"damage":0,"enemies":"Maw","floor":48,"turns":7},{"damage":55,"enemies":"Donu and Deca","floor":50,"turns":9}],"seed_played":"5219437980844601709","potions_obtained":[{"floor":1,"key":"AttackPotion"},{"floor":6,"key":"Poison Potion"},{"floor":8,"key":"Strength Potion"},{"floor":23,"key":"LiquidBronze"},{"floor":25,"key":"Fire Potion"},{"floor":28,"key":"LiquidBronze"},{"floor":31,"key":"SteroidPotion"},{"floor":33,"key":"GhostInAJar"},{"floor":42,"key":"AttackPotion"},{"floor":48,"key":"Explosive Potion"}],"is_trial":false,"path_per_floor":["M","M","?","$","?","E","R","E","T","?","?","$","M","E","R","B",null,"M","M","$","?","?","E","M","M","T","$","M","$","?","E","R","B",null,"M","$","M","?","M","E","M","E","T","M","$","R","T","M","R","B",null],"character_chosen":"THE_SILENT","items_purchased":["MealTicket","Apotheosis","Block Potion","Panache","Acrobatics","Oddly Smooth Stone","Panacea","Backstab+1"],"campfire_rested":1,"item_purchase_floors":[4,12,12,20,27,36,36,45],"current_hp_per_floor":[70,70,59,59,59,59,59,15,15,32,32,47,47,26,47,6,70,57,53,68,68,68,65,65,29,29,44,44,59,59,53,53,38,74,68,74,74,74,74,74,62,58,58,58,58,58,58,58,58,3],"gold":54,"neow_bonus":"THREE_ENEMY_KILL","is_prod":false,"is_daily":false,"chose_seed":false,"campfire_upgraded":2,"win_rate":0,"timestamp":1564807542,"path_taken":["M","M","?","$","?","E","R","E","T","?","?","?","?","E","R","BOSS","M","?","$","?","?","E","M","M","T","$","M","$","?","E","R","BOSS","M","$","M","?","M","E","M","E","T","M","$","R","?","M","R","BOSS"],"build_version":"2019-07-17","purchased_purges":2,"victory":true,"max_hp_per_floor":[70,70,70,70,70,70,70,70,70,70,70,70,70,70,70,70,70,70,70,70,70,70,70,70,70,70,70,70,70,70,72,72,74,74,74,74,74,74,76,76,78,78,78,78,78,78,78,78,78,78],"card_choices":[{"not_picked":["Noxious Fumes","Deadly Poison"],"picked":"Flying Knee","floor":1},{"not_picked":["Blade Dance","Escape Plan"],"picked":"Backflip","floor":2},{"not_picked":["Bullet Time","Catalyst"],"picked":"Endless Agony","floor":6},{"not_picked":["Sucker Punch","Dodge and Roll"],"picked":"Endless Agony","floor":8},{"not_picked":["Tactician","Dagger Throw"],"picked":"Endless Agony","floor":13},{"not_picked":["Sucker Punch","Choke"],"picked":"Flying Knee","floor":14},{"not_picked":["Envenom","Grand Finale"],"picked":"Night Terror","floor":16},{"not_picked":["Dodge and Roll","Dash"],"picked":"Outmaneuver","floor":18},{"not_picked":["All Out Attack","Bane"],"picked":"Backflip+1","floor":19},{"not_picked":["Prepared","Blade Dance"],"picked":"Well Laid Plans+1","floor":23},{"not_picked":["Poisoned Stab","Infinite Blades"],"picked":"Distraction","floor":24},{"not_picked":["Concentrate","Caltrops"],"picked":"Underhanded Strike","floor":25},{"not_picked":["Bane","Slice"],"picked":"Finisher+1","floor":28},{"not_picked":["Slice","Choke","Noxious Fumes"],"picked":"Singing Bowl","floor":31},{"not_picked":["Glass Knife","A Thousand Cuts","Grand Finale"],"picked":"Singing Bowl","floor":33},{"not_picked":["Slice","Acrobatics"],"picked":"Blade Dance+1","floor":35},{"not_picked":["Sucker Punch+1","Terror+1"],"picked":"Deflect+1","floor":37},{"not_picked":["Outmaneuver","Reflex+1","Underhanded Strike"],"picked":"Singing Bowl","floor":39},{"not_picked":["Calculated Gamble","Concentrate"],"picked":"Quick Slash+1","floor":40},{"not_picked":["Poisoned Stab","Dagger Spray","Bane+1"],"picked":"Singing Bowl","floor":41},{"not_picked":["Dodge and Roll","PiercingWail+1"],"picked":"Crippling Poison+1","floor":42},{"not_picked":["Flechettes+1","Dodge and Roll+1"],"picked":"PiercingWail+1","floor":44},{"not_picked":["Quick Slash+1","Predator+1"],"picked":"Skewer+1","floor":48}],"player_experience":217664,"relics_obtained":[{"floor":6,"key":"Mummified Hand"},{"floor":8,"key":"Dodecahedron"},{"floor":9,"key":"Bottled Flame"},{"floor":14,"key":"Lantern"},{"floor":23,"key":"Tiny Chest"},{"floor":26,"key":"Mercury Hourglass"},{"floor":31,"key":"Singing Bowl"},{"floor":40,"key":"Ice Cream"},{"floor":42,"key":"Molten Egg 2"},{"floor":43,"key":"Ancient Tea Set"},{"floor":47,"key":"Blood Vial"}],"event_choices":[{"damage_healed":0,"gold_gain":75,"player_choice":"Gather Gold","damage_taken":11,"max_hp_gain":0,"max_hp_loss":0,"event_name":"World of Goop","floor":3,"gold_loss":0},{"damage_healed":0,"gold_gain":175,"player_choice":"AGREE","damage_taken":0,"max_hp_gain":0,"max_hp_loss":0,"event_name":"Liars Game","floor":5,"gold_loss":0,"cards_obtained":["Doubt"]},{"damage_healed":17,"gold_gain":0,"player_choice":"Healed","damage_taken":0,"max_hp_gain":0,"max_hp_loss":0,"event_name":"The Cleric","floor":10,"gold_loss":35},{"damage_healed":0,"gold_gain":0,"player_choice":"Grow","damage_taken":0,"max_hp_gain":0,"max_hp_loss":0,"event_name":"Living Wall","floor":11,"gold_loss":0,"cards_upgraded":["Endless Agony"]},{"damage_healed":0,"gold_gain":0,"player_choice":"Ignored","damage_taken":0,"max_hp_gain":0,"max_hp_loss":0,"event_name":"Vampires","floor":21,"gold_loss":0},{"damage_healed":0,"gold_gain":0,"player_choice":"Inject Mutagens","damage_taken":0,"relics_obtained":["MutagenicStrength"],"max_hp_gain":0,"max_hp_loss":0,"event_name":"Drug Dealer","floor":22,"gold_loss":0},{"damage_healed":0,"gold_gain":99,"player_choice":"Stole From Cult","damage_taken":0,"max_hp_gain":0,"max_hp_loss":0,"event_name":"Nest","floor":30,"gold_loss":0},{"damage_healed":0,"gold_gain":0,"player_choice":"Upgrade","damage_taken":0,"relics_obtained":["Mark of the Bloom"],"max_hp_gain":0,"max_hp_loss":0,"event_name":"MindBloom","floor":38,"gold_loss":0,"cards_upgraded":["Strike_G","Strike_G","Strike_G","Strike_G","Strike_G","Defend_G","Defend_G","Defend_G","Defend_G","Defend_G","Survivor","Neutralize","Flying Knee","Endless Agony","Endless Agony","Flying Knee","Night Terror","Outmaneuver","Panache","Distraction","Underhanded Strike","Acrobatics","Panacea"]}],"is_beta":false,"boss_relics":[{"not_picked":["HoveringKite","Velvet Choker"],"picked":"Coffee Dripper"},{"not_picked":["Snecko Eye","Tiny House"],"picked":"Runic Pyramid"}],"items_purged_floors":[27,45],"is_endless":false,"potions_floor_spawned":[1,6,8,23,25,28,31,33,35,42,48],"ascension_level":1}