{"gold_per_floor":[115,95,95,106,121,121,121,121,121,121,161,161,16,40,40,136,136,157,157,82,82,98,142,142,173,223,263,276,401,441,47,47,142,142,157,490,510,19,19,19,50,50,74,101,117,135,135,154,154,154],"floor_reached":51,"playtime":2614,"items_purged":["Regret"],"score":1576,"play_id":"e9201af7-f8d4-4284-ba99-bcf7b1f358a3","local_time":"20181008165027","is_ascension_mode":true,"campfire_choices":[{"data":"Glass Knife","floor":6.0,"key":"SMITH"},{"data":"Neutralize","floor":8.0,"key":"SMITH"},{"data":"Backstab","floor":10.0,"key":"SMITH"},{"data":"Backstab","floor":12.0,"key":"SMITH"},{"data":"Backstab","floor":15.0,"key":"SMITH"},{"data":"After Image","floor":24.0,"key":"SMITH"},{"data":"Malaise","floor":32.0,"key":"SMITH"},{"data":"Apotheosis","floor":40,"key":"SMITH"},{"data":"Regret","floor":47,"key":"PURGE"},{"data":"Pain","floor":49,"key":"PURGE"}],"neow_cost":"PERCENT_DAMAGE","seed_source_timestamp":2073419543383721,"circlet_count":0,"master_deck":["Defend_G","Defend_G","Defend_G","Defend_G","Defend_G","Strike_G","Survivor","Neutralize+1","AscendersBane","Glass Knife+1","Backstab+1","Dagger Throw+1","Backflip","Backstab+1","Backstab+1","Glass Knife","Sucker Punch","Flying Knee+1","After Image+1","Calculated Gamble","Dodge and Roll+1","Backstab+1","Malaise+1","Violence","Adrenaline","Backstab+1","All Out Attack+1","All Out Attack+1","Dodge and Roll","Backflip","Finisher","Dodge and Roll+1","Well Laid Plans","Apotheosis+1","Flash of Steel+1","Finesse","Blind","Terror","Deflect","Backflip+1","Backstab+1","Cloak And Dagger","Heel Hook+1"],"special_seed":0,"relics":["Ring of the Snake","Orichalcum","Bag of Marbles","Cursed Key","Blue Candle","Potion Belt","Ninja Scroll","Thread and Needle","Smiling Mask","Prayer Wheel","Peace Pipe","Bottled Flame","Kunai","Juzu Bracelet","Astrolabe","Molten Egg 2","Whetstone","Ancient Tea Set","Pear"],"potions_floor_usage":[33,33,48,50,50],"damage_taken":[{"damage":0.0,"enemies":"Jaw Worm","floor":1.0,"turns":6.0},{"damage":1.0,"enemies":"Cultist","floor":4.0,"turns":4.0},{"damage":0.0,"enemies":"2 Louse","floor":5.0,"turns":3.0},{"damage":6.0,"enemies":"Gremlin Nob","floor":11.0,"turns":3.0},{"damage":0.0,"enemies":"Large Slime","floor":14.0,"turns":1.0},{"damage":7.0,"enemies":"The Guardian","floor":16.0,"turns":13.0},{"damage":0.0,"enemies":"Chosen","floor":18.0,"turns":2.0},{"damage":0.0,"enemies":"Spheric Guardian","floor":22.0,"turns":1.0},{"damage":0.0,"enemies":"Slavers","floor":23.0,"turns":4.0},{"damage":13.0,"enemies":"Book of Stabbing","floor":25.0,"turns":5.0},{"damage":4.0,"enemies":"Gremlin Leader","floor":27.0,"turns":4.0},{"damage":0.0,"enemies":"Snecko","floor":28.0,"turns":1.0},{"damage":0.0,"enemies":"Colosseum Slavers","floor":29.0,"turns":2.0},{"damage":0.0,"enemies":"Colosseum Nobs","floor":29.0,"turns":5.0},{"damage":1.0,"enemies":"Slavers","floor":30.0,"turns":3.0},{"damage":8,"enemies":"Collector","floor":33,"turns":15},{"damage":0,"enemies":"3 Darklings","floor":35,"turns":2},{"damage":3,"enemies":"3 Shapes","floor":37,"turns":10},{"damage":0,"enemies":"Giant Head","floor":41,"turns":9},{"damage":0,"enemies":"2 Orb Walkers","floor":44,"turns":2},{"damage":0,"enemies":"3 Darklings","floor":45,"turns":2},{"damage":17,"enemies":"4 Shapes","floor":46,"turns":7},{"damage":0,"enemies":"Spire Growth","floor":48,"turns":3},{"damage":34,"enemies":"Donu and Deca","floor":50,"turns":18}],"seed_played":"1221588151322439787","potions_obtained":[{"floor":1.0,"key":"SteroidPotion"},{"floor":2.0,"key":"SneckoOil"},{"floor":11.0,"key":"LiquidBronze"},{"floor":16.0,"key":"SteroidPotion"},{"floor":22.0,"key":"GamblersBrew"},{"floor":27.0,"key":"Strength Potion"},{"floor":28.0,"key":"Swift Potion"},{"floor":30.0,"key":"SpeedPotion"},{"floor":33,"key":"Regen Potion"},{"floor":37,"key":"SteroidPotion"},{"floor":45,"key":"Poison Potion"},{"floor":46,"key":"EssenceOfSteel"}],"is_trial":false,"path_per_floor":["M","?","?","M","M","R","?","R","T","R","E","R","$","M","R","B",null,"M","?","?","?","M","E","R","E","T","E","M","?","E","$","R","B",null,"M","?","M","$","?","R","E","?","T","E","M","M","R","M","R","B"],"character_chosen":"THE_SILENT","items_purchased":["Backstab","Regen Potion","Juzu Bracelet","Violence","Molten Egg 2","Well Laid Plans","Apotheosis"],"campfire_rested":0,"item_purchase_floors":[13,13,31,31,38,38,38],"current_hp_per_floor":[44,44,44,43,43,43,20,20,20,20,14,14,14,14,14,22,55,55,55,55,55,55,55,55,42,42,38,38,38,37,37,37,29,57,57,57,54,54,44,44,44,44,44,54,54,37,37,46,46,12],"gold":154,"neow_bonus":"THREE_RARE_CARDS","is_prod":false,"is_daily":false,"chose_seed":false,"campfire_upgraded":8,"win_rate":0,"timestamp":1539031827,"path_taken":["M","?","?","M","M","R","?","R","T","R","E","R","$","M","R","BOSS","M","?","?","?","?","E","R","E","T","E","?","?","E","?","R","BOSS","M","?","M","$","?","R","E","?","T","E","M","M","R","M","R","BOSS"],"build_version":"2018-10-04v2","purchased_purges":1,"victory":true,"max_hp_per_floor":[66,66,66,66,66,66,66,66,66,66,66,66,66,66,66,66,66,66,66,66,66,66,66,66,66,66,66,66,66,66,66,66,66,66,66,66,66,66,66,66,66,66,66,76,76,76,76,76,76,76],"card_choices":[{"not_picked":["Phantasmal Killer","Night Terror"],"picked":"Glass Knife","floor":0.0},{"not_picked":["Setup","Outmaneuver"],"picked":"Backstab","floor":1.0},{"not_picked":["Acrobatics","Poisoned Stab"],"picked":"Dagger Throw","floor":4.0},{"not_picked":["Eviscerate","Deadly Poison"],"picked":"Backflip","floor":5.0},{"not_picked":["Setup","Masterful Stab"],"picked":"Backstab","floor":11.0},{"not_picked":["Concentrate","Underhanded Strike","Prepared"],"picked":"SKIP","floor":14.0},{"not_picked":["Tools of the Trade","Doppelganger"],"picked":"Glass Knife","floor":16.0},{"not_picked":["Flying Knee","Skewer"],"picked":"Sucker Punch","floor":18.0},{"not_picked":["Crippling Poison","Backstab"],"picked":"Flying Knee+1","floor":22.0},{"not_picked":["Well Laid Plans","Leg Sweep"],"picked":"After Image","floor":23.0},{"not_picked":["Acrobatics","Poisoned Stab"],"picked":"Calculated Gamble","floor":25.0},{"not_picked":["Deadly Poison","Expertise","Setup+1"],"picked":"SKIP","floor":27.0},{"not_picked":["Caltrops","Outmaneuver"],"picked":"Dodge and Roll+1","floor":28.0},{"not_picked":["Skewer","Sucker Punch","Bane"],"picked":"SKIP","floor":28.0},{"not_picked":["Concentrate","Underhanded Strike"],"picked":"Backstab","floor":29.0},{"not_picked":["Expertise","Caltrops"],"picked":"Malaise","floor":30.0},{"not_picked":["Wraith Form v2","Unload"],"picked":"Adrenaline","floor":33},{"not_picked":["Flying Knee","Deadly Poison"],"picked":"Dodge and Roll","floor":35},{"not_picked":["Distraction+1","Riddle With Holes"],"picked":"Backflip","floor":35},{"not_picked":["Dagger Throw+1","Poisoned Stab"],"picked":"Finisher","floor":37},{"not_picked":["Prepared","Finisher"],"picked":"Dodge and Roll+1","floor":37},{"not_picked":["Madness","Enlightenment"],"picked":"Flash of Steel+1","floor":39},{"not_picked":["Jack Of All Trades","Enlightenment"],"picked":"Finesse","floor":39},{"not_picked":["Dramatic Entrance+1","Dark Shackles"],"picked":"Blind","floor":39},{"not_picked":["Flying Knee+1","Quick Slash+1"],"picked":"Terror","floor":41},{"not_picked":["Blade Dance","Underhanded Strike+1"],"picked":"Deflect","floor":44},{"not_picked":["All Out Attack+1","Deflect"],"picked":"Backflip+1","floor":45},{"not_picked":["Masterful Stab+1","Deflect"],"picked":"Backstab+1","floor":45},{"not_picked":["Glass Knife+1","Predator+1"],"picked":"Cloak And Dagger","floor":46},{"not_picked":["Dodge and Roll","Backflip+1","Dagger Spray+1"],"picked":"SKIP","floor":46},{"not_picked":["Dagger Throw+1","Flechettes+1"],"picked":"Heel Hook+1","floor":48},{"not_picked":["Accuracy","Slice+1","Well Laid Plans"],"picked":"SKIP","floor":48}],"player_experience":834736,"relics_obtained":[{"floor":9.0,"key":"Orichalcum"},{"floor":11.0,"key":"Bag of Marbles"},{"floor":23.0,"key":"Ninja Scroll"},{"floor":25.0,"key":"Thread and Needle"},{"floor":26.0,"key":"Smiling Mask"},{"floor":27.0,"key":"Prayer Wheel"},{"floor":29.0,"key":"Peace Pipe"},{"floor":29.0,"key":"Bottled Flame"},{"floor":30.0,"key":"Kunai"},{"floor":41,"key":"Whetstone"},{"floor":43,"key":"Ancient Tea Set"},{"floor":44,"key":"Pear"}],"event_choices":[{"event_name":"The Woman in Blue","player_choice":"Bought 1 Potion","floor":2.0,"damage_taken":0.0},{"event_name":"Bonfire Elementals","player_choice":"BASIC","floor":3.0,"damage_taken":0.0},{"event_name":"Golden Idol","player_choice":"Take Damage","floor":7.0,"damage_taken":0.0},{"event_name":"The Mausoleum","player_choice":"Yes","floor":19.0,"damage_taken":0.0},{"event_name":"Beggar","player_choice":"Gave Gold","floor":20.0,"damage_taken":0.0},{"event_name":"WeMeetAgain","player_choice":"Potion","floor":21.0,"damage_taken":0.0},{"event_name":"Colosseum","player_choice":"Fight","floor":29.0,"damage_taken":0.0},{"event_name":"Colosseum","player_choice":"Fought Nobs","floor":29.0,"damage_taken":0.0},{"event_name":"The Moai Head","player_choice":"Gave Idol","floor":36,"damage_taken":0},{"event_name":"SensoryStone","player_choice":"Memory 3","floor":39,"damage_taken":0},{"event_name":"Match and Keep!","player_choice":"1 cards matched","floor":42,"damage_taken":0}],"is_beta":false,"boss_relics":[{"not_picked":["Black Star","Eternal Feather"],"picked":"Cursed Key"},{"not_picked":["Runic Dome","Lizard Tail"],"picked":"Astrolabe"}],"items_purged_floors":[31],"is_endless":false,"potions_floor_spawned":[1,11,16,22,27,28,29,30,33,37,45,46],"ascension_level":15}