{"gold_per_floor":[116,134,59,71,71,71,88,88,170,183,183,208,170,44,44,144,144,161,161,10,10,10,10,22,34,34,34,34],"floor_reached":28,"playtime":2279,"items_purged":["Defend_G","Strike_G","Strike_G"],"score":216,"play_id":"04d08c82-8be9-41a5-9754-2729cabafbae","local_time":"20190802214338","is_ascension_mode":false,"campfire_choices":[{"data":"Noxious Fumes","floor":6,"key":"SMITH"},{"data":"Noxious Fumes","floor":15,"key":"SMITH"},{"data":"Adrenaline","floor":23,"key":"SMITH"}],"neow_cost":"NONE","seed_source_timestamp":73678963946115,"circlet_count":0,"master_deck":["Strike_G","Defend_G","Defend_G","Defend_G","Survivor","Neutralize","Catalyst+1","Blur","Noxious Fumes+1","PiercingWail","Prepared","Adrenaline+1","Noxious Fumes+1","Corpse Explosion","Expertise","Dagger Throw"],"relics":["Ring of the Snake","NeowsBlessing","Kunai","Mummified Hand","MawBank","Empty Cage","Nilry\u0027s Codex","Ninja Scroll"],"potions_floor_usage":[],"damage_taken":[{"damage":0,"enemies":"Small Slimes","floor":1,"turns":1},{"damage":0,"enemies":"2 Louse","floor":2,"turns":1},{"damage":0,"enemies":"Cultist","floor":4,"turns":1},{"damage":3,"enemies":"Exordium Thugs","floor":7,"turns":7},{"damage":2,"enemies":"Blue Slaver","floor":10,"turns":6},{"damage":10,"enemies":"3 Sentries","floor":12,"turns":7},{"damage":16,"enemies":"Hexaghost","floor":16,"turns":8},{"damage":8,"enemies":"Spheric Guardian","floor":18,"turns":5},{"damage":12,"enemies":"2 Thieves","floor":24,"turns":4},{"damage":26,"enemies":"Sentry and Sphere","floor":25,"turns":5},{"damage":21,"enemies":"3 Cultists","floor":28,"turns":3}],"seed_played":"7132610907133763528","potions_obtained":[{"floor":1,"key":"Ancient Potion"},{"floor":7,"key":"GamblersBrew"},{"floor":10,"key":"SpeedPotion"},{"floor":16,"key":"PowerPotion"}],"is_trial":false,"path_per_floor":["M","M","$","M","?","R","M","?","T","M","T","E","?","$","R","B",null,"M","?","$","?","?","R","M","M","T","$","M"],"character_chosen":"THE_SILENT","items_purchased":["Noxious Fumes","Dagger Throw"],"campfire_rested":0,"item_purchase_floors":[14,20],"current_hp_per_floor":[70,70,70,70,75,75,72,72,72,70,70,60,60,60,60,44,75,67,67,67,67,51,51,39,13,13,13,0],"gold":34,"neow_bonus":"THREE_ENEMY_KILL","is_prod":false,"is_daily":false,"chose_seed":false,"campfire_upgraded":3,"win_rate":0,"timestamp":1564775018,"path_taken":["M","M","$","M","?","R","M","?","T","?","?","E","?","?","R","BOSS","M","?","$","?","?","R","M","M","T","$","M"],"build_version":"2019-07-17","purchased_purges":3,"victory":false,"max_hp_per_floor":[70,70,70,70,75,75,75,75,75,75,75,75,75,75,75,75,75,75,75,75,75,75,75,75,75,75,75,75],"card_choices":[{"not_picked":["Bane","Backflip"],"picked":"Catalyst","floor":1},{"not_picked":["Backflip","Flechettes"],"picked":"Blur","floor":2},{"not_picked":["Masterful Stab","PiercingWail"],"picked":"Noxious Fumes","floor":4},{"not_picked":["Terror","Backstab"],"picked":"PiercingWail","floor":7},{"not_picked":["Endless Agony","Expertise"],"picked":"Prepared","floor":10},{"not_picked":["Flying Knee","Escape Plan"],"picked":"Adrenaline","floor":12},{"not_picked":["Malaise","Wraith Form v2"],"picked":"Corpse Explosion","floor":16},{"not_picked":["Dagger Throw+1","Underhanded Strike"],"picked":"Expertise","floor":18},{"not_picked":["Sucker Punch+1","Slice","Deflect"],"picked":"SKIP","floor":24},{"not_picked":["Outmaneuver","Quick Slash","PiercingWail"],"picked":"SKIP","floor":25}],"player_experience":34385,"relics_obtained":[{"floor":9,"key":"Kunai"},{"floor":11,"key":"Mummified Hand"},{"floor":12,"key":"MawBank"},{"floor":22,"key":"Nilry\u0027s Codex"},{"floor":26,"key":"Ninja Scroll"}],"event_choices":[{"damage_healed":0,"gold_gain":0,"player_choice":"Donut","damage_taken":0,"max_hp_gain":5,"max_hp_loss":0,"event_name":"Big Fish","floor":5,"gold_loss":0},{"damage_healed":0,"gold_gain":0,"player_choice":"Upgraded","damage_taken":0,"max_hp_gain":0,"max_hp_loss":0,"event_name":"Upgrade Shrine","floor":8,"gold_loss":0,"cards_upgraded":["Catalyst"]},{"cards_removed":["Strike_G"],"damage_healed":0,"gold_gain":0,"player_choice":"Card Removal","damage_taken":0,"max_hp_gain":0,"max_hp_loss":0,"event_name":"The Cleric","floor":13,"gold_loss":50},{"damage_healed":0,"gold_gain":0,"player_choice":"Ignored","damage_taken":0,"max_hp_gain":0,"max_hp_loss":0,"event_name":"Vampires","floor":19,"gold_loss":0},{"damage_healed":0,"gold_gain":0,"player_choice":"Ignored","damage_taken":0,"max_hp_gain":0,"max_hp_loss":0,"event_name":"The Mausoleum","floor":21,"gold_loss":0},{"damage_healed":0,"gold_gain":0,"player_choice":"Obtained Book","damage_taken":16,"max_hp_gain":0,"max_hp_loss":0,"event_name":"Cursed Tome","floor":22,"gold_loss":0}],"is_beta":false,"boss_relics":[{"not_picked":["Busted Crown","Coffee Dripper"],"picked":"Empty Cage"}],"items_purged_floors":[3,14,20],"is_endless":false,"potions_floor_spawned":[1,7,10,16,24,25],"killed_by":"3 Cultists","ascension_level":0}