{"gold_per_floor":[111,121,136,156,2,27,27,27,27,39,39,51,51,62,62,164,164,177,177,177,177,197,197,228,228,228,228,11,38,38,38,38,133,133,146,156,256,256,270,303,303,321,321,30,30,30,41,54,54,54],"floor_reached":51,"playtime":4839,"items_purged":[],"score":715,"play_id":"54a737bd-1190-4873-bb22-5bac4636869c","local_time":"20190708134414","is_ascension_mode":false,"campfire_choices":[{"data":"Thunderclap","floor":8,"key":"SMITH"},{"data":"Shockwave","floor":11,"key":"SMITH"},{"data":"Anger","floor":15,"key":"SMITH"},{"data":"Anger","floor":23,"key":"SMITH"},{"data":"Bash","floor":27,"key":"SMITH"},{"data":"Spot Weakness","floor":32,"key":"SMITH"},{"data":"Dual Wield","floor":41,"key":"SMITH"},{"floor":45,"key":"REST"},{"data":"Jack Of All Trades","floor":49,"key":"SMITH"}],"neow_cost":"NONE","seed_source_timestamp":29660386662600,"circlet_count":0,"master_deck":["Strike_R+1","Strike_R+1","Strike_R+1","Strike_R+1","Defend_R+1","Defend_R+1","Defend_R+1","Defend_R+1","Bash+1","Spot Weakness+1","Thunderclap+1","Anger+1","Anger+1","Shockwave+1","Twin Strike+1","Iron Wave+1","Hemokinesis+1","Immolate+1","Cleave+1","Clash+1","Twin Strike+1","Fiend Fire+1","Jack Of All Trades+1","Inflame+1","Warcry","RitualDagger+1","Bludgeon+1","Dual Wield+1","Headbutt+1","Dual Wield+1","Ghostly Armor","Clash+1","Ghostly Armor+1","Flash of Steel+1","Hemokinesis+1"],"relics":["Burning Blood","Lantern","Incense Burner","Molten Egg 2","Bag of Preparation","Busted Crown","Frozen Egg 2","Dodecahedron","Ornamental Fan","Pantograph","Juzu Bracelet","Black Star","Gambling Chip","Centennial Puzzle","Paper Frog","Darkstone Periapt","Strawberry"],"potions_floor_usage":[4,4,16,22,29,37,40,40,50,50],"damage_taken":[{"damage":0,"enemies":"Small Slimes","floor":1,"turns":4},{"damage":5,"enemies":"Jaw Worm","floor":2,"turns":4},{"damage":5,"enemies":"2 Louse","floor":3,"turns":3},{"damage":19,"enemies":"Exordium Thugs","floor":4,"turns":5},{"damage":26,"enemies":"3 Sentries","floor":6,"turns":5},{"damage":5,"enemies":"3 Louse","floor":10,"turns":2},{"damage":8,"enemies":"Red Slaver","floor":12,"turns":2},{"damage":0,"enemies":"Looter","floor":14,"turns":2},{"damage":24,"enemies":"Hexaghost","floor":16,"turns":6},{"damage":2,"enemies":"3 Byrds","floor":18,"turns":3},{"damage":10,"enemies":"2 Thieves","floor":22,"turns":2},{"damage":2,"enemies":"Slavers","floor":24,"turns":2},{"damage":15,"enemies":"Book of Stabbing","floor":29,"turns":3},{"damage":71,"enemies":"Champ","floor":33,"turns":7},{"damage":0,"enemies":"3 Shapes","floor":35,"turns":2},{"damage":9,"enemies":"3 Darklings","floor":36,"turns":3},{"damage":2,"enemies":"Mind Bloom Boss Battle","floor":37,"turns":5},{"damage":18,"enemies":"Maw","floor":39,"turns":5},{"damage":34,"enemies":"Reptomancer","floor":40,"turns":4},{"damage":0,"enemies":"Jaw Worm Horde","floor":42,"turns":3},{"damage":6,"enemies":"4 Shapes","floor":47,"turns":1},{"damage":0,"enemies":"Spire Growth","floor":48,"turns":3},{"damage":17,"enemies":"Time Eater","floor":50,"turns":7}],"seed_played":"-553964660937980086","potions_obtained":[{"floor":1,"key":"Weak Potion"},{"floor":3,"key":"GamblersBrew"},{"floor":10,"key":"SpeedPotion"},{"floor":12,"key":"BloodPotion"},{"floor":18,"key":"SkillPotion"},{"floor":35,"key":"Weak Potion"},{"floor":37,"key":"GamblersBrew"},{"floor":39,"key":"AttackPotion"},{"floor":48,"key":"AttackPotion"}],"is_trial":false,"path_per_floor":["M","M","M","M","$","E","?","R","T","M","R","M","T","M","R","B",null,"M","?","?","?","M","R","E","T","T","R","$","E","?","?","R","B",null,"M","M","?","?","M","E","R","M","T","$","R","?","M","M","R","B",null],"character_chosen":"IRONCLAD","items_purchased":["Lantern","PowerPotion","Jack Of All Trades","Inflame+1","Strawberry","Flash of Steel+1","Poison Potion"],"campfire_rested":1,"item_purchase_floors":[5,28,28,28,44,44,44],"current_hp_per_floor":[88,88,88,75,75,55,48,48,48,49,49,47,47,53,53,35,88,88,71,71,71,67,67,71,71,71,71,71,62,56,56,56,16,93,93,90,93,93,81,53,53,59,59,66,96,96,96,100,100,89],"gold":54,"neow_bonus":"TEN_PERCENT_HP_BONUS","is_prod":false,"is_daily":false,"chose_seed":false,"campfire_upgraded":8,"win_rate":0.0,"timestamp":1562611454,"path_taken":["M","M","M","M","$","E","?","R","T","M","R","M","?","M","R","BOSS","M","?","?","?","M","R","E","?","T","R","$","E","?","?","R","BOSS","M","M","?","?","M","E","R","M","T","$","R","?","M","M","R","BOSS"],"build_version":"2019-07-05","purchased_purges":0,"victory":true,"max_hp_per_floor":[88,88,88,88,88,88,88,88,88,88,88,88,88,88,88,88,88,88,93,93,93,93,93,93,93,93,93,93,93,93,93,93,93,93,93,93,93,93,93,93,93,93,93,100,100,100,100,100,100,100],"card_choices":[{"not_picked":["Rage","Rupture"],"picked":"Spot Weakness","floor":1},{"not_picked":["Shockwave","Corruption"],"picked":"Thunderclap","floor":2},{"not_picked":["Cleave","Wild Strike"],"picked":"Anger","floor":3},{"not_picked":["Heavy Blade","Seeing Red"],"picked":"Anger","floor":4},{"not_picked":["Reaper","Disarm"],"picked":"Shockwave","floor":6},{"not_picked":["Cleave+1","Flex"],"picked":"Twin Strike+1","floor":10},{"not_picked":["Intimidate","Ghostly Armor"],"picked":"Iron Wave+1","floor":12},{"not_picked":["Flex","Havoc"],"picked":"Hemokinesis+1","floor":14},{"not_picked":["Dark Embrace","Barricade"],"picked":"Immolate+1","floor":16},{"not_picked":[],"picked":"Cleave+1","floor":18},{"not_picked":[],"picked":"Twin Strike+1","floor":22},{"not_picked":[],"picked":"Fiend Fire+1","floor":24},{"not_picked":[],"picked":"Warcry","floor":29},{"not_picked":[],"picked":"Bludgeon+1","floor":33},{"not_picked":[],"picked":"Dual Wield","floor":35},{"not_picked":[],"picked":"Headbutt+1","floor":36},{"not_picked":[],"picked":"Dual Wield+1","floor":37},{"not_picked":[],"picked":"Ghostly Armor","floor":39},{"not_picked":[],"picked":"Clash+1","floor":40},{"not_picked":[],"picked":"Ghostly Armor+1","floor":42},{"not_picked":["Twin Strike+1"],"picked":"SKIP","floor":47},{"not_picked":[],"picked":"Hemokinesis+1","floor":48}],"player_experience":61234,"relics_obtained":[{"floor":6,"key":"Incense Burner"},{"floor":9,"key":"Molten Egg 2"},{"floor":13,"key":"Bag of Preparation"},{"floor":24,"key":"Dodecahedron"},{"floor":25,"key":"Ornamental Fan"},{"floor":26,"key":"Pantograph"},{"floor":29,"key":"Juzu Bracelet"},{"floor":37,"key":"Gambling Chip"},{"floor":40,"key":"Centennial Puzzle"},{"floor":40,"key":"Paper Frog"},{"floor":43,"key":"Darkstone Periapt"}],"event_choices":[{"cards_removed":["Strike_R"],"damage_healed":0,"gold_gain":0,"player_choice":"Card Removal","damage_taken":7,"max_hp_gain":0,"max_hp_loss":0,"event_name":"Golden Wing","floor":7,"gold_loss":0},{"damage_healed":0,"gold_gain":0,"player_choice":"Shed Blood","damage_taken":22,"max_hp_gain":5,"max_hp_loss":0,"event_name":"Forgotten Altar","floor":19,"gold_loss":0},{"damage_healed":0,"gold_gain":0,"player_choice":"Read","damage_taken":0,"max_hp_gain":0,"max_hp_loss":0,"event_name":"The Library","floor":20,"gold_loss":0,"cards_obtained":["Clash"]},{"damage_healed":0,"gold_gain":0,"player_choice":"Opened","damage_taken":0,"relics_obtained":["Frozen Egg 2"],"max_hp_gain":0,"max_hp_loss":0,"event_name":"The Mausoleum","floor":21,"gold_loss":0},{"damage_healed":0,"gold_gain":0,"player_choice":"Joined the Cult","damage_taken":6,"max_hp_gain":0,"max_hp_loss":0,"event_name":"Nest","floor":30,"gold_loss":0,"cards_obtained":["RitualDagger"]},{"damage_healed":0,"gold_gain":0,"player_choice":"Simplicity","damage_taken":0,"max_hp_gain":0,"max_hp_loss":0,"event_name":"Back to Basics","floor":31,"gold_loss":0,"cards_upgraded":["Strike_R","Strike_R","Strike_R","Strike_R","Defend_R","Defend_R","Defend_R","Defend_R"]},{"damage_healed":0,"gold_gain":0,"player_choice":"Fight","damage_taken":0,"max_hp_gain":0,"max_hp_loss":0,"event_name":"MindBloom","floor":37,"gold_loss":0},{"damage_healed":0,"gold_gain":0,"player_choice":"Ignored","damage_taken":0,"max_hp_gain":0,"max_hp_loss":0,"event_name":"Tomb of Lord Red Mask","floor":38,"gold_loss":0},{"damage_healed":0,"gold_gain":0,"player_choice":"Ignored","damage_taken":0,"max_hp_gain":0,"max_hp_loss":0,"event_name":"NoteForYourself","floor":46,"gold_loss":0}],"is_beta":false,"boss_relics":[{"not_picked":["Calling Bell","Cursed Key"],"picked":"Busted Crown"},{"not_picked":["Runic Pyramid","Philosopher\u0027s Stone"],"picked":"Black Star"}],"items_purged_floors":[],"is_endless":false,"potions_floor_spawned":[1,3,10,12,18,35,37,39,48],"ascension_level":0}