{"gold_per_floor":[109,120,45,45,57,57,57,88,88,101,131,131,131],"floor_reached":13,"playtime":400,"items_purged":[],"score":163,"play_id":"dce20d37-570d-4377-a59a-7143f68d1683","local_time":"20190730182647","is_ascension_mode":true,"campfire_choices":[{"data":"Sunder","floor":6,"key":"SMITH"}],"neow_cost":"NONE","seed_source_timestamp":324704139365225,"circlet_count":0,"master_deck":["AscendersBane","Dualcast","Go for the Eyes","Chaos","White Noise","Sunder+1","Steam","White Noise","Consume","Doom and Gloom","Hologram","Creative AI","Melter","Fission"],"relics":["Pandora\u0027s Box","Oddly Smooth Stone","Matryoshka","Darkstone Periapt"],"potions_floor_usage":[8,11],"damage_taken":[{"damage":0,"enemies":"Cultist","floor":1,"turns":3},{"damage":9,"enemies":"Jaw Worm","floor":2,"turns":3},{"damage":3,"enemies":"2 Louse","floor":5,"turns":2},{"damage":37,"enemies":"Gremlin Nob","floor":8,"turns":4},{"damage":6,"enemies":"Red Slaver","floor":10,"turns":3},{"damage":17,"enemies":"3 Sentries","floor":11,"turns":8},{"damage":33,"enemies":"Gremlin Nob","floor":13,"turns":3}],"seed_played":"4862661660603588935","potions_obtained":[{"floor":5,"key":"Swift Potion"},{"floor":8,"key":"Regen Potion"}],"is_trial":false,"path_per_floor":["M","M","?","$","M","R","T","E","T","M","E","?","E"],"character_chosen":"DEFECT","items_purchased":[],"campfire_rested":0,"item_purchase_floors":[],"current_hp_per_floor":[64,55,55,55,52,52,52,15,15,9,7,7,0],"gold":131,"neow_bonus":"BOSS_RELIC","is_prod":false,"is_daily":false,"chose_seed":false,"campfire_upgraded":1,"win_rate":0,"timestamp":1564525607,"path_taken":["M","M","?","$","M","R","?","E","T","M","E","?","E"],"build_version":"2019-07-17","purchased_purges":0,"victory":false,"max_hp_per_floor":[71,71,71,71,71,71,71,71,71,71,71,71,71],"card_choices":[{"not_picked":["Coolheaded","Cold Snap"],"picked":"Doom and Gloom","floor":1},{"not_picked":["Rebound","Static Discharge"],"picked":"Hologram","floor":2},{"not_picked":["Rebound","Coolheaded"],"picked":"Creative AI","floor":5},{"not_picked":["Streamline","Go for the Eyes"],"picked":"Melter","floor":8},{"not_picked":["Double Energy","Redo","Beam Cell"],"picked":"SKIP","floor":10},{"not_picked":["Rebound","Reprogram"],"picked":"Fission","floor":11}],"player_experience":1604469,"relics_obtained":[{"floor":8,"key":"Oddly Smooth Stone"},{"floor":9,"key":"Matryoshka"},{"floor":11,"key":"Darkstone Periapt"}],"event_choices":[{"cards_removed":["Redo"],"damage_healed":0,"gold_gain":0,"player_choice":"Card Removal","damage_taken":0,"max_hp_gain":0,"max_hp_loss":0,"event_name":"The Cleric","floor":3,"gold_loss":75},{"cards_removed":["Zap"],"damage_healed":0,"gold_gain":0,"player_choice":"Purged","damage_taken":0,"max_hp_gain":0,"max_hp_loss":0,"event_name":"Purifier","floor":12,"gold_loss":0}],"is_beta":false,"boss_relics":[],"items_purged_floors":[],"is_endless":false,"potions_floor_spawned":[5,8],"killed_by":"Gremlin Nob","ascension_level":15}