{"gold_per_floor":[117,130,130,130,205,236,236,251,251,270,288,1,1,19,19,19],"floor_reached":16,"playtime":341,"items_purged":[],"score":254,"play_id":"89e27c23-eff5-4a89-b6be-608a7a75382d","local_time":"20190719142551","is_ascension_mode":true,"campfire_choices":[{"data":"Zap","floor":7.0,"key":"SMITH"},{"data":"Recycle","floor":13,"key":"SMITH"},{"data":"Dualcast","floor":15,"key":"SMITH"}],"neow_cost":"NONE","seed_source_timestamp":74443931339084,"circlet_count":0,"master_deck":["AscendersBane","Strike_B","Strike_B","Strike_B","Strike_B+1","Defend_B","Defend_B+1","Defend_B","Defend_B","Zap+1","Dualcast+1","Ball Lightning","Heatsinks","Compile Driver+1","Recycle+1","Multi-Cast","Cold Snap+1"],"special_seed":0,"relics":["Cracked Core","NeowsBlessing","Molten Egg 2","Ancient Tea Set","Toxic Egg 2"],"potions_floor_usage":[14,16],"damage_taken":[{"damage":0.0,"enemies":"Small Slimes","floor":1.0,"turns":1.0},{"damage":0.0,"enemies":"2 Louse","floor":2.0,"turns":1.0},{"damage":0.0,"enemies":"Lagavulin","floor":6.0,"turns":1.0},{"damage":0.0,"enemies":"Cultist","floor":8.0,"turns":2.0},{"damage":0.0,"enemies":"Gremlin Gang","floor":10.0,"turns":3.0},{"damage":9.0,"enemies":"3 Louse","floor":11.0,"turns":3.0},{"damage":7,"enemies":"Lots of Slimes","floor":14,"turns":3},{"damage":13,"enemies":"The Guardian","floor":16,"turns":8}],"seed_played":"-7039716357271943820","potions_obtained":[{"floor":2.0,"key":"Energy Potion"},{"floor":6.0,"key":"Strength Potion"},{"floor":11.0,"key":"GamblersBrew"}],"is_trial":false,"path_per_floor":["M","M","?","?","?","E","R","M","T","M","M","$","R","M","R","B"],"character_chosen":"DEFECT","items_purchased":["Toxic Egg 2"],"campfire_rested":0,"item_purchase_floors":[12],"current_hp_per_floor":[64,64,64,43,32,32,32,32,32,32,23,23,23,16,16,3],"gold":19,"neow_bonus":"THREE_ENEMY_KILL","is_prod":false,"is_daily":false,"chose_seed":false,"campfire_upgraded":3,"win_rate":0,"timestamp":1563517551,"path_taken":["M","M","?","?","?","E","R","M","T","M","M","$","R","M","R","BOSS"],"build_version":"2019-07-17","purchased_purges":0,"victory":false,"max_hp_per_floor":[71,71,71,71,71,71,71,71,71,71,71,71,71,71,71,71],"card_choices":[{"not_picked":["Gash","Doom and Gloom"],"picked":"Ball Lightning","floor":1.0},{"not_picked":["Stack","Doom and Gloom","Redo"],"picked":"SKIP","floor":2.0},{"not_picked":["Blizzard","Hologram"],"picked":"Heatsinks","floor":6.0},{"not_picked":["Redo","Rebound+1"],"picked":"Compile Driver+1","floor":8.0},{"not_picked":["Melter+1","Turbo"],"picked":"Recycle","floor":10.0},{"not_picked":["Conserve Battery","Streamline+1"],"picked":"Multi-Cast","floor":11.0},{"not_picked":["Ball Lightning+1","Loop"],"picked":"Cold Snap+1","floor":14}],"player_experience":2034195,"relics_obtained":[{"floor":6.0,"key":"Molten Egg 2"},{"floor":9.0,"key":"Ancient Tea Set"}],"event_choices":[{"damage_healed":0.0,"max_hp_gain":0.0,"max_hp_loss":0.0,"gold_gain":0.0,"event_name":"Liars Game","player_choice":"Ignored","floor":3.0,"gold_loss":0.0,"damage_taken":0.0},{"damage_healed":0.0,"max_hp_gain":0.0,"max_hp_loss":0.0,"gold_gain":0.0,"event_name":"Shining Light","player_choice":"Entered Light","floor":4.0,"gold_loss":0.0,"damage_taken":21.0,"cards_upgraded":["Strike_B","Defend_B"]},{"damage_healed":0.0,"max_hp_gain":0.0,"max_hp_loss":0.0,"gold_gain":75.0,"event_name":"World of Goop","player_choice":"Gather Gold","floor":5.0,"gold_loss":0.0,"damage_taken":11.0}],"is_beta":false,"boss_relics":[],"items_purged_floors":[],"is_endless":false,"potions_floor_spawned":[2,6,11],"killed_by":"The Guardian","ascension_level":20}