{"gold_per_floor":[118,134,148,168,138,138,149,178,178,178,27,58,58,73,73,149,149,160,160,60,73,92,92,121,121,173,173,173],"floor_reached":28,"playtime":1175,"items_purged":["Strike_B","Strike_B"],"score":433,"play_id":"5955496f-7980-420e-828a-cdbba0867be7","local_time":"20190730021228","is_ascension_mode":true,"campfire_choices":[{"floor":6,"key":"REST"},{"data":"Zap","floor":10,"key":"SMITH"},{"data":"Darkness","floor":15,"key":"SMITH"},{"data":"Loop","floor":23,"key":"SMITH"}],"neow_cost":"NONE","seed_source_timestamp":265467497692649,"circlet_count":0,"master_deck":["AscendersBane","Strike_B","Defend_B","Defend_B","Defend_B","Defend_B","Zap+1","Dualcast","Darkness+1","Recycle","Compile Driver","Conserve Battery","Compile Driver","Self Repair","Chill","Auto Shields","Electrodynamics","Rebound+1","Loop+1","Loop"],"relics":["Cracked Core","Lantern","Bag of Marbles","Symbiotic Virus","Darkstone Periapt","Velvet Choker","Centennial Puzzle","Spirit Poop"],"potions_floor_usage":[3,12,14,24],"damage_taken":[{"damage":1,"enemies":"Cultist","floor":1,"turns":3},{"damage":12,"enemies":"Jaw Worm","floor":2,"turns":3},{"damage":10,"enemies":"2 Louse","floor":3,"turns":4},{"damage":25,"enemies":"Gremlin Gang","floor":4,"turns":5},{"damage":0,"enemies":"Large Slime","floor":7,"turns":5},{"damage":18,"enemies":"Lagavulin","floor":8,"turns":7},{"damage":15,"enemies":"3 Sentries","floor":12,"turns":8},{"damage":3,"enemies":"Blue Slaver","floor":14,"turns":3},{"damage":13,"enemies":"The Guardian","floor":16,"turns":10},{"damage":13,"enemies":"Shell Parasite","floor":18,"turns":4},{"damage":17,"enemies":"Spheric Guardian","floor":21,"turns":5},{"damage":11,"enemies":"3 Cultists","floor":22,"turns":6},{"damage":34,"enemies":"Slavers","floor":24,"turns":4},{"damage":23,"enemies":"Cultist and Chosen","floor":28,"turns":4}],"seed_played":"7104397943463429357","potions_obtained":[{"floor":1,"key":"GamblersBrew"},{"floor":5,"key":"PowerPotion"},{"floor":5,"key":"LiquidBronze"},{"floor":12,"key":"FearPotion"},{"floor":14,"key":"Fruit Juice"},{"floor":16,"key":"FocusPotion"}],"is_trial":false,"path_per_floor":["M","M","M","M","?","R","M","E","T","R","$","E","?","M","R","B",null,"M","?","$","M","M","R","E","?","T","?","M"],"character_chosen":"DEFECT","items_purchased":["Self Repair"],"campfire_rested":1,"item_purchase_floors":[11],"current_hp_per_floor":[63,51,41,16,16,37,37,19,19,19,19,11,11,20,20,14,61,55,55,55,45,41,41,14,20,20,20,0],"gold":173,"neow_bonus":"RANDOM_COMMON_RELIC","is_prod":false,"is_daily":false,"chose_seed":false,"campfire_upgraded":3,"win_rate":0,"timestamp":1564467148,"path_taken":["M","?","?","M","?","R","M","E","T","R","?","E","?","?","R","BOSS","M","?","$","M","M","R","E","?","T","?","?"],"build_version":"2019-07-17","purchased_purges":2,"victory":false,"max_hp_per_floor":[71,71,71,71,71,71,71,71,71,71,71,71,71,76,76,76,76,76,76,76,76,76,76,76,82,82,82,82],"card_choices":[{"not_picked":["Hello World","Gash"],"picked":"Darkness","floor":1},{"not_picked":["Barrage","Rebound"],"picked":"Recycle","floor":2},{"not_picked":["Leap","Gash"],"picked":"Compile Driver","floor":3},{"not_picked":["Redo","Scrape","Rebound"],"picked":"SKIP","floor":4},{"not_picked":["Barrage","Double Energy"],"picked":"Conserve Battery","floor":7},{"not_picked":["Reprogram","Turbo"],"picked":"Compile Driver","floor":8},{"not_picked":["Melter","Self Repair"],"picked":"Chill","floor":12},{"not_picked":["Gash","Turbo"],"picked":"Auto Shields","floor":14},{"not_picked":["Reboot","Core Surge"],"picked":"Electrodynamics","floor":16},{"not_picked":["Turbo","Sweeping Beam"],"picked":"Rebound+1","floor":18},{"not_picked":["Barrage","Darkness"],"picked":"Loop","floor":21},{"not_picked":["Hello World","Compile Driver"],"picked":"Loop","floor":22},{"not_picked":["Rebound","Thunder Strike","Auto Shields"],"picked":"SKIP","floor":24}],"player_experience":1587472,"relics_obtained":[{"floor":8,"key":"Bag of Marbles"},{"floor":9,"key":"Symbiotic Virus"},{"floor":12,"key":"Darkstone Periapt"},{"floor":24,"key":"Centennial Puzzle"}],"event_choices":[{"damage_healed":0,"gold_gain":0,"player_choice":"Bought 2 Potions","damage_taken":0,"max_hp_gain":0,"max_hp_loss":0,"event_name":"The Woman in Blue","floor":5,"gold_loss":0},{"cards_removed":["Strike_B"],"damage_healed":0,"gold_gain":0,"player_choice":"Purged","damage_taken":0,"max_hp_gain":0,"max_hp_loss":0,"event_name":"Purifier","floor":13,"gold_loss":0},{"damage_healed":0,"gold_gain":0,"player_choice":"Ignored","damage_taken":0,"max_hp_gain":0,"max_hp_loss":0,"event_name":"The Mausoleum","floor":19,"gold_loss":0},{"damage_healed":0,"gold_gain":0,"player_choice":"Smashed Altar","damage_taken":0,"max_hp_gain":0,"max_hp_loss":0,"event_name":"Forgotten Altar","floor":25,"gold_loss":0,"cards_obtained":["Decay"]},{"cards_removed":["Decay"],"damage_healed":0,"gold_gain":0,"player_choice":"Offered Curse","damage_taken":0,"relics_obtained":["Spirit Poop"],"max_hp_gain":0,"max_hp_loss":0,"event_name":"Bonfire Elementals","floor":27,"gold_loss":0}],"is_beta":false,"boss_relics":[{"not_picked":["Sozu","Busted Crown"],"picked":"Velvet Choker"}],"items_purged_floors":[11,20],"is_endless":false,"potions_floor_spawned":[1,12,14,16,18],"killed_by":"Cultist and Chosen","ascension_level":15}