{"gold_per_floor":[114,114,131,151,76,109,109,142,142,169,184,259,121,141,141,245,245,256,270,470,470,100,128,141,152,201,201],"floor_reached":27,"playtime":1258,"items_purged":["Strike_R","Defend_R","Strike_R"],"score":331,"play_id":"b1d9dfc5-7e4d-4b2a-b907-5897b6958226","local_time":"20190717163440","is_ascension_mode":true,"campfire_choices":[{"data":"Bash","floor":7.0,"key":"SMITH"},{"data":"Armaments","floor":15.0,"key":"SMITH"}],"neow_cost":"NONE","seed_source_timestamp":173541223912802,"circlet_count":0,"master_deck":["Strike_R","Strike_R","Strike_R","Defend_R","Defend_R+1","Bash+1","Ghostly Armor","Burning Pact+1","Wild Strike","Second Wind","Shrug It Off","Armaments+1","Shrug It Off","Carnage","Infernal Blade","Limit Break","Flex","Impervious","Disarm","Ghostly Armor+1"],"special_seed":0,"relics":["Burning Blood","NeowsBlessing","War Paint","Self Forming Clay","Orichalcum","Odd Mushroom","Coffee Dripper","MealTicket","Shovel","Pen Nib"],"potions_floor_usage":[21,23,23,27],"damage_taken":[{"damage":0.0,"enemies":"2 Louse","floor":1.0,"turns":1.0},{"damage":0.0,"enemies":"Cultist","floor":3.0,"turns":1.0},{"damage":0.0,"enemies":"Small Slimes","floor":4.0,"turns":1.0},{"damage":27.0,"enemies":"Lagavulin","floor":6.0,"turns":6.0},{"damage":25.0,"enemies":"Gremlin Nob","floor":8.0,"turns":4.0},{"damage":9.0,"enemies":"The Mushroom Lair","floor":10.0,"turns":6.0},{"damage":0.0,"enemies":"Looter","floor":11.0,"turns":2.0},{"damage":2.0,"enemies":"2 Fungi Beasts","floor":14.0,"turns":3.0},{"damage":34.0,"enemies":"Hexaghost","floor":16.0,"turns":11.0},{"damage":13.0,"enemies":"2 Thieves","floor":18.0,"turns":5.0},{"damage":19.0,"enemies":"3 Byrds","floor":19.0,"turns":8.0},{"damage":0,"enemies":"Centurion and Healer","floor":21,"turns":2},{"damage":38,"enemies":"Book of Stabbing","floor":23,"turns":7},{"damage":11,"enemies":"Snake Plant","floor":24,"turns":6},{"damage":0,"enemies":"Shelled Parasite and Fungi","floor":25,"turns":9},{"damage":0,"enemies":"Gremlin Leader","floor":27,"turns":1}],"seed_played":"-608302267678715245","potions_obtained":[{"floor":1.0,"key":"SmokeBomb"},{"floor":3.0,"key":"AttackPotion"},{"floor":6.0,"key":"EssenceOfSteel"},{"floor":10.0,"key":"Fire Potion"},{"floor":16.0,"key":"SkillPotion"},{"floor":18.0,"key":"Dexterity Potion"},{"floor":19.0,"key":"Poison Potion"},{"floor":25,"key":"Swift Potion"}],"is_trial":false,"path_per_floor":["M","?","M","M","$","E","R","E","T","?","M","?","$","M","R","B",null,"M","M","?","M","$","E","M","M","T","E"],"character_chosen":"IRONCLAD","items_purchased":["Carnage","Flex","MealTicket"],"campfire_rested":0,"item_purchase_floors":[13,22,22],"current_hp_per_floor":[78,78,80,80,80,59,59,40,40,37,43,32,32,36,36,8,62,55,42,42,48,48,16,11,17,17,17],"gold":201,"neow_bonus":"THREE_ENEMY_KILL","is_prod":false,"is_daily":false,"chose_seed":false,"campfire_upgraded":2,"win_rate":0,"timestamp":1563348880,"path_taken":["M","?","M","?","$","E","R","E","T","?","M","?","$","M","R","BOSS","M","M","?","?","$","E","M","M","T","E"],"build_version":"2019-07-05","purchased_purges":3,"victory":false,"max_hp_per_floor":[80,80,80,80,80,80,80,80,80,80,80,80,80,80,80,80,80,80,80,80,80,80,80,80,80,80,80],"card_choices":[{"not_picked":["Shockwave","Body Slam"],"picked":"Ghostly Armor","floor":1.0},{"not_picked":["Clothesline","Twin Strike"],"picked":"Burning Pact","floor":3.0},{"not_picked":["Hemokinesis","Infernal Blade"],"picked":"Wild Strike","floor":4.0},{"not_picked":["Rupture","Power Through"],"picked":"Second Wind","floor":6.0},{"not_picked":["Flame Barrier","Spot Weakness"],"picked":"Shrug It Off","floor":8.0},{"not_picked":["Body Slam","Warcry"],"picked":"Armaments","floor":10.0},{"not_picked":["Cleave","Warcry"],"picked":"Shrug It Off","floor":11.0},{"not_picked":["Cleave","Intimidate"],"picked":"Infernal Blade","floor":14.0},{"not_picked":["Impervious","Brutality"],"picked":"Limit Break","floor":16.0},{"not_picked":["Body Slam","Heavy Blade","Shrug It Off"],"picked":"SKIP","floor":18.0},{"not_picked":["Wild Strike+1","Fire Breathing","Dual Wield"],"picked":"SKIP","floor":19.0},{"not_picked":["Entrench","Thunderclap+1"],"picked":"Impervious","floor":23},{"not_picked":["Heavy Blade","Headbutt"],"picked":"Disarm","floor":24},{"not_picked":["Flame Barrier","Wild Strike"],"picked":"Ghostly Armor+1","floor":25}],"player_experience":236756,"relics_obtained":[{"floor":6.0,"key":"War Paint"},{"floor":8.0,"key":"Self Forming Clay"},{"floor":9.0,"key":"Orichalcum"},{"floor":10.0,"key":"Odd Mushroom"},{"floor":23,"key":"Shovel"},{"floor":26,"key":"Pen Nib"}],"event_choices":[{"cards_removed":["Defend_R"],"damage_healed":0.0,"max_hp_gain":0.0,"max_hp_loss":0.0,"gold_gain":0.0,"event_name":"Bonfire Elementals","player_choice":"Offered Basic","floor":2.0,"gold_loss":0.0,"damage_taken":0.0},{"damage_healed":0.0,"max_hp_gain":0.0,"max_hp_loss":0.0,"gold_gain":0.0,"event_name":"Mushrooms","player_choice":"Fought Mushrooms","floor":10.0,"gold_loss":0.0,"damage_taken":0.0},{"damage_healed":0.0,"max_hp_gain":0.0,"max_hp_loss":0.0,"gold_gain":75.0,"event_name":"World of Goop","player_choice":"Gather Gold","floor":12.0,"gold_loss":0.0,"damage_taken":11.0},{"damage_healed":0,"gold_gain":250,"player_choice":"Bet on Owner","damage_taken":0,"max_hp_gain":0,"max_hp_loss":0,"event_name":"The Joust","floor":20,"gold_loss":50}],"is_beta":false,"boss_relics":[{"not_picked":["Fusion Hammer","Lizard Tail"],"picked":"Coffee Dripper"}],"items_purged_floors":[5,13,22],"is_endless":false,"potions_floor_spawned":[1,3,6,10,16,18,19,25],"killed_by":"Gremlin Leader","ascension_level":7}