{"gold_per_floor":[110,121,136,311,311,311,328,328,379,379,394,451,451,1,1,100,100,114,131,131,31,31,31,31],"floor_reached":24,"playtime":1303,"items_purged":["Doubt","Strike_G"],"score":223,"play_id":"39d334bb-e814-4310-81b1-7a9a26d8b531","local_time":"20190511015600","is_ascension_mode":true,"campfire_choices":[{"data":"Survivor","floor":6,"key":"SMITH"},{"floor":10,"key":"REST"},{"floor":15,"key":"REST"},{"floor":23,"key":"REST"}],"neow_cost":"TEN_PERCENT_HP_LOSS","seed_source_timestamp":197779009346226,"circlet_count":0,"master_deck":["Defend_G+1","Defend_G+1","Defend_G+1","Defend_G+1","Strike_G+1","Strike_G+1","Strike_G+1","Survivor+1","Neutralize","Predator","PiercingWail","Prepared","Slice","Blade Dance+1","Cloak And Dagger","Blade Dance","Caltrops","Caltrops","A Thousand Cuts","Accuracy","Blur+1","Deflect","Prepared+1"],"relics":["Ring of the Snake","Lantern","Juzu Bracelet","Tiny Chest","Omamori","Prayer Wheel","White Beast Statue"],"potions_floor_usage":[12,20,20],"damage_taken":[{"damage":0,"enemies":"Cultist","floor":1,"turns":3},{"damage":8,"enemies":"Jaw Worm","floor":2,"turns":4},{"damage":0,"enemies":"Small Slimes","floor":3,"turns":3},{"damage":19,"enemies":"Exordium Thugs","floor":7,"turns":6},{"damage":0,"enemies":"Looter","floor":11,"turns":3},{"damage":14,"enemies":"Lagavulin","floor":12,"turns":4},{"damage":36,"enemies":"Slime Boss","floor":16,"turns":13},{"damage":30,"enemies":"Shell Parasite","floor":18,"turns":6},{"damage":4,"enemies":"3 Byrds","floor":19,"turns":5},{"damage":21,"enemies":"Colosseum Slavers","floor":20,"turns":4},{"damage":42,"enemies":"Book of Stabbing","floor":24,"turns":5}],"seed_played":"7340678792724428116","potions_obtained":[{"floor":1,"key":"GhostInAJar"},{"floor":7,"key":"Strength Potion"},{"floor":11,"key":"Swift Potion"},{"floor":18,"key":"Regen Potion"},{"floor":19,"key":"AttackPotion"}],"is_trial":false,"path_per_floor":["M","M","M","?","?","R","M","?","T","R","M","E","?","$","R","B",null,"M","M","?","$","?","R","E"],"character_chosen":"THE_SILENT","items_purchased":["Prayer Wheel","Caltrops"],"campfire_rested":3,"item_purchase_floors":[14,14],"current_hp_per_floor":[63,55,55,55,55,55,36,36,36,54,54,40,37,37,55,19,63,33,29,20,20,20,38,0],"gold":31,"neow_bonus":"TRANSFORM_TWO_CARDS","is_prod":false,"is_daily":false,"chose_seed":false,"campfire_upgraded":1,"win_rate":0,"timestamp":1557554160,"path_taken":["M","?","M","?","?","R","M","?","T","R","M","E","?","$","R","BOSS","M","M","?","$","?","R","E"],"build_version":"2019-01-23","purchased_purges":2,"victory":false,"max_hp_per_floor":[63,63,63,63,63,63,63,63,63,63,63,63,63,63,63,63,63,63,63,63,63,63,63,63],"card_choices":[{"not_picked":["Calculated Gamble","PiercingWail"],"picked":"Prepared","floor":1},{"not_picked":["Backflip","Infinite Blades"],"picked":"Slice","floor":2},{"not_picked":["Outmaneuver","Sucker Punch"],"picked":"Blade Dance","floor":3},{"not_picked":["Quick Slash","Backstab"],"picked":"Cloak And Dagger","floor":7},{"not_picked":["Flying Knee","Venomology"],"picked":"Blade Dance","floor":11},{"not_picked":["Heel Hook","Cloak And Dagger"],"picked":"Caltrops","floor":12},{"not_picked":["Envenom","Malaise"],"picked":"A Thousand Cuts","floor":16},{"not_picked":["Blur","Acrobatics"],"picked":"Accuracy","floor":18},{"not_picked":["Flying Knee","Noxious Fumes"],"picked":"Blur+1","floor":18},{"not_picked":["Bullet Time","Flying Knee"],"picked":"Deflect","floor":19},{"not_picked":["Masterful Stab+1","Backflip"],"picked":"Prepared+1","floor":19}],"player_experience":965373,"relics_obtained":[{"floor":9,"key":"Juzu Bracelet"},{"floor":12,"key":"Tiny Chest"}],"event_choices":[{"damage_healed":0,"gold_gain":175,"player_choice":"AGREE","damage_taken":0,"max_hp_gain":0,"max_hp_loss":0,"event_name":"Liars Game","floor":4,"gold_loss":0,"cards_obtained":["Doubt"]},{"damage_healed":0,"gold_gain":0,"player_choice":"Grow","damage_taken":0,"max_hp_gain":0,"max_hp_loss":0,"event_name":"Living Wall","floor":5,"gold_loss":0,"cards_upgraded":["Blade Dance"]},{"damage_healed":0,"gold_gain":0,"player_choice":"Gave Potion","damage_taken":0,"relics_obtained":["Lantern"],"max_hp_gain":0,"max_hp_loss":0,"event_name":"WeMeetAgain","floor":8,"gold_loss":0},{"damage_healed":0,"gold_gain":0,"player_choice":"Success","damage_taken":3,"relics_obtained":["Omamori"],"max_hp_gain":0,"max_hp_loss":0,"event_name":"Scrap Ooze","floor":13,"gold_loss":0},{"damage_healed":0,"gold_gain":0,"player_choice":"Fight","damage_taken":0,"max_hp_gain":0,"max_hp_loss":0,"event_name":"Colosseum","floor":20,"gold_loss":0},{"damage_healed":0,"gold_gain":0,"player_choice":"Fled From Nobs","damage_taken":0,"max_hp_gain":0,"max_hp_loss":0,"event_name":"Colosseum","floor":20,"gold_loss":0},{"damage_healed":0,"gold_gain":0,"player_choice":"Simplicity","damage_taken":0,"max_hp_gain":0,"max_hp_loss":0,"event_name":"Back to Basics","floor":22,"gold_loss":0,"cards_upgraded":["Defend_G","Defend_G","Defend_G","Defend_G","Strike_G","Strike_G","Strike_G"]}],"is_beta":false,"boss_relics":[{"not_picked":["Velvet Choker","Pandora\u0027s Box"],"picked":"White Beast Statue"}],"items_purged_floors":[14,21],"is_endless":false,"potions_floor_spawned":[1,7,11,18,19,20],"killed_by":"Book of Stabbing","ascension_level":3}