{"gold_per_floor":[118,136,86,0,16,26,26,53,76,76,76,109,127,127,127,231,231,242,118,132,50,63,63,89,89,139,139,149,166,166,166,166,269,269,279,296,38,38,57,57,92,92,92,103,103,103,203,217,217,217],"floor_reached":51,"playtime":3451,"items_purged":["Strike_R"],"score":773,"play_id":"13ce5b23-f9e2-45d5-96c7-9606fef045e7","local_time":"20181219003241","is_ascension_mode":true,"campfire_choices":[{"data":"Rage","floor":7,"key":"SMITH"},{"data":"Infernal Blade","floor":11,"key":"SMITH"},{"floor":15,"key":"REST"},{"data":"Heavy Blade","floor":23,"key":"SMITH"},{"data":"Shrug It Off","floor":27,"key":"SMITH"},{"floor":30,"key":"REST"},{"floor":32,"key":"REST"},{"floor":40,"key":"REST"},{"floor":42,"key":"REST"},{"data":"Armaments","floor":45,"key":"SMITH"},{"floor":49,"key":"REST"}],"neow_cost":"NONE","seed_source_timestamp":142721022072537,"circlet_count":0,"master_deck":["Strike_R+1","Strike_R+1","Strike_R+1","Defend_R","Defend_R","Defend_R","Reaper","Rage+1","Infernal Blade+1","Panacea","Berserk","Cleave+1","Metallicize","Demon Form","Battle Trance","Shrug It Off+1","Corruption","Heavy Blade+1","Shrug It Off","Spot Weakness","Limit Break","Armaments+1","Iron Wave+1","Limit Break","Flex","Shockwave+1","Exhume","Heavy Blade+1","Disarm"],"relics":["Burning Blood","Odd Mushroom","Bag of Marbles","Whetstone","Sozu","Smiling Mask","Red Skull","Omamori","Cursed Key","DollysMirror","Sundial","Thread and Needle","Nunchaku"],"potions_floor_usage":[8,12,36],"damage_taken":[{"damage":7,"enemies":"Small Slimes","floor":1,"turns":4},{"damage":9,"enemies":"2 Louse","floor":2,"turns":3},{"damage":10,"enemies":"Jaw Worm","floor":5,"turns":4},{"damage":0,"enemies":"Large Slime","floor":6,"turns":5},{"damage":25,"enemies":"The Mushroom Lair","floor":8,"turns":4},{"damage":25,"enemies":"Lagavulin","floor":12,"turns":5},{"damage":9,"enemies":"Red Slaver","floor":13,"turns":3},{"damage":13,"enemies":"The Guardian","floor":16,"turns":10},{"damage":2,"enemies":"Chosen","floor":18,"turns":4},{"damage":28,"enemies":"2 Thieves","floor":20,"turns":3},{"damage":26,"enemies":"Snecko","floor":22,"turns":4},{"damage":29,"enemies":"Snake Plant","floor":28,"turns":4},{"damage":9,"enemies":"Centurion and Healer","floor":29,"turns":4},{"damage":35,"enemies":"Champ","floor":33,"turns":9},{"damage":29,"enemies":"3 Darklings","floor":35,"turns":4},{"damage":8,"enemies":"Orb Walker","floor":36,"turns":4},{"damage":36,"enemies":"Transient","floor":39,"turns":5},{"damage":55,"enemies":"Nemesis","floor":41,"turns":7},{"damage":29,"enemies":"4 Shapes","floor":44,"turns":5},{"damage":7,"enemies":"Mind Bloom Boss Battle","floor":47,"turns":6},{"damage":59,"enemies":"Writhing Mass","floor":48,"turns":4},{"damage":47,"enemies":"Time Eater","floor":50,"turns":6}],"seed_played":"-5173642107480561492","potions_obtained":[{"floor":1,"key":"Explosive Potion"},{"floor":6,"key":"SkillPotion"},{"floor":12,"key":"GamblersBrew"}],"is_trial":false,"path_per_floor":["M","M","?","$","M","M","R","?","T","?","R","E","M","?","R","B",null,"M","$","M","$","M","R","T","?","T","R","M","M","R","T","R","B",null,"M","M","$","?","M","R","E","R","T","M","R","$","?","M","R","B",null],"character_chosen":"IRONCLAD","items_purchased":["Panacea","Shrug It Off","Corruption","DollysMirror","Flex"],"campfire_rested":6,"item_purchase_floors":[4,19,21,37,37],"current_hp_per_floor":[79,80,80,80,76,80,80,71,71,55,55,42,45,45,69,66,80,80,80,58,58,42,42,42,42,42,42,30,27,51,51,75,52,80,61,59,59,59,39,63,26,50,50,68,68,68,67,14,38,7],"gold":217,"neow_bonus":"ONE_RANDOM_RARE_CARD","is_prod":false,"is_daily":false,"chose_seed":false,"campfire_upgraded":5,"win_rate":0,"timestamp":1545197561,"path_taken":["M","M","?","$","M","M","R","?","T","?","R","E","M","?","R","BOSS","M","$","M","$","M","R","?","?","T","R","M","?","R","?","R","BOSS","M","M","$","?","M","R","E","R","T","M","R","$","?","M","R","BOSS"],"build_version":"2018-12-13","purchased_purges":1,"victory":true,"max_hp_per_floor":[80,80,80,80,80,80,80,80,80,80,80,80,80,80,80,80,80,80,80,80,80,80,80,80,80,80,80,80,80,80,80,80,80,80,80,80,80,80,80,80,80,80,80,80,80,80,80,80,80,80],"card_choices":[{"not_picked":["Intimidate","Heavy Blade"],"picked":"Rage","floor":1},{"not_picked":["Headbutt","Rupture"],"picked":"Infernal Blade","floor":2},{"not_picked":["Fire Breathing","Perfected Strike","Headbutt"],"picked":"SKIP","floor":5},{"not_picked":["Searing Blow","Twin Strike"],"picked":"Berserk","floor":6},{"not_picked":["Intimidate","Wild Strike"],"picked":"Cleave","floor":8},{"not_picked":["Havoc","Clash"],"picked":"Metallicize","floor":12},{"not_picked":["Sword Boomerang","Havoc","Headbutt"],"picked":"SKIP","floor":13},{"not_picked":["Bludgeon","Brutality"],"picked":"Demon Form","floor":16},{"not_picked":["Perfected Strike+1","Sentinel+1"],"picked":"Battle Trance","floor":18},{"not_picked":["Hemokinesis+1","Sword Boomerang","Power Through"],"picked":"SKIP","floor":20},{"not_picked":["Warcry","Rampage"],"picked":"Heavy Blade","floor":22},{"not_picked":["Combust","Warcry"],"picked":"Shrug It Off","floor":28},{"not_picked":["Cleave","Corruption"],"picked":"Spot Weakness","floor":29},{"not_picked":["Bludgeon","Feed"],"picked":"Limit Break","floor":33},{"not_picked":["Clothesline","Blood for Blood"],"picked":"Armaments","floor":35},{"not_picked":["Armaments+1","Blood for Blood+1"],"picked":"Iron Wave+1","floor":36},{"not_picked":["Perfected Strike","Body Slam"],"picked":"Shockwave+1","floor":39},{"not_picked":["Pommel Strike+1","Juggernaut"],"picked":"Exhume","floor":41},{"not_picked":["Clothesline","Armaments+1"],"picked":"Heavy Blade+1","floor":44},{"not_picked":["Sever Soul+1","Dropkick+1"],"picked":"Disarm","floor":47},{"not_picked":["Reckless Charge","Shockwave+1","Wild Strike"],"picked":"SKIP","floor":48}],"player_experience":446959,"relics_obtained":[{"floor":8,"key":"Odd Mushroom"},{"floor":9,"key":"Bag of Marbles"},{"floor":12,"key":"Whetstone"},{"floor":24,"key":"Smiling Mask"},{"floor":26,"key":"Red Skull"},{"floor":31,"key":"Omamori"},{"floor":41,"key":"Sundial"},{"floor":43,"key":"Thread and Needle"},{"floor":47,"key":"Nunchaku"}],"event_choices":[{"cards_removed":["Defend_R"],"damage_healed":0,"gold_gain":0,"player_choice":"Card Removal","damage_taken":0,"max_hp_gain":0,"max_hp_loss":0,"event_name":"The Cleric","floor":3,"gold_loss":50},{"damage_healed":0,"gold_gain":0,"player_choice":"Fought Mushrooms","damage_taken":0,"max_hp_gain":0,"max_hp_loss":0,"event_name":"Mushrooms","floor":8,"gold_loss":0},{"damage_healed":0,"gold_gain":0,"player_choice":"Entered Light","damage_taken":16,"max_hp_gain":0,"max_hp_loss":0,"event_name":"Shining Light","floor":10,"gold_loss":0,"cards_upgraded":["Strike_R","Cleave"]},{"cards_removed":["Strike_R"],"damage_healed":0,"gold_gain":0,"player_choice":"Offered Basic","damage_taken":0,"max_hp_gain":0,"max_hp_loss":0,"event_name":"Bonfire Elementals","floor":14,"gold_loss":0},{"damage_healed":0,"gold_gain":0,"player_choice":"Got Potions","damage_taken":0,"max_hp_gain":0,"max_hp_loss":0,"event_name":"Lab","floor":25,"gold_loss":0},{"cards_removed":["Bash"],"damage_healed":0,"gold_gain":0,"player_choice":"Removed Attack","damage_taken":0,"max_hp_gain":0,"max_hp_loss":0,"event_name":"Falling","floor":38,"gold_loss":0},{"damage_healed":0,"gold_gain":0,"player_choice":"Fight","damage_taken":0,"max_hp_gain":0,"max_hp_loss":0,"event_name":"MindBloom","floor":47,"gold_loss":0}],"is_beta":false,"boss_relics":[{"not_picked":["Runic Pyramid","Eternal Feather"],"picked":"Sozu"},{"not_picked":["Velvet Choker","Pandora\u0027s Box"],"picked":"Cursed Key"}],"items_purged_floors":[19],"is_endless":false,"potions_floor_spawned":[1,6,12,18,29,44,48],"ascension_level":3}