{"gold_per_floor":[113,123,88,102,52,52,66,166,166,184,184,160,160,185,185,288,288,308,71,88,99,116,116,116,116,165,185,185,214,248,268,268,373,373,389,389,402,453,453,488,488,504,504,504,98,320,336,336,336,336,336,336,53,81,81],"floor_reached":56,"playtime":6669,"items_purged":[],"score":1195,"play_id":"f82ceb67-3018-4ef0-82d1-e3e46941df82","local_time":"20190203161359","is_ascension_mode":false,"campfire_choices":[{"data":"Armaments","floor":6,"key":"SMITH"},{"data":"Rampage","floor":11,"key":"SMITH"},{"data":"Flex","floor":13,"key":"SMITH"},{"data":"Shrug It Off","floor":15,"key":"SMITH"},{"floor":23,"key":"REST"},{"data":"Body Slam","floor":25,"key":"SMITH"},{"floor":28,"key":"REST"},{"floor":32,"key":"REST"},{"floor":41,"key":"REST"},{"floor":44,"key":"REST"},{"floor":49,"key":"RECALL"},{"data":"Entrench","floor":52,"key":"SMITH"}],"neow_cost":"CURSE","seed_source_timestamp":105241115404467,"circlet_count":0,"master_deck":["Bloodletting","Armaments+1","Rampage+1","Flame Barrier","Flex+1","Cleave","Sword Boomerang","Shrug It Off+1","Cleave","Barricade+1","Uppercut","Feel No Pain","Body Slam+1","Evolve","Blood for Blood","Fiend Fire","Demon Form","Entrench","Entrench+1","Metallicize","Shrug It Off","Offering","Seeing Red","Inflame","Warcry+1","Dark Embrace","Body Slam","Warcry+1","True Grit","Flame Barrier","Body Slam+1"],"relics":["Burning Blood","Mercury Hourglass","Question Card","Pandora\u0027s Box","Art of War","PreservedInsect","Pear","Red Mask","Philosopher\u0027s Stone","Dead Branch","Bottled Tornado","Frozen Egg 2","Bronze Scales","Oddly Smooth Stone","Mango"],"potions_floor_usage":[14,16,27,33,33,38,50,50,50,55,55],"damage_taken":[{"damage":13,"enemies":"Small Slimes","floor":1,"turns":3},{"damage":1,"enemies":"2 Louse","floor":2,"turns":5},{"damage":0,"enemies":"Cultist","floor":4,"turns":4},{"damage":8,"enemies":"Exordium Thugs","floor":7,"turns":5},{"damage":5,"enemies":"Lots of Slimes","floor":10,"turns":2},{"damage":13,"enemies":"Gremlin Nob","floor":14,"turns":3},{"damage":62,"enemies":"The Guardian","floor":16,"turns":11},{"damage":25,"enemies":"Spheric Guardian","floor":18,"turns":6},{"damage":18,"enemies":"Shell Parasite","floor":20,"turns":6},{"damage":14,"enemies":"Cultist and Chosen","floor":21,"turns":5},{"damage":22,"enemies":"Snake Plant","floor":22,"turns":5},{"damage":34,"enemies":"Centurion and Healer","floor":27,"turns":9},{"damage":49,"enemies":"Slavers","floor":29,"turns":4},{"damage":13,"enemies":"Masked Bandits","floor":30,"turns":4},{"damage":18,"enemies":"3 Cultists","floor":31,"turns":3},{"damage":24,"enemies":"Champ","floor":33,"turns":10},{"damage":17,"enemies":"3 Darklings","floor":35,"turns":7},{"damage":23,"enemies":"Orb Walker","floor":37,"turns":4},{"damage":41,"enemies":"2 Orb Walkers","floor":38,"turns":4},{"damage":16,"enemies":"Giant Head","floor":40,"turns":7},{"damage":21,"enemies":"Sphere and 2 Shapes","floor":42,"turns":5},{"damage":31,"enemies":"4 Shapes","floor":47,"turns":3},{"damage":33,"enemies":"Awakened One","floor":50,"turns":11},{"damage":23,"enemies":"Shield and Spear","floor":54,"turns":6},{"damage":70,"enemies":"The Heart","floor":55,"turns":9}],"seed_played":"347592740188692874","potions_obtained":[{"floor":4,"key":"Regen Potion"},{"floor":10,"key":"SteroidPotion"},{"floor":22,"key":"LiquidBronze"},{"floor":29,"key":"PowerPotion"},{"floor":31,"key":"Fruit Juice"},{"floor":33,"key":"AttackPotion"},{"floor":40,"key":"Ancient Potion"},{"floor":42,"key":"LiquidBronze"},{"floor":47,"key":"Block Potion"}],"is_trial":false,"path_per_floor":["M","M","$","M","?","R","M","?","T","M","R","$","R","E","R","B",null,"M","$","M","M","M","R","?","R","T","M","R","E","?","M","R","B",null,"M","?","M","?","?","E","R","M","T","R","$","?","M","?","R","B",null,"R","$","E","B",null],"character_chosen":"IRONCLAD","items_purchased":["Flame Barrier","Shrug It Off","Metallicize","Art of War","Frozen Egg 2","Bronze Scales","Oddly Smooth Stone","Block Potion","EssenceOfSteel"],"campfire_rested":5,"item_purchase_floors":[3,12,19,19,45,45,53,53,53],"current_hp_per_floor":[73,80,80,80,80,80,80,80,80,80,80,80,80,73,73,32,80,61,61,56,48,36,60,60,60,60,40,64,31,36,49,76,63,95,95,90,73,38,38,28,55,48,48,75,75,75,67,67,67,40,90,90,90,87,23],"gold":81,"neow_bonus":"TRANSFORM_TWO_CARDS","is_prod":false,"is_daily":false,"chose_seed":false,"campfire_upgraded":6,"win_rate":0,"timestamp":1549228439,"path_taken":["M","M","$","M","?","R","M","?","T","M","R","$","R","E","R","BOSS","M","$","?","M","M","R","?","R","T","?","R","E","?","M","R","BOSS","M","?","M","?","?","E","R","?","T","R","$","?","M","?","R","BOSS","R","$","E","BOSS"],"build_version":"2019-01-23","purchased_purges":0,"victory":true,"max_hp_per_floor":[80,80,80,80,80,80,80,80,80,80,80,80,80,80,80,80,80,80,80,80,80,80,80,80,80,80,80,80,90,90,90,90,95,95,95,90,90,90,90,90,90,90,90,90,90,90,90,90,90,90,90,90,90,104,104],"card_choices":[{"not_picked":["Warcry","Clash"],"picked":"Armaments","floor":1},{"not_picked":["Burning Pact","Second Wind"],"picked":"Rampage","floor":2},{"not_picked":["Pommel Strike","Infernal Blade"],"picked":"Flex","floor":4},{"not_picked":["Sword Boomerang","Clothesline"],"picked":"Cleave","floor":7},{"not_picked":["True Grit","Headbutt"],"picked":"Sword Boomerang","floor":10},{"not_picked":["Brutality","Anger"],"picked":"Cleave","floor":14},{"not_picked":["Impervious","Double Tap","Fiend Fire"],"picked":"Barricade","floor":16},{"not_picked":["Shrug It Off","Thunderclap+1","Sword Boomerang+1"],"picked":"Entrench","floor":18},{"not_picked":["Pommel Strike+1","Wild Strike","Sword Boomerang"],"picked":"Shrug It Off","floor":20},{"not_picked":["Cleave","Entrench","Intimidate"],"picked":"Offering","floor":21},{"not_picked":["Disarm","Shrug It Off","True Grit+1"],"picked":"Seeing Red","floor":22},{"not_picked":["Wild Strike","Clash+1","Bloodletting","Carnage"],"picked":"SKIP","floor":27},{"not_picked":["Burning Pact","Combust","Sword Boomerang"],"picked":"Inflame","floor":29},{"not_picked":["Berserk","Anger+1","Clash"],"picked":"Warcry+1","floor":31},{"not_picked":["Juggernaut","Demon Form","Bludgeon"],"picked":"Dark Embrace","floor":33},{"not_picked":["True Grit+1","Iron Wave","Sever Soul+1"],"picked":"Body Slam","floor":35},{"not_picked":["Armaments","Iron Wave+1","Thunderclap+1","Warcry"],"picked":"SKIP","floor":37},{"not_picked":["Cleave+1","Perfected Strike","Bludgeon"],"picked":"Warcry+1","floor":38},{"not_picked":["Shockwave+1","Perfected Strike+1","Pummel+1"],"picked":"True Grit","floor":40},{"not_picked":["Twin Strike","Clothesline","Evolve+1"],"picked":"Flame Barrier","floor":42},{"not_picked":["Wild Strike","Heavy Blade+1","Dual Wield","Battle Trance"],"picked":"SKIP","floor":47},{"not_picked":["Clash+1","Intimidate","Seeing Red"],"picked":"Body Slam+1","floor":54}],"player_experience":543094,"relics_obtained":[{"floor":9,"key":"Mercury Hourglass"},{"floor":14,"key":"Question Card"},{"floor":26,"key":"PreservedInsect"},{"floor":29,"key":"Pear"},{"floor":30,"key":"Red Mask"},{"floor":38,"key":"Dead Branch"},{"floor":40,"key":"Bottled Tornado"},{"floor":54,"key":"Mango"}],"event_choices":[{"cards_removed":["Clumsy"],"damage_healed":0,"gold_gain":0,"player_choice":"Card Removal","damage_taken":0,"max_hp_gain":0,"max_hp_loss":0,"event_name":"The Cleric","floor":5,"gold_loss":50},{"damage_healed":0,"gold_gain":100,"player_choice":"Gold","damage_taken":0,"max_hp_gain":0,"max_hp_loss":0,"event_name":"Wheel of Change","floor":8,"gold_loss":0},{"damage_healed":0,"gold_gain":0,"player_choice":"Ignored","damage_taken":0,"max_hp_gain":0,"max_hp_loss":0,"event_name":"NoteForYourself","floor":24,"gold_loss":0},{"damage_healed":0,"gold_gain":0,"player_choice":"Fought Bandits","damage_taken":0,"max_hp_gain":0,"max_hp_loss":0,"event_name":"Masked Bandits","floor":30,"gold_loss":0},{"damage_healed":0,"gold_gain":0,"player_choice":"Max HP","damage_taken":0,"max_hp_gain":0,"max_hp_loss":5,"event_name":"Winding Halls","floor":36,"gold_loss":0},{"damage_healed":0,"gold_gain":0,"player_choice":"Fight","damage_taken":0,"max_hp_gain":0,"max_hp_loss":0,"event_name":"Mysterious Sphere","floor":38,"gold_loss":0},{"damage_healed":0,"gold_gain":0,"player_choice":"Upgraded","damage_taken":0,"max_hp_gain":0,"max_hp_loss":0,"event_name":"Upgrade Shrine","floor":39,"gold_loss":0,"cards_upgraded":["Barricade"]},{"damage_healed":0,"gold_gain":222,"player_choice":"Wore Mask","damage_taken":0,"max_hp_gain":0,"max_hp_loss":0,"event_name":"Tomb of Lord Red Mask","floor":46,"gold_loss":0},{"cards_removed":["Reaper"],"damage_healed":0,"gold_gain":0,"player_choice":"Removed Attack","damage_taken":0,"max_hp_gain":0,"max_hp_loss":0,"event_name":"Falling","floor":48,"gold_loss":0}],"is_beta":false,"boss_relics":[{"not_picked":["Runic Cube","Snecko Eye"],"picked":"Pandora\u0027s Box"},{"not_picked":["Black Blood","Sozu"],"picked":"Philosopher\u0027s Stone"}],"items_purged_floors":[],"is_endless":false,"potions_floor_spawned":[4,10,22,29,31,33,40,42,47],"ascension_level":0}