{"gold_per_floor":[113,113,113,113,129,157,157,157,181,63,83,116,129,29,29,105,155,172,172,92,107,125,139,139,54,77,20,37,37,57,67,67,138,138,157,32,42,42,57,116,116,116,193,208,239,251,266,44,44,44,44],"floor_reached":52,"playtime":2519,"items_purged":["Strike_B","Strike_B","Defend_B","Defend_B"],"score":1998,"play_id":"fda30fc6-3bc4-47d9-b747-cd55d74405d0","local_time":"20190625111309","is_ascension_mode":true,"campfire_choices":[{"data":"Consume","floor":8.0,"key":"SMITH"},{"data":"Streamline","floor":15.0,"key":"SMITH"},{"floor":24.0,"key":"REST"},{"floor":32.0,"key":"REST"},{"data":"Coolheaded","floor":41.0,"key":"SMITH"},{"floor":49.0,"key":"REST"}],"neow_cost":"NONE","seed_source_timestamp":1966101121224683,"circlet_count":0,"master_deck":["AscendersBane","Defend_B","Defend_B+1","Zap","Dualcast+1","Conserve Battery","Streamline+1","Consume+1","Double Energy+1","Ball Lightning","Reinforced Body","Seek","Recycle","Redo+1","Multi-Cast","White Noise","Tempest","Coolheaded+1","Cold Snap","Compile Driver","Meteor Strike","Turbo","Core Surge","Skim","Reprogram+1","Machine Learning","Stack+1"],"special_seed":0,"relics":["Cracked Core","NeowsBlessing","Ice Cream","Anchor","Orichalcum","Regal Pillow","Tiny House","Bronze Scales","Omamori","Nuclear Battery","Tiny Chest","Smiling Mask","Bag of Preparation"],"potions_floor_usage":[51],"damage_taken":[{"damage":0.0,"enemies":"2 Louse","floor":1.0,"turns":1.0},{"damage":0.0,"enemies":"Small Slimes","floor":5.0,"turns":1.0},{"damage":0.0,"enemies":"3 Sentries","floor":6.0,"turns":1.0},{"damage":2.0,"enemies":"Jaw Worm","floor":11.0,"turns":2.0},{"damage":15.0,"enemies":"Lagavulin","floor":12.0,"turns":6.0},{"damage":9.0,"enemies":"Exordium Thugs","floor":13.0,"turns":4.0},{"damage":15.0,"enemies":"Hexaghost","floor":16.0,"turns":9.0},{"damage":14.0,"enemies":"3 Byrds","floor":18.0,"turns":6.0},{"damage":30.0,"enemies":"Chosen","floor":21.0,"turns":5.0},{"damage":13.0,"enemies":"Snecko","floor":22.0,"turns":5.0},{"damage":12.0,"enemies":"Sentry and Sphere","floor":23.0,"turns":4.0},{"damage":15.0,"enemies":"Shelled Parasite and Fungi","floor":28.0,"turns":7.0},{"damage":18.0,"enemies":"Snake Plant","floor":30.0,"turns":4.0},{"damage":11.0,"enemies":"Chosen and Byrds","floor":31.0,"turns":4.0},{"damage":28.0,"enemies":"Automaton","floor":33.0,"turns":8.0},{"damage":7.0,"enemies":"3 Darklings","floor":35.0,"turns":8.0},{"damage":0.0,"enemies":"3 Shapes","floor":37.0,"turns":2.0},{"damage":6.0,"enemies":"Writhing Mass","floor":39.0,"turns":5.0},{"damage":0.0,"enemies":"Giant Head","floor":40.0,"turns":5.0},{"damage":10.0,"enemies":"Transient","floor":44.0,"turns":6.0},{"damage":7.0,"enemies":"Nemesis","floor":45.0,"turns":3.0},{"damage":22.0,"enemies":"Jaw Worm Horde","floor":46.0,"turns":4.0},{"damage":0.0,"enemies":"Maw","floor":47.0,"turns":5.0},{"damage":34.0,"enemies":"Time Eater","floor":50.0,"turns":6.0},{"damage":8,"enemies":"Awakened One","floor":51,"turns":16}],"seed_played":"2425558215793497459","potions_obtained":[{"floor":5.0,"key":"Regen Potion"},{"floor":6.0,"key":"Dexterity Potion"},{"floor":13.0,"key":"Swift Potion"},{"floor":17.0,"key":"FocusPotion"},{"floor":22.0,"key":"GamblersBrew"},{"floor":28.0,"key":"Strength Potion"},{"floor":33.0,"key":"EssenceOfSteel"},{"floor":35.0,"key":"Swift Potion"},{"floor":39.0,"key":"SkillPotion"},{"floor":40.0,"key":"SteroidPotion"},{"floor":45.0,"key":"LiquidBronze"}],"is_trial":false,"path_per_floor":["M","?","?","?","M","E","?","R","T","$","M","E","M","$","R","B",null,"M","?","$","M","M","M","R","?","T","$","M","?","M","M","R","B",null,"M","$","M","$","M","E","R","?","T","M","E","M","M","$","R","B","B",null],"character_chosen":"DEFECT","items_purchased":["Double Energy","White Noise","Compile Driver","Bag of Preparation"],"campfire_rested":3,"item_purchase_floors":[10,20,27,48],"current_hp_per_floor":[64,43,66,66,66,66,61,61,61,61,59,44,35,35,35,20,63,49,49,49,19,20,8,45,45,45,45,30,30,12,1,38,10,60,53,53,53,53,47,47,47,47,47,37,30,8,8,8,45,11,3],"gold":44,"neow_bonus":"THREE_ENEMY_KILL","is_prod":false,"is_daily":false,"chose_seed":false,"campfire_upgraded":3,"win_rate":0,"timestamp":1561432389,"path_taken":["M","?","?","?","M","E","?","R","T","?","M","E","M","$","R","BOSS","M","?","$","?","M","M","R","?","T","?","M","?","M","M","R","BOSS","M","$","M","?","M","E","R","?","T","M","E","?","M","$","R","BOSS","BOSS"],"build_version":"2019-01-23","purchased_purges":4,"victory":true,"max_hp_per_floor":[71,71,71,71,71,71,71,71,71,71,71,71,71,71,71,71,76,76,76,76,76,76,76,76,76,76,76,76,76,76,76,76,76,76,76,76,76,76,76,76,76,76,76,76,76,76,76,76,76,76,76],"card_choices":[{"not_picked":["Hologram","Sweeping Beam"],"picked":"Conserve Battery","floor":1.0},{"not_picked":["Capacitor","Storm"],"picked":"Streamline","floor":5.0},{"not_picked":["Rip and Tear","Hyperbeam"],"picked":"Consume","floor":6.0},{"not_picked":["Stack","BootSequence","Consume"],"picked":"SKIP","floor":11.0},{"not_picked":["Sweeping Beam","Steam Power"],"picked":"Ball Lightning","floor":12.0},{"not_picked":["Ball Lightning","Aggregate"],"picked":"Reinforced Body","floor":13.0},{"not_picked":["Rainbow","All For One"],"picked":"Seek","floor":16.0},{"not_picked":["Sweeping Beam","Beam Cell"],"picked":"Recycle","floor":17.0},{"not_picked":["Force Field","Hello World"],"picked":"Redo+1","floor":18.0},{"not_picked":["Blizzard","Leap"],"picked":"Tempest","floor":21.0},{"not_picked":["Storm","Hello World"],"picked":"Coolheaded","floor":22.0},{"not_picked":["Beam Cell","Static Discharge"],"picked":"Cold Snap","floor":23.0},{"not_picked":["Genetic Algorithm","Blizzard","Steam"],"picked":"SKIP","floor":28.0},{"not_picked":["Steam","Barrage"],"picked":"Meteor Strike","floor":30.0},{"not_picked":["Ball Lightning","Go for the Eyes"],"picked":"Turbo","floor":31.0},{"not_picked":["Amplify","Hyperbeam"],"picked":"Core Surge","floor":33.0},{"not_picked":["Go for the Eyes","Barrage","Reinforced Body"],"picked":"SKIP","floor":35.0},{"not_picked":["Aggregate","Cold Snap"],"picked":"Skim","floor":37.0},{"not_picked":["Barrage+1","Tempest"],"picked":"Reprogram+1","floor":39.0},{"not_picked":["Multi-Cast","Compile Driver+1"],"picked":"Machine Learning","floor":40.0},{"not_picked":["Conserve Battery+1","Cold Snap","Ball Lightning"],"picked":"SKIP","floor":44.0},{"not_picked":["Go for the Eyes","Barrage","Genetic Algorithm+1"],"picked":"SKIP","floor":45.0},{"not_picked":["Cold Snap+1","Genetic Algorithm+1"],"picked":"Stack+1","floor":46.0},{"not_picked":["Melter","Steam","Recycle"],"picked":"SKIP","floor":47.0}],"player_experience":1992012,"relics_obtained":[{"floor":6.0,"key":"Ice Cream"},{"floor":9.0,"key":"Orichalcum"},{"floor":12.0,"key":"Regal Pillow"},{"floor":26.0,"key":"Omamori"},{"floor":40.0,"key":"Tiny Chest"},{"floor":45.0,"key":"Smiling Mask"}],"event_choices":[{"damage_healed":0.0,"max_hp_gain":0.0,"max_hp_loss":0.0,"gold_gain":0.0,"event_name":"Shining Light","player_choice":"Entered Light","floor":2.0,"gold_loss":0.0,"damage_taken":21.0,"cards_upgraded":["Defend_B","Dualcast"]},{"damage_healed":23.0,"max_hp_gain":0.0,"max_hp_loss":0.0,"gold_gain":0.0,"event_name":"Big Fish","player_choice":"Banana","floor":3.0,"gold_loss":0.0,"damage_taken":0.0},{"damage_healed":0.0,"max_hp_gain":0.0,"max_hp_loss":0.0,"gold_gain":0.0,"event_name":"Liars Game","player_choice":"Ignored","floor":4.0,"gold_loss":0.0,"damage_taken":0.0},{"damage_healed":0.0,"max_hp_gain":0.0,"max_hp_loss":0.0,"gold_gain":0.0,"event_name":"Scrap Ooze","player_choice":"Success","floor":7.0,"gold_loss":0.0,"damage_taken":5.0,"relics_obtained":["Anchor"]},{"damage_healed":0.0,"max_hp_gain":0.0,"max_hp_loss":0.0,"gold_gain":0.0,"cards_transformed":["Strike_B"],"event_name":"Transmorgrifier","player_choice":"Transformed","floor":19.0,"gold_loss":0.0,"damage_taken":0.0,"cards_obtained":["Multi-Cast"]},{"damage_healed":0.0,"max_hp_gain":0.0,"max_hp_loss":0.0,"gold_gain":0.0,"event_name":"Addict","player_choice":"Obtained Relic","floor":25.0,"gold_loss":85.0,"damage_taken":0.0,"relics_obtained":["Bronze Scales"]},{"cards_removed":["Strike_B"],"damage_healed":0.0,"max_hp_gain":0.0,"max_hp_loss":0.0,"gold_gain":0.0,"event_name":"Purifier","player_choice":"Purged","floor":29.0,"gold_loss":0.0,"damage_taken":0.0},{"damage_healed":0.0,"max_hp_gain":0.0,"max_hp_loss":0.0,"gold_gain":0.0,"event_name":"Wheel of Change","player_choice":"Cursed","floor":42.0,"gold_loss":0.0,"damage_taken":0.0,"cards_obtained":["Decay"]}],"is_beta":false,"boss_relics":[{"not_picked":["Coffee Dripper","Eternal Feather"],"picked":"Tiny House"},{"not_picked":["Runic Dome","Pandora\u0027s Box"],"picked":"Nuclear Battery"}],"items_purged_floors":[10,14,36,48],"is_endless":false,"potions_floor_spawned":[5,6,13,18,22,28,33,35,39,40,45],"ascension_level":20}