{"gold_per_floor":[113,123,48,123,143,143,143,178,178,178,211,255,255,275,275,365,365,389,389,403,38,88,88,106,106,106,106,139,39,39,59,59,149,149,165,188,188,201,224,224,257,280,303,303,344,469,107,141,141,141,141,141,141,21,65,65],"floor_reached":57,"playtime":2777,"items_purged":["Strike_G","Strike_G","Bane+1","Deadly Poison+1"],"score":3157,"play_id":"980795f9-d131-4f64-a009-e0e762b9f601","local_time":"20190717092308","is_ascension_mode":true,"campfire_choices":[{"data":"Neutralize","floor":6.0,"key":"SMITH"},{"floor":13.0,"key":"REST"},{"data":"Bane","floor":15.0,"key":"SMITH"},{"floor":23.0,"key":"REST"},{"floor":25.0,"key":"REST"},{"floor":32.0,"key":"RECALL"},{"floor":44.0,"key":"REST"},{"floor":49.0,"key":"REST"},{"floor":53.0,"key":"REST"}],"neow_cost":"TEN_PERCENT_HP_LOSS","seed_source_timestamp":0,"circlet_count":0,"master_deck":["AscendersBane","Defend_G","Defend_G","Survivor","Neutralize+1","Endless Agony","Noxious Fumes+1","Adrenaline+1","Corpse Explosion+1","Backflip+1","Madness+1","Venomology+1","Catalyst+1","Impatience+1","Meteor Strike","Prepared+1","Calculated Gamble+1","Escape Plan+1","White Noise+1","All For One","Reflex+1","Havoc+1","Warcry+1","Tactician+1","Footwork+1","Grand Finale"],"special_seed":0,"relics":["Ring of the Snake","Tough Bandages","Frozen Egg 2","Tingsha","Golden Idol","Odd Mushroom","Toxic Egg 2","Fusion Hammer","PrismaticShard","Bottled Lightning","Bottled Tornado","Astrolabe","The Courier","Ornamental Fan","The Specimen","Pear","Bronze Scales"],"potions_floor_usage":[56,56],"damage_taken":[{"damage":3.0,"enemies":"Cultist","floor":1.0,"turns":5.0},{"damage":4.0,"enemies":"Small Slimes","floor":2.0,"turns":4.0},{"damage":0.0,"enemies":"2 Louse","floor":5.0,"turns":3.0},{"damage":34.0,"enemies":"3 Sentries","floor":8.0,"turns":11.0},{"damage":0.0,"enemies":"The Mushroom Lair","floor":11.0,"turns":4.0},{"damage":5.0,"enemies":"Lagavulin","floor":12.0,"turns":7.0},{"damage":5.0,"enemies":"2 Fungi Beasts","floor":14.0,"turns":3.0},{"damage":10.0,"enemies":"Slime Boss","floor":16.0,"turns":7.0},{"damage":9.0,"enemies":"2 Thieves","floor":18.0,"turns":3.0},{"damage":10.0,"enemies":"Shell Parasite","floor":20.0,"turns":4.0},{"damage":0.0,"enemies":"Cultist and Chosen","floor":24.0,"turns":3.0},{"damage":0.0,"enemies":"Gremlin Leader","floor":28.0,"turns":2.0},{"damage":0.0,"enemies":"Snecko","floor":31.0,"turns":3.0},{"damage":38.0,"enemies":"Collector","floor":33.0,"turns":7.0},{"damage":0.0,"enemies":"Orb Walker","floor":35.0,"turns":2.0},{"damage":0.0,"enemies":"3 Darklings","floor":36.0,"turns":1.0},{"damage":0.0,"enemies":"Transient","floor":38.0,"turns":5.0},{"damage":0.0,"enemies":"4 Shapes","floor":39.0,"turns":2.0},{"damage":0.0,"enemies":"Giant Head","floor":41.0,"turns":4.0},{"damage":0.0,"enemies":"Jaw Worm Horde","floor":42.0,"turns":2.0},{"damage":19.0,"enemies":"Nemesis","floor":45.0,"turns":5.0},{"damage":5.0,"enemies":"Mind Bloom Boss Battle","floor":46.0,"turns":3.0},{"damage":3.0,"enemies":"Reptomancer","floor":48.0,"turns":4.0},{"damage":11.0,"enemies":"Donu and Deca","floor":50.0,"turns":4.0},{"damage":0.0,"enemies":"Time Eater","floor":51.0,"turns":9.0},{"damage":0.0,"enemies":"Shield and Spear","floor":55.0,"turns":2.0},{"damage":52,"enemies":"The Heart","floor":56,"turns":7}],"seed_played":"6915087468821495932","potions_obtained":[{"floor":2.0,"key":"PowerPotion"},{"floor":5.0,"key":"EssenceOfSteel"},{"floor":14.0,"key":"FearPotion"},{"floor":16.0,"key":"Swift Potion"},{"floor":24.0,"key":"Fruit Juice"},{"floor":31.0,"key":"EssenceOfSteel"},{"floor":33.0,"key":"Ancient Potion"},{"floor":35.0,"key":"Energy Potion"}],"is_trial":false,"path_per_floor":["M","M","$","?","M","R","?","E","T","?","?","E","R","M","R","B",null,"M","?","M","$","?","R","M","R","T","?","E","$","?","M","R","B",null,"M","M","?","M","M","?","E","M","T","R","E","?","$","E","R","B","B",null,"R","$","E","B",null],"character_chosen":"THE_SILENT","items_purchased":["PrismaticShard","Backflip+1","Impatience+1","Tactician+1","Footwork+1","Grand Finale"],"campfire_rested":6,"item_purchase_floors":[21,21,29,47,47,47],"current_hp_per_floor":[56,52,52,41,41,41,41,7,7,7,7,2,18,13,13,3,41,32,32,22,22,22,38,38,54,54,54,54,54,54,59,59,21,50,50,50,50,50,50,50,50,50,50,56,37,32,32,39,58,47,47,61,66,66,66,14],"gold":65,"neow_bonus":"ONE_RARE_RELIC","is_prod":false,"is_daily":false,"chose_seed":false,"campfire_upgraded":2,"win_rate":0,"timestamp":1563326588,"path_taken":["M","?","$","?","M","R","?","E","T","?","?","E","R","?","R","BOSS","M","?","M","$","?","R","M","R","T","?","E","$","?","M","R","BOSS","M","?","?","M","?","?","E","M","T","R","E","?","$","E","R","BOSS","BOSS","R","$","E","BOSS"],"build_version":"2019-07-05","purchased_purges":4,"victory":true,"max_hp_per_floor":[60,60,60,60,60,60,60,60,60,54,54,54,54,54,54,54,54,54,54,54,54,54,54,54,54,54,54,54,54,54,59,59,59,59,59,59,59,59,59,56,56,56,56,56,56,56,56,66,66,66,66,66,66,66,66,66],"card_choices":[{"not_picked":["Deflect","Riddle With Holes"],"picked":"Deadly Poison","floor":1.0},{"not_picked":["Caltrops","PiercingWail"],"picked":"Poisoned Stab","floor":2.0},{"not_picked":["Poisoned Stab","Flying Knee"],"picked":"Bane","floor":5.0},{"not_picked":["Riddle With Holes","Concentrate"],"picked":"Noxious Fumes","floor":8.0},{"not_picked":["Backflip","Acrobatics"],"picked":"Adrenaline","floor":12.0},{"not_picked":["Slice","Poisoned Stab","Predator"],"picked":"SKIP","floor":14.0},{"not_picked":["Envenom+1","A Thousand Cuts+1"],"picked":"Corpse Explosion+1","floor":16.0},{"not_picked":["Sucker Punch+1","Caltrops+1","Dagger Spray"],"picked":"SKIP","floor":18.0},{"not_picked":["Outmaneuver+1","Poisoned Stab","Underhanded Strike"],"picked":"SKIP","floor":20.0},{"not_picked":["Heavy Blade","Scrape"],"picked":"Madness+1","floor":24.0},{"not_picked":["Beam Cell","Cold Snap","Armaments+1"],"picked":"SKIP","floor":28.0},{"not_picked":["Thunderclap","Madness+1","Setup+1"],"picked":"SKIP","floor":31.0},{"not_picked":["Fission+1","Glass Knife"],"picked":"Meteor Strike","floor":33.0},{"not_picked":["Clash","Cold Snap"],"picked":"White Noise+1","floor":35.0},{"not_picked":["Body Slam","Sweeping Beam"],"picked":"All For One","floor":36.0},{"not_picked":["Quick Slash","Cleave+1","Darkness+1"],"picked":"SKIP","floor":38.0},{"not_picked":["Dagger Spray","Whirlwind"],"picked":"Reflex+1","floor":39.0},{"not_picked":["Power Through+1","Electrodynamics+1"],"picked":"Havoc+1","floor":41.0},{"not_picked":["Stack+1","Shrug It Off+1","Wild Strike+1"],"picked":"SKIP","floor":42.0},{"not_picked":["Compile Driver","Caltrops+1","The Bomb+1"],"picked":"SKIP","floor":45.0},{"not_picked":["Cleave","Headbutt"],"picked":"Warcry+1","floor":46.0},{"not_picked":["Underhanded Strike","Wild Strike","Trip+1"],"picked":"SKIP","floor":48.0},{"not_picked":["Streamline","Footwork+1","Leap+1"],"picked":"SKIP","floor":55.0}],"player_experience":2022061,"relics_obtained":[{"floor":8.0,"key":"Frozen Egg 2"},{"floor":9.0,"key":"Tingsha"},{"floor":11.0,"key":"Odd Mushroom"},{"floor":12.0,"key":"Toxic Egg 2"},{"floor":26.0,"key":"Bottled Lightning"},{"floor":28.0,"key":"Bottled Tornado"},{"floor":41.0,"key":"The Courier"},{"floor":45.0,"key":"Ornamental Fan"},{"floor":46.0,"key":"The Specimen"},{"floor":48.0,"key":"Pear"},{"floor":55.0,"key":"Bronze Scales"}],"event_choices":[{"damage_healed":0.0,"max_hp_gain":0.0,"max_hp_loss":0.0,"gold_gain":75.0,"event_name":"World of Goop","player_choice":"Gather Gold","floor":4.0,"gold_loss":0.0,"damage_taken":11.0},{"damage_healed":0.0,"max_hp_gain":0.0,"max_hp_loss":0.0,"gold_gain":0.0,"cards_transformed":["Strike_G"],"event_name":"Living Wall","player_choice":"Change","floor":7.0,"gold_loss":0.0,"damage_taken":0.0,"cards_obtained":["Endless Agony"]},{"damage_healed":0.0,"max_hp_gain":0.0,"max_hp_loss":6.0,"gold_gain":0.0,"event_name":"Golden Idol","player_choice":"Lose Max HP","floor":10.0,"gold_loss":0.0,"damage_taken":0.0,"relics_obtained":["Golden Idol"]},{"damage_healed":0.0,"max_hp_gain":0.0,"max_hp_loss":0.0,"gold_gain":0.0,"event_name":"Mushrooms","player_choice":"Fought Mushrooms","floor":11.0,"gold_loss":0.0,"damage_taken":0.0},{"damage_healed":0.0,"max_hp_gain":0.0,"max_hp_loss":0.0,"gold_gain":0.0,"event_name":"Cursed Tome","player_choice":"Ignored","floor":19.0,"gold_loss":0.0,"damage_taken":0.0},{"damage_healed":0.0,"max_hp_gain":0.0,"max_hp_loss":0.0,"gold_gain":50.0,"event_name":"Nest","player_choice":"Stole From Cult","floor":22.0,"gold_loss":0.0,"damage_taken":0.0},{"damage_healed":0.0,"max_hp_gain":0.0,"max_hp_loss":0.0,"gold_gain":0.0,"cards_transformed":["Strike_G","Strike_G"],"event_name":"Drug Dealer","player_choice":"Became Test Subject","floor":27.0,"gold_loss":0.0,"damage_taken":0.0,"cards_obtained":["Venomology","Catalyst"]},{"damage_healed":0.0,"max_hp_gain":0.0,"max_hp_loss":0.0,"gold_gain":0.0,"event_name":"Upgrade Shrine","player_choice":"Upgraded","floor":30.0,"gold_loss":0.0,"damage_taken":0.0,"cards_upgraded":["Deadly Poison"]},{"cards_removed":["Poisoned Stab"],"damage_healed":0.0,"max_hp_gain":0.0,"max_hp_loss":0.0,"gold_gain":0.0,"event_name":"Purifier","player_choice":"Purged","floor":37.0,"gold_loss":0.0,"damage_taken":0.0},{"damage_healed":0.0,"max_hp_gain":0.0,"max_hp_loss":3.0,"gold_gain":0.0,"event_name":"Winding Halls","player_choice":"Max HP","floor":40.0,"gold_loss":0.0,"damage_taken":0.0},{"damage_healed":0.0,"max_hp_gain":0.0,"max_hp_loss":0.0,"gold_gain":0.0,"event_name":"MindBloom","player_choice":"Fight","floor":46.0,"gold_loss":0.0,"damage_taken":0.0}],"is_beta":false,"boss_relics":[{"not_picked":["Sozu","Calling Bell"],"picked":"Fusion Hammer"},{"not_picked":["Lizard Tail","Cursed Key"],"picked":"Astrolabe"}],"items_purged_floors":[3,21,47,54],"is_endless":false,"potions_floor_spawned":[2,5,14,16,24,31,33,35,38,45],"ascension_level":20}