{"gold_per_floor":[118,138,138,148,20,51,51,70,70,100,100,100,100,0,0,96,96,112,112,100,100,100],"floor_reached":22,"playtime":876,"items_purged":["Defend_R","Strike_R"],"score":288,"play_id":"ab8a8bcc-02c7-49b4-b91c-43f37ca09608","local_time":"20190803110827","is_ascension_mode":true,"campfire_choices":[{"floor":7,"key":"REST"},{"floor":12,"key":"REST"},{"floor":15,"key":"REST"}],"neow_cost":"NONE","seed_source_timestamp":860601356651023,"circlet_count":0,"master_deck":["AscendersBane","Strike_R","Strike_R","Strike_R","Defend_R","Defend_R","Defend_R","Bash","Flex","Heavy Blade","Flame Barrier","Shrug It Off","Pommel Strike","Offering","Dual Wield+1"],"relics":["Burning Blood","NeowsBlessing","Oddly Smooth Stone","Mercury Hourglass","StoneCalendar","Lantern","Lizard Tail"],"potions_floor_usage":[6,10],"damage_taken":[{"damage":0,"enemies":"Cultist","floor":1,"turns":1},{"damage":0,"enemies":"Small Slimes","floor":2,"turns":1},{"damage":0,"enemies":"Jaw Worm","floor":4,"turns":1},{"damage":57,"enemies":"Gremlin Nob","floor":6,"turns":6},{"damage":6,"enemies":"Blue Slaver","floor":8,"turns":4},{"damage":11,"enemies":"3 Sentries","floor":10,"turns":6},{"damage":9,"enemies":"The Guardian","floor":16,"turns":12},{"damage":0,"enemies":"Chosen","floor":18,"turns":6},{"damage":13,"enemies":"2 Thieves","floor":20,"turns":4},{"damage":23,"enemies":"Centurion and Healer","floor":22,"turns":3}],"seed_played":"-2819421911660721071","potions_obtained":[{"floor":2,"key":"Explosive Potion"},{"floor":6,"key":"Energy Potion"},{"floor":16,"key":"Dexterity Potion"},{"floor":18,"key":"Swift Potion"},{"floor":20,"key":"BloodPotion"}],"is_trial":false,"path_per_floor":["M","M","?","M","$","E","R","M","T","E","?","R","?","$","R","B",null,"M","$","M","$","M"],"character_chosen":"IRONCLAD","items_purchased":["Shrug It Off"],"campfire_rested":3,"item_purchase_floors":[5],"current_hp_per_floor":[78,80,72,78,78,27,51,51,51,46,28,52,52,52,76,73,78,80,80,73,73,50],"gold":100,"neow_bonus":"THREE_ENEMY_KILL","is_prod":false,"is_daily":false,"chose_seed":false,"campfire_upgraded":0,"win_rate":0,"timestamp":1564844907,"path_taken":["M","M","?","M","$","E","R","?","T","E","?","R","?","$","R","BOSS","M","$","?","$","?"],"build_version":"2019-07-17","purchased_purges":2,"victory":false,"max_hp_per_floor":[80,80,80,80,80,80,80,80,80,80,80,80,80,80,80,80,80,80,80,80,80,80],"card_choices":[{"not_picked":["Cleave","Clothesline"],"picked":"Flex","floor":1},{"not_picked":["Power Through","Infernal Blade"],"picked":"Heavy Blade","floor":2},{"not_picked":["Carnage","Ghostly Armor"],"picked":"Flame Barrier","floor":4},{"not_picked":["Thunderclap","Clothesline","Havoc"],"picked":"SKIP","floor":6},{"not_picked":["Clothesline","Twin Strike"],"picked":"Pommel Strike","floor":8},{"not_picked":["Clothesline","Iron Wave","Clash"],"picked":"SKIP","floor":10},{"not_picked":["Brutality","Exhume"],"picked":"Offering","floor":16},{"not_picked":["Havoc+1","Intimidate","Twin Strike"],"picked":"SKIP","floor":18},{"not_picked":["Clash","Anger"],"picked":"Dual Wield+1","floor":20}],"player_experience":1121246,"relics_obtained":[{"floor":6,"key":"Oddly Smooth Stone"},{"floor":9,"key":"Mercury Hourglass"},{"floor":10,"key":"StoneCalendar"}],"event_choices":[{"damage_healed":0,"gold_gain":0,"player_choice":"Damaged","damage_taken":8,"max_hp_gain":0,"max_hp_loss":0,"event_name":"Wheel of Change","floor":3,"gold_loss":0},{"damage_healed":0,"gold_gain":0,"player_choice":"Success","damage_taken":18,"relics_obtained":["Lantern"],"max_hp_gain":0,"max_hp_loss":0,"event_name":"Scrap Ooze","floor":11,"gold_loss":0},{"cards_removed":["Strike_R"],"damage_healed":0,"gold_gain":0,"player_choice":"Offered Basic","damage_taken":0,"max_hp_gain":0,"max_hp_loss":0,"event_name":"Bonfire Elementals","floor":13,"gold_loss":0}],"is_beta":false,"boss_relics":[{"not_picked":["Fusion Hammer","Runic Cube"],"picked":"Lizard Tail"}],"items_purged_floors":[5,14],"is_endless":false,"potions_floor_spawned":[2,6,16,18,20],"killed_by":"Centurion and Healer","ascension_level":10}