{"gold_per_floor":[109,109,34,49,49,66,83,7,7,7,19,19],"floor_reached":12,"playtime":263,"items_purged":["Strike_R"],"score":140,"play_id":"b8c354d6-fdfb-47e3-a914-f5c8f952009f","local_time":"20190625001414","is_ascension_mode":true,"campfire_choices":[],"neow_cost":"NONE","seed_source_timestamp":1932913248052460,"circlet_count":0,"master_deck":["AscendersBane","Strike_R","Strike_R","Strike_R+1","Strike_R","Defend_R","Defend_R","Defend_R","Defend_R","Bash","Body Slam","Burning Pact+1","Immolate","True Grit","Shrug It Off","Battle Trance","Armaments","Evolve"],"relics":["Orrery","Ancient Tea Set"],"potions_floor_usage":[7,11,12],"damage_taken":[{"damage":0,"enemies":"2 Louse","floor":1,"turns":2},{"damage":9,"enemies":"Jaw Worm","floor":4,"turns":7},{"damage":5,"enemies":"Small Slimes","floor":6,"turns":5},{"damage":12,"enemies":"Exordium Wildlife","floor":7,"turns":3},{"damage":6,"enemies":"2 Fungi Beasts","floor":11,"turns":3},{"damage":8,"enemies":"Gremlin Nob","floor":12,"turns":3}],"seed_played":"517919461570913256","potions_obtained":[{"floor":1,"key":"FearPotion"},{"floor":7,"key":"SkillPotion"},{"floor":11,"key":"SkillPotion"}],"is_trial":false,"path_per_floor":["M","?","$","M","?","M","M","$","T","$","M","E"],"character_chosen":"IRONCLAD","items_purchased":["Evolve"],"campfire_rested":0,"item_purchase_floors":[8],"current_hp_per_floor":[68,45,45,36,36,31,19,19,19,19,13,5],"gold":19,"neow_bonus":"BOSS_RELIC","is_prod":false,"is_daily":false,"chose_seed":false,"campfire_upgraded":0,"win_rate":0,"timestamp":1561392854,"path_taken":["M","?","$","M","?","M","M","$","T","?","M","E"],"build_version":"2019-01-23","purchased_purges":1,"victory":false,"max_hp_per_floor":[75,75,75,75,75,75,75,75,75,75,75,75],"card_choices":[{"not_picked":["Sever Soul","Infernal Blade"],"picked":"Body Slam","floor":0},{"not_picked":["Flex","Infernal Blade"],"picked":"Burning Pact","floor":0},{"not_picked":["Flame Barrier","Twin Strike"],"picked":"Immolate","floor":0},{"not_picked":["Clothesline","Twin Strike"],"picked":"True Grit","floor":1},{"not_picked":["Flex","Entrench"],"picked":"Shrug It Off","floor":4},{"not_picked":["Iron Wave","Sword Boomerang"],"picked":"Battle Trance","floor":6},{"not_picked":["Flex","Corruption"],"picked":"Armaments","floor":7},{"not_picked":["Limit Break","True Grit","Heavy Blade"],"picked":"SKIP","floor":11}],"player_experience":1988496,"relics_obtained":[{"floor":9,"key":"Ancient Tea Set"}],"event_choices":[{"damage_healed":0,"gold_gain":0,"player_choice":"Entered Light","damage_taken":23,"max_hp_gain":0,"max_hp_loss":0,"event_name":"Shining Light","floor":2,"gold_loss":0,"cards_upgraded":["Strike_R","Burning Pact"]},{"damage_healed":0,"gold_gain":0,"player_choice":"Leave","damage_taken":0,"max_hp_gain":0,"max_hp_loss":0,"event_name":"The Cleric","floor":5,"gold_loss":0}],"is_beta":false,"boss_relics":[],"items_purged_floors":[3],"is_endless":false,"potions_floor_spawned":[1,7,11],"killed_by":"Gremlin Nob","ascension_level":20}