{"gold_per_floor":[10,24,24,24,37,37,78,78,78,113,113,113,137,168,168,168],"floor_reached":16,"playtime":499,"items_purged":[],"score":236,"play_id":"d8e45679-6a46-47a5-b63f-ab78c7c827fd","local_time":"20190622161242","is_ascension_mode":true,"campfire_choices":[{"data":"Choke","floor":6.0,"key":"SMITH"},{"data":"Tactician","floor":8.0,"key":"SMITH"},{"data":"Neutralize","floor":11.0,"key":"SMITH"},{"data":"Caltrops","floor":15.0,"key":"SMITH"}],"neow_cost":"NO_GOLD","seed_source_timestamp":1730401561184878,"circlet_count":0,"master_deck":["AscendersBane","Defend_G","Defend_G","Defend_G","Defend_G","Defend_G","Strike_G","Strike_G","Strike_G","Survivor","Neutralize+1","Adrenaline+1","Flying Knee","Choke+1","Tactician+1","PiercingWail","Caltrops+1"],"special_seed":0,"relics":["Ring of the Snake","Golden Idol","Bottled Lightning","Paper Crane","Vajra","Singing Bowl"],"potions_floor_usage":[16],"damage_taken":[{"damage":0.0,"enemies":"Cultist","floor":1.0,"turns":4.0},{"damage":0.0,"enemies":"2 Louse","floor":2.0,"turns":3.0},{"damage":0.0,"enemies":"Small Slimes","floor":5.0,"turns":3.0},{"damage":6.0,"enemies":"Gremlin Nob","floor":7.0,"turns":3.0},{"damage":28.0,"enemies":"Lagavulin","floor":10.0,"turns":7.0},{"damage":0.0,"enemies":"Looter","floor":13.0,"turns":4.0},{"damage":15.0,"enemies":"3 Sentries","floor":14.0,"turns":9.0},{"damage":13,"enemies":"Hexaghost","floor":16,"turns":7}],"seed_played":"-6107453063770875068","potions_obtained":[{"floor":1.0,"key":"LiquidBronze"},{"floor":5.0,"key":"Fire Potion"},{"floor":10.0,"key":"FearPotion"}],"is_trial":false,"path_per_floor":["M","M","$","?","M","R","E","R","T","E","R","?","M","E","R","B"],"character_chosen":"THE_SILENT","items_purchased":[],"campfire_rested":0,"item_purchase_floors":[],"current_hp_per_floor":[59,59,59,59,59,59,53,53,53,25,25,25,25,10,10,0],"gold":168,"neow_bonus":"TRANSFORM_TWO_CARDS","is_prod":false,"is_daily":false,"chose_seed":false,"campfire_upgraded":4,"win_rate":0,"timestamp":1561191162,"path_taken":["M","M","$","?","M","R","E","R","T","E","R","?","?","E","R","BOSS"],"build_version":"2019-01-23","purchased_purges":0,"victory":false,"max_hp_per_floor":[66,66,66,60,60,60,60,60,60,60,60,60,60,60,60,60],"card_choices":[{"not_picked":["Deflect","Dodge and Roll","Dagger Spray"],"picked":"SKIP","floor":1.0},{"not_picked":["Leg Sweep","Endless Agony"],"picked":"Choke","floor":2.0},{"not_picked":["Flying Knee","Deflect"],"picked":"Tactician","floor":5.0},{"not_picked":["Blade Dance","Crippling Poison"],"picked":"PiercingWail","floor":7.0},{"not_picked":["Storm of Steel","All Out Attack","Bane"],"picked":"SKIP","floor":10.0},{"not_picked":["Setup","Distraction","Flechettes"],"picked":"SKIP","floor":13.0},{"not_picked":["Backflip","Deadly Poison"],"picked":"Caltrops","floor":14.0}],"player_experience":1975368,"relics_obtained":[{"floor":7.0,"key":"Bottled Lightning"},{"floor":9.0,"key":"Paper Crane"},{"floor":10.0,"key":"Vajra"},{"floor":14.0,"key":"Singing Bowl"}],"event_choices":[{"damage_healed":0.0,"max_hp_gain":0.0,"max_hp_loss":6.0,"gold_gain":0.0,"event_name":"Golden Idol","player_choice":"Lose Max HP","floor":4.0,"gold_loss":0.0,"damage_taken":0.0,"relics_obtained":["Golden Idol"]},{"damage_healed":0.0,"max_hp_gain":0.0,"max_hp_loss":0.0,"gold_gain":0.0,"event_name":"Upgrade Shrine","player_choice":"Upgraded","floor":12.0,"gold_loss":0.0,"damage_taken":0.0,"cards_upgraded":["Adrenaline"]}],"is_beta":false,"boss_relics":[],"items_purged_floors":[],"is_endless":false,"potions_floor_spawned":[1,5,10],"killed_by":"Hexaghost","ascension_level":20}