{"gold_per_floor":[118,128,128,2,17,17,43,43,95,123,141,141,161,176,176,254,254,273,273,198,215,231,231,243,243,293,309,309,337,356,385,385,464,464,474,239,250,267,1266,1266,1266,465,465,465,490,490,503,158,158,158,158,158,158,28,55,55],"floor_reached":57,"playtime":2626,"items_purged":["Pain","Melter","Normality","Normality"],"score":2964,"play_id":"c73be649-baa5-40da-8a97-e28d6a1907e7","local_time":"20190621144449","is_ascension_mode":true,"campfire_choices":[{"data":"Zap","floor":6,"key":"SMITH"},{"data":"Beam Cell","floor":8,"key":"SMITH"},{"data":"Dualcast","floor":12,"key":"SMITH"},{"data":"Coolheaded","floor":15,"key":"SMITH"},{"data":"Heatsinks","floor":23,"key":"SMITH"},{"data":"Fission","floor":25,"key":"SMITH"},{"data":"Coolheaded","floor":28,"key":"SMITH"},{"data":"Coolheaded","floor":32,"key":"SMITH"},{"data":"Aggregate","floor":40,"key":"SMITH"},{"data":"Seek","floor":44,"key":"SMITH"},{"floor":46,"key":"RECALL"},{"data":"Turbo","floor":49,"key":"SMITH"},{"data":"Hologram","floor":53,"key":"SMITH"}],"neow_cost":"TEN_PERCENT_HP_LOSS","seed_source_timestamp":1637026237078323,"circlet_count":0,"master_deck":["AscendersBane","Zap+1","Dualcast+1","Hologram+1","Turbo+1","Seek+1","Self Repair","Beam Cell+1","Heatsinks+1","Ball Lightning","Glacier","Coolheaded+1","Undo+1","Biased Cognition","Compile Driver","Stack+1","BootSequence","Tempest","Multi-Cast","Aggregate+1","Coolheaded+1","Compile Driver","Turbo+1","Coolheaded+1","Go for the Eyes+1","Fission+1","Sunder","Storm","Recycle+1","Thunder Strike","Loop","Storm","Conserve Battery+1","Undo+1","Discovery+1","Flash of Steel","Coolheaded+1","Machine Learning","Undo+1","Reinforced Body+1","Storm","Turbo+1","Storm","All For One","Coolheaded+1","Amplify+1"],"special_seed":0,"relics":["Cracked Core","Emotion Chip","Blood Vial","Ancient Tea Set","Gremlin Horn","Pandora\u0027s Box","WarpedTongs","War Paint","Toxic Egg 2","Oddly Smooth Stone","Black Star","Bottled Tornado","Gambling Chip","Letter Opener","Membership Card","Torii","Bag of Preparation"],"potions_floor_usage":[7,16,16,31,37,42,56,56],"damage_taken":[{"damage":1.0,"enemies":"Cultist","floor":1.0,"turns":3.0},{"damage":0.0,"enemies":"2 Louse","floor":2.0,"turns":3.0},{"damage":12,"enemies":"Small Slimes","floor":5,"turns":2},{"damage":8,"enemies":"Gremlin Nob","floor":7,"turns":3},{"damage":35,"enemies":"3 Sentries","floor":10,"turns":7},{"damage":2,"enemies":"3 Louse","floor":11,"turns":3},{"damage":9,"enemies":"Exordium Thugs","floor":13,"turns":4},{"damage":0,"enemies":"Gremlin Gang","floor":14,"turns":5},{"damage":5,"enemies":"The Guardian","floor":16,"turns":10},{"damage":6,"enemies":"2 Thieves","floor":18,"turns":3},{"damage":31,"enemies":"3 Byrds","floor":21,"turns":3},{"damage":1,"enemies":"3 Cultists","floor":22,"turns":4},{"damage":10,"enemies":"Snecko","floor":24,"turns":5},{"damage":1,"enemies":"Shelled Parasite and Fungi","floor":27,"turns":4},{"damage":4,"enemies":"Book of Stabbing","floor":29,"turns":4},{"damage":0,"enemies":"Centurion and Healer","floor":30,"turns":2},{"damage":9,"enemies":"Gremlin Leader","floor":31,"turns":4},{"damage":9,"enemies":"Automaton","floor":33,"turns":5},{"damage":0,"enemies":"3 Shapes","floor":35,"turns":2},{"damage":0,"enemies":"3 Darklings","floor":37,"turns":3},{"damage":26,"enemies":"Spire Growth","floor":38,"turns":4},{"damage":0,"enemies":"Reptomancer","floor":45,"turns":3},{"damage":0,"enemies":"Maw","floor":47,"turns":4},{"damage":0,"enemies":"Donu and Deca","floor":50,"turns":3},{"damage":17,"enemies":"Awakened One","floor":51,"turns":4},{"damage":0,"enemies":"Shield and Spear","floor":55,"turns":2},{"damage":58,"enemies":"The Heart","floor":56,"turns":7}],"seed_played":"1997041420223311687","potions_obtained":[{"floor":5,"key":"Swift Potion"},{"floor":10,"key":"Ancient Potion"},{"floor":13,"key":"LiquidBronze"},{"floor":14,"key":"SteroidPotion"},{"floor":21,"key":"Energy Potion"},{"floor":22,"key":"Regen Potion"}],"is_trial":false,"path_per_floor":["M","M","?","$","M","R","E","R","T","E","M","R","M","M","R","B",null,"M","?","$","M","M","R","M","R","T","M","R","E","M","E","R","B",null,"M","$","M","M","?","R","?","$","T","R","E","R","M","$","R","B","B",null,"R","$","E","B",null],"character_chosen":"DEFECT","items_purchased":["Heatsinks","Ball Lightning","Storm","Swift Potion","Bottled Tornado","Fruit Juice","Coolheaded+1","Machine Learning","Undo+1","Weak Potion","Membership Card","Turbo+1","Storm","All For One","Coolheaded+1","Swift Potion"],"campfire_rested":0,"item_purchase_floors":[4,4,36,36,42,42,42,42,42,42,48,48,48,54,54,54],"current_hp_per_floor":[63,63,63,63,51,51,50,50,50,24,31,31,31,40,40,44,59,62,62,62,43,51,51,43,43,43,51,51,56,64,64,64,62,64,64,64,64,48,48,48,38,43,43,43,52,52,61,61,61,69,62,67,67,67,69,25],"gold":55,"neow_bonus":"ONE_RARE_RELIC","is_prod":false,"is_daily":false,"chose_seed":false,"campfire_upgraded":12,"win_rate":0,"timestamp":1561099489,"path_taken":["M","M","?","?","M","R","E","R","T","E","?","R","M","M","R","BOSS","M","?","$","?","M","R","M","R","T","M","R","E","M","E","R","BOSS","M","$","M","?","?","R","?","$","T","R","E","R","M","$","R","BOSS","BOSS","R","$","E","BOSS"],"build_version":"2019-01-23","purchased_purges":4,"victory":true,"max_hp_per_floor":[64,64,64,64,64,64,64,64,64,64,64,64,64,64,64,64,64,64,64,64,64,64,64,64,64,64,64,64,64,64,64,64,64,64,64,64,64,64,64,64,64,69,69,69,69,69,69,69,69,69,69,69,69,69,69,69],"card_choices":[{"not_picked":["Beam Cell","Stack"],"picked":"Hologram","floor":1.0},{"not_picked":["Coolheaded","Static Discharge"],"picked":"Turbo","floor":2.0},{"not_picked":["Static Discharge","Blizzard","Stack"],"picked":"SKIP","floor":5},{"not_picked":["Stack","Streamline"],"picked":"Melter","floor":7},{"not_picked":["Sweeping Beam","Steam Power"],"picked":"Glacier","floor":10},{"not_picked":["Streamline","FTL","Ball Lightning"],"picked":"SKIP","floor":11},{"not_picked":["Streamline","FTL","Ball Lightning"],"picked":"SKIP","floor":11},{"not_picked":["Conserve Battery","Force Field"],"picked":"Coolheaded","floor":13},{"not_picked":["Loop","Streamline"],"picked":"Undo","floor":14},{"not_picked":["Fission","Buffer"],"picked":"Biased Cognition","floor":16},{"not_picked":["Beam Cell","Reinforced Body"],"picked":"Turbo+1","floor":18},{"not_picked":["Steam+1","Redo"],"picked":"Coolheaded","floor":21},{"not_picked":["Leap","Turbo"],"picked":"Go for the Eyes+1","floor":22},{"not_picked":["Stack","Storm"],"picked":"Fission","floor":24},{"not_picked":["Go for the Eyes","Ball Lightning","Gash"],"picked":"SKIP","floor":27},{"not_picked":["Hologram","Self Repair+1"],"picked":"Sunder","floor":29},{"not_picked":["Cold Snap","Compile Driver"],"picked":"Storm","floor":30},{"not_picked":["White Noise+1","Cold Snap+1"],"picked":"Recycle+1","floor":31},{"not_picked":["All For One","Reboot+1"],"picked":"Thunder Strike","floor":33},{"not_picked":["Redo+1","Glacier+1"],"picked":"Loop","floor":35},{"not_picked":["Turbo+1","Steam+1"],"picked":"Conserve Battery+1","floor":37},{"not_picked":["Sweeping Beam","Aggregate+1"],"picked":"Undo+1","floor":38},{"not_picked":["Dark Shackles+1","Jack Of All Trades+1"],"picked":"Discovery+1","floor":41},{"not_picked":["Good Instincts+1","HandOfGreed"],"picked":"Flash of Steel","floor":41},{"not_picked":["Thunder Strike","Beam Cell+1"],"picked":"Reinforced Body+1","floor":45},{"not_picked":["Redo+1","Hologram+1"],"picked":"Storm","floor":47},{"not_picked":["Turbo+1","Blizzard"],"picked":"Amplify+1","floor":55}],"player_experience":1950044,"relics_obtained":[{"floor":7,"key":"Blood Vial"},{"floor":9,"key":"Ancient Tea Set"},{"floor":10,"key":"Gremlin Horn"},{"floor":26,"key":"War Paint"},{"floor":29,"key":"Toxic Egg 2"},{"floor":31,"key":"Oddly Smooth Stone"},{"floor":45,"key":"Gambling Chip"},{"floor":45,"key":"Letter Opener"},{"floor":55,"key":"Torii"},{"floor":55,"key":"Bag of Preparation"}],"event_choices":[{"damage_healed":0,"gold_gain":0,"player_choice":"3 cards matched","damage_taken":0,"max_hp_gain":0,"max_hp_loss":0,"event_name":"Match and Keep!","floor":3,"gold_loss":0,"cards_obtained":["Seek","Self Repair","Beam Cell"]},{"damage_healed":0,"gold_gain":0,"player_choice":"Rummage","damage_taken":0,"relics_obtained":["WarpedTongs"],"max_hp_gain":0,"max_hp_loss":0,"event_name":"Accursed Blacksmith","floor":19,"gold_loss":0,"cards_obtained":["Pain"]},{"damage_healed":0,"gold_gain":999,"player_choice":"Gold","damage_taken":0,"max_hp_gain":0,"max_hp_loss":0,"event_name":"MindBloom","floor":39,"gold_loss":0,"cards_obtained":["Normality","Normality"]},{"damage_healed":0,"gold_gain":0,"player_choice":"Memory 3","damage_taken":10,"max_hp_gain":0,"max_hp_loss":0,"event_name":"SensoryStone","floor":41,"gold_loss":0}],"is_beta":false,"boss_relics":[{"not_picked":["Orrery","Busted Crown"],"picked":"Pandora\u0027s Box"},{"not_picked":["Coffee Dripper","Inserter"],"picked":"Black Star"}],"items_purged_floors":[20,36,42,48],"is_endless":false,"potions_floor_spawned":[5,10,13,14,21,22,30,47],"ascension_level":20}