{"gold_per_floor":[112,112,33,44,44,44,56,86,112,112,124,49,66,93,93,170,170,182,107,107,121,121,121,171,171,171,71,91,119,119,152,152,228,228,246,246,257,272,283,283,317,49,128,128,154,154,154,171,171,171,171,171,171,27,53,53],"floor_reached":57,"playtime":3368,"items_purged":["Strike_B","Defend_B","Cold Snap"],"score":3047,"play_id":"fb47704d-9f65-4118-b078-b3d4246d5883","local_time":"20190625143956","is_ascension_mode":true,"campfire_choices":[{"data":"Chaos","floor":6.0,"key":"SMITH"},{"data":"Defragment","floor":10.0,"key":"SMITH"},{"data":"Dualcast","floor":15.0,"key":"SMITH"},{"data":"Redo","floor":23.0,"key":"SMITH"},{"data":"Heatsinks","floor":25.0,"key":"SMITH"},{"data":"Zap","floor":30.0,"key":"SMITH"},{"data":"Sunder","floor":32.0,"key":"SMITH"},{"data":"Coolheaded","floor":40.0,"key":"SMITH"},{"data":"Seek","floor":46.0,"key":"SMITH"},{"floor":49.0,"key":"RECALL"},{"data":"Impatience","floor":53,"key":"SMITH"}],"neow_cost":"NONE","seed_source_timestamp":0,"circlet_count":0,"master_deck":["AscendersBane","Defend_B+1","Defend_B+1","Zap+1","Dualcast+1","Redo+1","Skim","Chaos+1","Defragment+1","Skim","Heatsinks+1","All For One","Sunder+1","Undo","Double Energy+1","Recycle+1","Seek+1","Coolheaded+1","Impatience+1","Multi-Cast"],"special_seed":0,"relics":["Nuclear Battery","Anchor","FossilizedHelix","Pen Nib","Art of War","Inserter","Bottled Flame","Orichalcum","Red Mask","Sozu","War Paint","Membership Card","Ornamental Fan","PreservedInsect","DataDisk","Pantograph"],"potions_floor_usage":[56],"damage_taken":[{"damage":7.0,"enemies":"Jaw Worm","floor":1.0,"turns":4.0},{"damage":7.0,"enemies":"2 Louse","floor":4.0,"turns":3.0},{"damage":0.0,"enemies":"Cultist","floor":7.0,"turns":3.0},{"damage":23.0,"enemies":"Gremlin Nob","floor":8.0,"turns":4.0},{"damage":0.0,"enemies":"2 Fungi Beasts","floor":11.0,"turns":3.0},{"damage":0.0,"enemies":"Large Slime","floor":13.0,"turns":4.0},{"damage":0.0,"enemies":"Lagavulin","floor":14.0,"turns":4.0},{"damage":0.0,"enemies":"Slime Boss","floor":16.0,"turns":7.0},{"damage":0.0,"enemies":"2 Thieves","floor":18.0,"turns":4.0},{"damage":0.0,"enemies":"Chosen","floor":21.0,"turns":4.0},{"damage":0.0,"enemies":"Snecko","floor":28.0,"turns":5.0},{"damage":0.0,"enemies":"Slavers","floor":29.0,"turns":3.0},{"damage":0.0,"enemies":"Masked Bandits","floor":31.0,"turns":4.0},{"damage":0.0,"enemies":"Champ","floor":33.0,"turns":3.0},{"damage":0.0,"enemies":"3 Darklings","floor":35.0,"turns":3.0},{"damage":0.0,"enemies":"Orb Walker","floor":37.0,"turns":2.0},{"damage":0.0,"enemies":"Maw","floor":38.0,"turns":5.0},{"damage":0.0,"enemies":"Writhing Mass","floor":39.0,"turns":2.0},{"damage":0.0,"enemies":"Nemesis","floor":41.0,"turns":3.0},{"damage":0.0,"enemies":"Reptomancer","floor":45.0,"turns":5.0},{"damage":0.0,"enemies":"Transient","floor":48.0,"turns":6.0},{"damage":5.0,"enemies":"Donu and Deca","floor":50.0,"turns":5.0},{"damage":48,"enemies":"Time Eater","floor":51,"turns":8},{"damage":23,"enemies":"Shield and Spear","floor":55,"turns":3},{"damage":18,"enemies":"The Heart","floor":56,"turns":5}],"seed_played":"3100510324845800142","potions_obtained":[{"floor":4.0,"key":"FocusPotion"},{"floor":7.0,"key":"Poison Potion"},{"floor":11.0,"key":"Ancient Potion"},{"floor":21.0,"key":"Dexterity Potion"},{"floor":31.0,"key":"FairyPotion"}],"is_trial":false,"path_per_floor":["M","?","$","M","?","R","M","E","T","R","M","$","M","E","R","B",null,"M","?","?","M","?","R","?","R","T","$","M","E","R","?","R","B",null,"M","?","M","M","M","R","E","$","T","?","E","R","T","M","R","B","B",null,"R","$","E","B",null],"character_chosen":"DEFECT","items_purchased":["Skim","Membership Card","Impatience","DataDisk"],"campfire_rested":0,"item_purchase_floors":[3,42,42,54],"current_hp_per_floor":[57,36,36,29,24,24,24,1,1,1,1,1,1,1,1,1,54,54,54,54,54,54,54,54,54,54,54,54,54,54,54,54,54,67,67,67,67,67,67,67,67,67,67,67,67,67,67,67,67,62,14,57,57,57,34,41],"gold":53,"neow_bonus":"BOSS_RELIC","is_prod":false,"is_daily":false,"chose_seed":false,"campfire_upgraded":10,"win_rate":0,"timestamp":1561444796,"path_taken":["M","?","$","M","?","R","M","E","T","R","M","$","M","E","R","BOSS","M","?","?","?","?","R","?","R","T","?","M","E","R","?","R","BOSS","M","?","M","?","M","R","E","$","T","?","E","R","?","?","R","BOSS","BOSS","R","$","E","BOSS"],"build_version":"2019-01-23","purchased_purges":3,"victory":true,"max_hp_per_floor":[71,71,71,71,71,71,71,71,71,71,71,71,71,71,71,71,71,71,71,71,71,71,71,71,71,71,71,71,71,71,71,71,71,71,71,71,71,71,71,71,71,71,71,71,71,71,71,71,71,71,71,71,71,71,71,71],"card_choices":[{"not_picked":["Streamline","Coolheaded"],"picked":"Redo","floor":1.0},{"not_picked":["Rebound","White Noise"],"picked":"Chaos","floor":4.0},{"not_picked":["BootSequence","Go for the Eyes"],"picked":"Compile Driver","floor":7.0},{"not_picked":["Aggregate","Scrape"],"picked":"Defragment","floor":8.0},{"not_picked":["Compile Driver","Stack"],"picked":"Skim","floor":11.0},{"not_picked":["Barrage","Conserve Battery"],"picked":"Heatsinks","floor":13.0},{"not_picked":["Creative AI","Rebound"],"picked":"Cold Snap","floor":14.0},{"not_picked":["Creative AI","Amplify"],"picked":"All For One","floor":16.0},{"not_picked":["Gash","Rebound+1","Compile Driver"],"picked":"SKIP","floor":18.0},{"not_picked":["Leap","Ball Lightning"],"picked":"Sunder","floor":21.0},{"not_picked":["Beam Cell","Hello World","Stack"],"picked":"SKIP","floor":28.0},{"not_picked":["Core Surge","Coolheaded"],"picked":"Recycle+1","floor":29.0},{"not_picked":["Machine Learning","Hyperbeam"],"picked":"Seek","floor":33.0},{"not_picked":["Stack","Compile Driver"],"picked":"Coolheaded","floor":35.0},{"not_picked":["Beam Cell","Steam+1","Stack"],"picked":"SKIP","floor":37.0},{"not_picked":["Steam Power","Force Field+1","Undo"],"picked":"SKIP","floor":38.0},{"not_picked":["Stack","Capacitor","Undo"],"picked":"SKIP","floor":39.0},{"not_picked":["Ball Lightning","Self Repair","Chaos"],"picked":"SKIP","floor":41.0},{"not_picked":["Double Energy+1","Rip and Tear+1","Ball Lightning"],"picked":"SKIP","floor":45.0},{"not_picked":["Gash","Steam"],"picked":"Multi-Cast","floor":48.0},{"not_picked":["Rebound","Undo","Storm"],"picked":"SKIP","floor":55}],"player_experience":1998957,"relics_obtained":[{"floor":8.0,"key":"FossilizedHelix"},{"floor":9.0,"key":"Pen Nib"},{"floor":14.0,"key":"Art of War"},{"floor":26.0,"key":"Bottled Flame"},{"floor":29.0,"key":"Orichalcum"},{"floor":31.0,"key":"Red Mask"},{"floor":41.0,"key":"War Paint"},{"floor":45.0,"key":"Ornamental Fan"},{"floor":47.0,"key":"PreservedInsect"},{"floor":55,"key":"Pantograph"}],"event_choices":[{"damage_healed":0.0,"max_hp_gain":0.0,"max_hp_loss":0.0,"gold_gain":0.0,"event_name":"Shining Light","player_choice":"Entered Light","floor":2.0,"gold_loss":0.0,"damage_taken":21.0,"cards_upgraded":["Defend_B","Strike_B"]},{"damage_healed":0.0,"max_hp_gain":0.0,"max_hp_loss":0.0,"gold_gain":0.0,"event_name":"Scrap Ooze","player_choice":"Success","floor":5.0,"gold_loss":0.0,"damage_taken":5.0,"relics_obtained":["Anchor"]},{"cards_removed":["Strike_B"],"damage_healed":0.0,"max_hp_gain":0.0,"max_hp_loss":0.0,"gold_gain":0.0,"event_name":"Beggar","player_choice":"Gave Gold","floor":19.0,"gold_loss":75.0,"damage_taken":0.0},{"cards_removed":["Strike_B"],"damage_healed":0.0,"max_hp_gain":0.0,"max_hp_loss":0.0,"gold_gain":0.0,"event_name":"Bonfire Elementals","player_choice":"Offered Basic","floor":20.0,"gold_loss":0.0,"damage_taken":0.0},{"damage_healed":0.0,"max_hp_gain":0.0,"max_hp_loss":0.0,"gold_gain":0.0,"cards_transformed":["Defend_B","Strike_B"],"event_name":"Drug Dealer","player_choice":"Became Test Subject","floor":22.0,"gold_loss":0.0,"damage_taken":0.0,"cards_obtained":["Undo","Double Energy"]},{"damage_healed":0.0,"max_hp_gain":0.0,"max_hp_loss":0.0,"gold_gain":50.0,"event_name":"Nest","player_choice":"Stole From Cult","floor":24.0,"gold_loss":0.0,"damage_taken":0.0},{"damage_healed":0.0,"max_hp_gain":0.0,"max_hp_loss":0.0,"gold_gain":0.0,"event_name":"Masked Bandits","player_choice":"Fought Bandits","floor":31.0,"gold_loss":0.0,"damage_taken":0.0},{"damage_healed":0.0,"max_hp_gain":0.0,"max_hp_loss":0.0,"gold_gain":0.0,"event_name":"Lab","player_choice":"Got Potions","floor":36.0,"gold_loss":0.0,"damage_taken":0.0},{"cards_removed":["Compile Driver"],"damage_healed":0.0,"max_hp_gain":0.0,"max_hp_loss":0.0,"gold_gain":0.0,"event_name":"Falling","player_choice":"Removed Attack","floor":44.0,"gold_loss":0.0,"damage_taken":0.0}],"is_beta":false,"boss_relics":[{"not_picked":["Velvet Choker","Philosopher\u0027s Stone"],"picked":"Inserter"},{"not_picked":["Busted Crown","Cursed Key"],"picked":"Sozu"}],"items_purged_floors":[12,27,54],"is_endless":false,"potions_floor_spawned":[4,7,11,21,31,33,37,45],"ascension_level":20}