{"gold_per_floor":[111,111,124,136,61,93,154,154,179,129,141,165,165,165],"floor_reached":14,"playtime":988,"items_purged":["Normality"],"score":110,"play_id":"9a4abd38-fa1f-4dfd-9153-8294eff5045e","local_time":"20180722223231","is_ascension_mode":true,"campfire_choices":[{"floor":8,"key":"REST"},{"data":"Cloak And Dagger","floor":13,"key":"SMITH"}],"neow_cost":"CURSE","seed_source_timestamp":114339341872406,"circlet_count":0,"master_deck":["Defend_G","Defend_G","Defend_G","Defend_G","Defend_G","Strike_G","Strike_G","Strike_G","Strike_G","Strike_G","Survivor","Neutralize","Cloak And Dagger+1","Accuracy","Deadly Poison","Infinite Blades","Prepared","Deadly Poison","Doppelganger"],"relics":["Ring of the Snake","Bird Faced Urn","Anchor","Pen Nib","Calipers","Snake Skull","Odd Mushroom"],"potions_floor_usage":[6,14],"damage_taken":[{"damage":1,"enemies":"Small Slimes","floor":1,"turns":4},{"damage":0,"enemies":"2 Louse","floor":3,"turns":3},{"damage":16,"enemies":"Jaw Worm","floor":4,"turns":6},{"damage":34,"enemies":"Gremlin Nob","floor":6,"turns":5},{"damage":23,"enemies":"3 Sentries","floor":7,"turns":8},{"damage":0,"enemies":"Exordium Thugs","floor":11,"turns":4},{"damage":23,"floor":12,"turns":5},{"damage":13,"enemies":"Lagavulin","floor":14,"turns":5}],"seed_played":"7153877768512155765","potions_obtained":[{"floor":1,"key":"Strength Potion"},{"floor":11,"key":"SpeedPotion"}],"is_trial":false,"path_per_floor":["M","?","M","M","$","E","?","R","T","?","M","?","R"],"character_chosen":"THE_SILENT","items_purchased":[],"campfire_rested":1,"item_purchase_floors":[],"current_hp_per_floor":[69,69,69,53,53,21,2,23,23,23,27,8,8,0],"gold":165,"neow_bonus":"ONE_RARE_RELIC","is_prod":false,"is_daily":false,"chose_seed":false,"campfire_upgraded":1,"win_rate":0,"timestamp":1532313151,"path_taken":["M","?","M","M","$","E","?","R","T","?","M","?","R","E"],"build_version":"2018-07-19v2","purchased_purges":1,"victory":false,"max_hp_per_floor":[70,70,70,70,70,70,70,70,70,70,70,70,70,70],"card_choices":[{"not_picked":["Sucker Punch","Crippling Poison"],"picked":"Cloak And Dagger","floor":1},{"not_picked":["Slice","Sucker Punch"],"picked":"Accuracy","floor":3},{"not_picked":["Outmaneuver","PiercingWail"],"picked":"Deadly Poison","floor":4},{"not_picked":["Distraction","Slice"],"picked":"Infinite Blades","floor":6},{"not_picked":["Deflect","Underhanded Strike"],"picked":"Prepared","floor":7},{"not_picked":["Escape Plan","PiercingWail"],"picked":"Deadly Poison","floor":11},{"not_picked":["Deadly Poison","Outmaneuver"],"picked":"Doppelganger","floor":12}],"player_experience":245316,"relics_obtained":[{"floor":6,"key":"Pen Nib"},{"floor":9,"key":"Snake Skull"},{"floor":12,"key":"Odd Mushroom"}],"event_choices":[{"event_name":"Big Fish","player_choice":"Box","floor":2,"damage_taken":0},{"event_name":"Dead Adventurer","player_choice":"Searched \u00273\u0027 times","floor":7,"damage_taken":0},{"event_name":"The Cleric","player_choice":"Card Removal","floor":10,"damage_taken":0},{"event_name":"Mushrooms","player_choice":"Fought Mushrooms","floor":12,"damage_taken":0}],"is_beta":false,"boss_relics":[],"items_purged_floors":[5],"is_endless":false,"potions_floor_spawned":[1,11],"killed_by":"Lagavulin","ascension_level":5}