{"gold_per_floor":[115,115,115,135,155,155,190,190,237,249,272,305,317,349,361,472,484,516,478,510,536,548],"floor_reached":22,"playtime":2912,"items_purged":[],"score":186,"play_id":"f0c8ddcb-0776-47c6-b009-db8cba458685","local_time":"20190421143229","is_ascension_mode":false,"campfire_choices":[{"floor":6,"key":"REST"},{"floor":8,"key":"REST"},{"data":"Double Energy","floor":13,"key":"SMITH"},{"data":"Biased Cognition","floor":15,"key":"SMITH"}],"neow_cost":"NONE","seed_source_timestamp":91852722979940,"circlet_count":0,"master_deck":["Strike_B","Strike_B","Strike_B+1","Defend_B","Defend_B+1","Defend_B","Zap","Dualcast","Multi-Cast","Leap","Double Energy+1","Self Repair","Biased Cognition+1","BootSequence","Force Field","Cold Snap","Seek","Static Discharge","Barrage+1","Blizzard"],"relics":["Cracked Core","Boot","MawBank","Odd Mushroom","Philosopher\u0027s Stone"],"potions_floor_usage":[7,12,16,21,21,22],"damage_taken":[{"damage":11,"enemies":"Jaw Worm","floor":1,"turns":3},{"damage":0,"enemies":"Small Slimes","floor":4,"turns":2},{"damage":0,"enemies":"Cultist","floor":5,"turns":3},{"damage":27,"enemies":"Lagavulin","floor":7,"turns":5},{"damage":5,"enemies":"Large Slime","floor":11,"turns":8},{"damage":13,"enemies":"The Mushroom Lair","floor":12,"turns":5},{"damage":0,"enemies":"Looter","floor":14,"turns":3},{"damage":38,"enemies":"The Guardian","floor":16,"turns":12},{"damage":45,"enemies":"3 Byrds","floor":18,"turns":4},{"damage":3,"enemies":"Spheric Guardian","floor":20,"turns":4},{"damage":23,"enemies":"Snake Plant","floor":21,"turns":5},{"damage":25,"enemies":"Sentry and Sphere","floor":22,"turns":3}],"seed_played":"4859331361650505913","potions_obtained":[{"floor":4,"key":"SpeedPotion"},{"floor":5,"key":"FocusPotion"},{"floor":7,"key":"FocusPotion"},{"floor":12,"key":"Block Potion"},{"floor":16,"key":"Dexterity Potion"},{"floor":18,"key":"GamblersBrew"}],"is_trial":false,"path_per_floor":["M","?","?","M","M","R","E","R","T","?","M","?","R","M","R","B",null,"M","?","M","M","M"],"character_chosen":"DEFECT","items_purchased":[],"campfire_rested":2,"item_purchase_floors":[],"current_hp_per_floor":[64,49,42,42,42,64,44,66,66,66,68,62,62,69,69,38,75,37,37,41,25,0],"gold":548,"neow_bonus":"ONE_RANDOM_RARE_CARD","is_prod":false,"is_daily":false,"chose_seed":false,"campfire_upgraded":2,"win_rate":0,"timestamp":1555871549,"path_taken":["M","?","?","M","M","R","E","R","T","?","?","?","R","M","R","BOSS","M","?","M","?","M"],"build_version":"2019-01-23","purchased_purges":0,"victory":false,"max_hp_per_floor":[75,75,75,75,75,75,75,75,75,75,75,75,75,75,75,75,75,75,75,75,75,75],"card_choices":[{"not_picked":["Compile Driver","Hologram"],"picked":"Leap","floor":1},{"not_picked":["Sweeping Beam","Go for the Eyes"],"picked":"Double Energy","floor":4},{"not_picked":["Sweeping Beam","Compile Driver"],"picked":"Self Repair","floor":5},{"not_picked":["Stack","Leap"],"picked":"Biased Cognition","floor":7},{"not_picked":["Rip and Tear","Beam Cell"],"picked":"Force Field","floor":11},{"not_picked":["Reprogram","Hello World"],"picked":"Cold Snap","floor":12},{"not_picked":["Storm","Beam Cell","Leap"],"picked":"SKIP","floor":14},{"not_picked":["Reboot","Creative AI"],"picked":"Seek","floor":16},{"not_picked":["Hello World","Go for the Eyes"],"picked":"Static Discharge","floor":18},{"not_picked":["Rebound","Tempest"],"picked":"Barrage+1","floor":20},{"not_picked":["Fusion+1","Steam"],"picked":"Blizzard","floor":21}],"player_experience":838583,"relics_obtained":[{"floor":7,"key":"Boot"},{"floor":9,"key":"MawBank"},{"floor":12,"key":"Odd Mushroom"}],"event_choices":[{"damage_healed":0,"gold_gain":0,"player_choice":"Entered Light","damage_taken":15,"max_hp_gain":0,"max_hp_loss":0,"event_name":"Shining Light","floor":2,"gold_loss":0,"cards_upgraded":["Strike_B","Defend_B"]},{"cards_removed":["Defend_B"],"damage_healed":0,"gold_gain":0,"player_choice":"Card Removal","damage_taken":7,"max_hp_gain":0,"max_hp_loss":0,"event_name":"Golden Wing","floor":3,"gold_loss":0},{"damage_healed":0,"gold_gain":0,"cards_transformed":["Strike_B"],"player_choice":"Transformed","damage_taken":0,"max_hp_gain":0,"max_hp_loss":0,"event_name":"Transmorgrifier","floor":10,"gold_loss":0,"cards_obtained":["BootSequence"]},{"damage_healed":0,"gold_gain":0,"player_choice":"Fought Mushrooms","damage_taken":0,"max_hp_gain":0,"max_hp_loss":0,"event_name":"Mushrooms","floor":12,"gold_loss":0},{"damage_healed":0,"gold_gain":0,"player_choice":"Bet on Owner","damage_taken":0,"max_hp_gain":0,"max_hp_loss":0,"event_name":"The Joust","floor":19,"gold_loss":50}],"is_beta":false,"boss_relics":[{"not_picked":["Velvet Choker","Calling Bell"],"picked":"Philosopher\u0027s Stone"}],"items_purged_floors":[],"is_endless":false,"potions_floor_spawned":[4,5,7,12,16,18],"killed_by":"Sentry and Sphere","ascension_level":0}