{"gold_per_floor":[117,133,133,144,163,163,178,178,478,478,478,478,488,508,508,508],"floor_reached":16,"playtime":539,"items_purged":[],"score":94,"play_id":"b381e3c9-cdd5-41e1-9d6f-268d193f1b94","local_time":"20190128135010","is_ascension_mode":false,"campfire_choices":[{"data":"Shrug It Off","floor":6,"key":"SMITH"},{"data":"Power Through","floor":11,"key":"SMITH"},{"floor":15,"key":"REST"}],"neow_cost":"NONE","seed_source_timestamp":188058534080258,"circlet_count":0,"master_deck":["Strike_R","Strike_R","Strike_R+1","Strike_R","Strike_R","Defend_R+1","Defend_R","Defend_R","Bash","Shrug It Off+1","Power Through+1","Corruption","Ghostly Armor","Entrench"],"relics":["Burning Blood","NeowsBlessing","Old Coin","The Courier","NlothsMask"],"potions_floor_usage":[],"damage_taken":[{"damage":0,"enemies":"Jaw Worm","floor":1,"turns":1},{"damage":0,"enemies":"Small Slimes","floor":2,"turns":1},{"damage":0,"enemies":"2 Louse","floor":4,"turns":1},{"damage":0,"enemies":"Red Slaver","floor":5,"turns":4},{"damage":0,"enemies":"3 Louse","floor":7,"turns":4},{"damage":0,"enemies":"Exordium Thugs","floor":13,"turns":5},{"damage":10,"enemies":"Exordium Wildlife","floor":14,"turns":8},{"damage":83,"enemies":"Hexaghost","floor":16,"turns":14}],"seed_played":"-1250331036512998891","potions_obtained":[{"floor":1,"key":"Fire Potion"},{"floor":14,"key":"Ancient Potion"}],"is_trial":false,"path_per_floor":["M","M","?","M","M","R","M","?","T","T","R","?","M","M","R","B"],"character_chosen":"IRONCLAD","items_purchased":[],"campfire_rested":1,"item_purchase_floors":[],"current_hp_per_floor":[80,80,80,80,80,80,80,64,64,64,64,64,70,66,80,0],"gold":508,"neow_bonus":"THREE_ENEMY_KILL","is_prod":false,"is_daily":false,"chose_seed":false,"campfire_upgraded":2,"win_rate":0,"timestamp":1548701410,"path_taken":["M","M","?","M","M","R","M","?","T","?","R","?","M","M","R","BOSS"],"build_version":"2019-01-23","purchased_purges":0,"victory":false,"max_hp_per_floor":[80,80,80,80,80,80,80,80,80,80,80,80,80,80,80,80],"card_choices":[{"not_picked":["Rage","Sword Boomerang"],"picked":"Shrug It Off","floor":1},{"not_picked":["Evolve","Heavy Blade"],"picked":"Power Through","floor":2},{"not_picked":["Rampage","Heavy Blade"],"picked":"Corruption","floor":4},{"not_picked":["Armaments","Pommel Strike","Anger"],"picked":"SKIP","floor":5},{"not_picked":["Sword Boomerang","Hemokinesis"],"picked":"Ghostly Armor","floor":7},{"not_picked":["Blood for Blood","Havoc"],"picked":"Entrench","floor":13},{"not_picked":["Rage","Havoc","Wild Strike"],"picked":"SKIP","floor":14}],"player_experience":537361,"relics_obtained":[{"floor":9,"key":"Old Coin"},{"floor":10,"key":"The Courier"}],"event_choices":[{"cards_removed":["Defend_R"],"damage_healed":0,"gold_gain":0,"player_choice":"Forget","damage_taken":0,"max_hp_gain":0,"max_hp_loss":0,"event_name":"Living Wall","floor":3,"gold_loss":0},{"damage_healed":0,"gold_gain":0,"player_choice":"Entered Light","damage_taken":16,"max_hp_gain":0,"max_hp_loss":0,"event_name":"Shining Light","floor":8,"gold_loss":0,"cards_upgraded":["Strike_R","Defend_R"]},{"damage_healed":0,"gold_gain":0,"player_choice":"Trade","damage_taken":0,"relics_obtained":["NlothsMask"],"max_hp_gain":0,"max_hp_loss":0,"event_name":"FaceTrader","floor":12,"gold_loss":0}],"is_beta":false,"boss_relics":[],"items_purged_floors":[],"is_endless":false,"potions_floor_spawned":[1,14],"killed_by":"Hexaghost","ascension_level":0}