{"gold_per_floor":[110,127,97,110,23,23,50,50,100,132,132,132,32,55,55,129,129,139,54,54,73,73,73,105,105,105,105,6,26,45,145,145,217,217,227,327,327,327,343,343,43,59,59,59,74,74,92,42,42,42,42,42,42,42,71,71],"floor_reached":56,"playtime":2966,"items_purged":["Bash","Immolate+1","Fiend Fire"],"score":1813,"play_id":"7dba1674-5384-40ca-b055-65496e24f687","local_time":"20190718230942","is_ascension_mode":true,"campfire_choices":[{"data":"Battle Trance","floor":6.0,"key":"SMITH"},{"data":"Body Slam","floor":8.0,"key":"SMITH"},{"floor":15.0,"key":"REST"},{"data":"Armaments","floor":23.0,"key":"SMITH"},{"data":"Bloodletting","floor":25.0,"key":"SMITH"},{"data":"Immolate","floor":27.0,"key":"SMITH"},{"floor":32.0,"key":"REST"},{"data":"Entrench","floor":40.0,"key":"SMITH"},{"data":"Burning Pact","floor":44.0,"key":"SMITH"},{"floor":49.0,"key":"RECALL"},{"data":"Limit Break","floor":53.0,"key":"SMITH"}],"neow_cost":"NONE","seed_source_timestamp":0,"circlet_count":0,"master_deck":["AscendersBane","Shrug It Off","Fire Breathing+1","Battle Trance+1","Body Slam+1","Second Wind+1","Disarm","Armaments+1","Feed","Metallicize+1","Pommel Strike+1","Sentinel+1","Flex","Berserk","Bloodletting+1","Dual Wield+1","Madness","Shrug It Off","Limit Break+1","Entrench+1","Burning Pact+1"],"special_seed":0,"relics":["Pandora\u0027s Box","Red Skull","Smiling Mask","Happy Flower","Odd Mushroom","Astrolabe","PreservedInsect","Anchor","Peace Pipe","Mango","Mercury Hourglass","Eternal Feather","WingedGreaves","Blood Vial","Bronze Scales","Orichalcum"],"potions_floor_usage":[],"damage_taken":[{"damage":6.0,"enemies":"Small Slimes","floor":1.0,"turns":3.0},{"damage":4.0,"enemies":"Cultist","floor":2.0,"turns":3.0},{"damage":0.0,"enemies":"Jaw Worm","floor":4.0,"turns":1.0},{"damage":6.0,"enemies":"Gremlin Nob","floor":7.0,"turns":3.0},{"damage":30.0,"enemies":"Lagavulin","floor":10.0,"turns":6.0},{"damage":0.0,"enemies":"The Mushroom Lair","floor":14.0,"turns":2.0},{"damage":10.0,"enemies":"The Guardian","floor":16.0,"turns":8.0},{"damage":0.0,"enemies":"Spheric Guardian","floor":18.0,"turns":3.0},{"damage":0.0,"enemies":"3 Byrds","floor":21.0,"turns":6.0},{"damage":25.0,"enemies":"Gremlin Leader","floor":24.0,"turns":5.0},{"damage":28.0,"enemies":"Sentry and Sphere","floor":29.0,"turns":6.0},{"damage":5.0,"enemies":"Shelled Parasite and Fungi","floor":30.0,"turns":5.0},{"damage":4.0,"enemies":"Colosseum Slavers","floor":31.0,"turns":4.0},{"damage":6.0,"enemies":"Colosseum Nobs","floor":31.0,"turns":3.0},{"damage":43.0,"enemies":"Collector","floor":33.0,"turns":10.0},{"damage":13.0,"enemies":"3 Shapes","floor":35.0,"turns":3.0},{"damage":0.0,"enemies":"Mind Bloom Boss Battle","floor":36.0,"turns":6.0},{"damage":8.0,"enemies":"3 Darklings","floor":39.0,"turns":5.0},{"damage":7.0,"enemies":"Sphere and 2 Shapes","floor":42.0,"turns":8.0},{"damage":26.0,"enemies":"Spire Growth","floor":45.0,"turns":7.0},{"damage":9.0,"enemies":"Writhing Mass","floor":47.0,"turns":8.0},{"damage":16.0,"enemies":"Time Eater","floor":50.0,"turns":12.0},{"damage":29.0,"enemies":"Donu and Deca","floor":51.0,"turns":10.0},{"damage":64.0,"enemies":"Shield and Spear","floor":55.0,"turns":6.0},{"damage":64,"enemies":"The Heart","floor":56,"turns":8}],"seed_played":"-1728197688654601355","potions_obtained":[{"floor":3.0,"key":"PowerPotion"},{"floor":3.0,"key":"BloodPotion"},{"floor":14.0,"key":"Energy Potion"},{"floor":30.0,"key":"Dexterity Potion"},{"floor":31.0,"key":"SpeedPotion"},{"floor":35.0,"key":"Regen Potion"},{"floor":39.0,"key":"GamblersBrew"},{"floor":42.0,"key":"Energy Potion"}],"is_trial":false,"path_per_floor":["M","M","?","M","$","R","E","R","T","E","?","?","$","?","R","B",null,"M","?","?","M","$","R","E","R","T","R","$","M","M","?","R","B",null,"M","?","?","?","M","R","$","M","T","R","M","T","M","$","R","B","B",null,"R","$","E","B"],"character_chosen":"IRONCLAD","items_purchased":["Second Wind","Armaments","Madness","Burning Pact","Blood Vial"],"campfire_rested":2,"item_purchase_floors":[5,13,28,41,41],"current_hp_per_floor":[62,58,58,58,58,58,52,52,52,40,33,10,10,10,32,22,62,62,62,62,66,66,66,41,41,41,41,41,16,15,22,52,9,80,67,70,70,70,62,74,74,88,88,100,80,80,73,73,85,71,44,97,109,109,47,0],"gold":71,"neow_bonus":"BOSS_RELIC","is_prod":false,"is_daily":false,"chose_seed":false,"campfire_upgraded":8,"win_rate":0,"timestamp":1563462582,"path_taken":["M","M","?","?","$","R","E","R","T","E","?","?","$","?","R","BOSS","M","?","?","M","$","R","E","R","T","R","?","M","?","?","R","BOSS","M","?","?","?","M","R","$","?","T","R","?","?","M","$","R","BOSS","BOSS","R","$","E","BOSS"],"build_version":"2019-07-17","purchased_purges":3,"victory":false,"max_hp_per_floor":[75,75,75,75,75,75,75,75,75,75,75,75,75,75,75,75,75,75,75,75,79,79,79,79,79,79,79,79,82,86,103,103,103,103,103,106,106,106,106,106,106,110,110,110,114,114,114,114,114,114,114,114,114,114,114,114],"card_choices":[{"not_picked":["Sword Boomerang","Iron Wave","Thunderclap"],"picked":"SKIP","floor":1.0},{"not_picked":["Thunderclap","Reckless Charge"],"picked":"Battle Trance","floor":2.0},{"not_picked":["Heavy Blade","Sword Boomerang"],"picked":"Body Slam","floor":4.0},{"not_picked":["Sword Boomerang","Brutality","Headbutt"],"picked":"SKIP","floor":7.0},{"not_picked":["Sentinel","Battle Trance"],"picked":"Disarm","floor":10.0},{"not_picked":["Exhume","Demon Form"],"picked":"Feed","floor":16.0},{"not_picked":["Headbutt","Iron Wave"],"picked":"Sentinel+1","floor":18.0},{"not_picked":["Warcry","Hemokinesis+1"],"picked":"Bloodletting","floor":21.0},{"not_picked":["Searing Blow","Cleave"],"picked":"Dual Wield+1","floor":24.0},{"not_picked":["Berserk","Headbutt","Clash"],"picked":"SKIP","floor":29.0},{"not_picked":["Warcry","Armaments"],"picked":"Shrug It Off","floor":30.0},{"not_picked":["Fiend Fire","Immolate"],"picked":"Limit Break","floor":33.0},{"not_picked":["Pommel Strike","Headbutt+1"],"picked":"Entrench","floor":35.0},{"not_picked":["Heavy Blade+1","Iron Wave+1","Reckless Charge"],"picked":"SKIP","floor":39.0},{"not_picked":["True Grit","Armaments+1","Clash"],"picked":"SKIP","floor":42.0},{"not_picked":["Feed","Pummel","Bloodletting+1"],"picked":"SKIP","floor":45.0},{"not_picked":["Havoc","Disarm","Carnage"],"picked":"SKIP","floor":47.0},{"not_picked":["Infernal Blade","Feed","Corruption"],"picked":"SKIP","floor":55.0}],"player_experience":2024838,"relics_obtained":[{"floor":7.0,"key":"Red Skull"},{"floor":9.0,"key":"Smiling Mask"},{"floor":10.0,"key":"Happy Flower"},{"floor":14.0,"key":"Odd Mushroom"},{"floor":24.0,"key":"Anchor"},{"floor":26.0,"key":"Peace Pipe"},{"floor":31.0,"key":"Mango"},{"floor":31.0,"key":"Mercury Hourglass"},{"floor":36.0,"key":"WingedGreaves"},{"floor":46.0,"key":"Bronze Scales"},{"floor":55.0,"key":"Orichalcum"}],"event_choices":[{"damage_healed":0.0,"max_hp_gain":0.0,"max_hp_loss":0.0,"gold_gain":0.0,"event_name":"The Woman in Blue","player_choice":"Bought 2 Potions","floor":3.0,"gold_loss":0.0,"damage_taken":0.0},{"cards_removed":["Blood for Blood"],"damage_healed":0.0,"max_hp_gain":0.0,"max_hp_loss":0.0,"gold_gain":0.0,"event_name":"Golden Wing","player_choice":"Card Removal","floor":11.0,"gold_loss":0.0,"damage_taken":7.0},{"damage_healed":0.0,"max_hp_gain":0.0,"max_hp_loss":0.0,"gold_gain":0.0,"event_name":"Shining Light","player_choice":"Entered Light","floor":12.0,"gold_loss":0.0,"damage_taken":23.0,"cards_upgraded":["Fire Breathing","Second Wind"]},{"damage_healed":0.0,"max_hp_gain":0.0,"max_hp_loss":0.0,"gold_gain":0.0,"event_name":"Mushrooms","player_choice":"Fought Mushrooms","floor":14.0,"gold_loss":0.0,"damage_taken":0.0},{"damage_healed":0.0,"max_hp_gain":0.0,"max_hp_loss":0.0,"gold_gain":0.0,"event_name":"Addict","player_choice":"Obtained Relic","floor":19.0,"gold_loss":85.0,"damage_taken":0.0,"relics_obtained":["PreservedInsect"]},{"damage_healed":0.0,"max_hp_gain":0.0,"max_hp_loss":0.0,"gold_gain":0.0,"cards_transformed":["Rupture","Flex"],"event_name":"Drug Dealer","player_choice":"Became Test Subject","floor":20.0,"gold_loss":0.0,"damage_taken":0.0,"cards_obtained":["Flex","Berserk"]},{"damage_healed":0.0,"max_hp_gain":0.0,"max_hp_loss":0.0,"gold_gain":0.0,"event_name":"Colosseum","player_choice":"Fight","floor":31.0,"gold_loss":0.0,"damage_taken":0.0},{"damage_healed":0.0,"max_hp_gain":0.0,"max_hp_loss":0.0,"gold_gain":0.0,"event_name":"Colosseum","player_choice":"Fought Nobs","floor":31.0,"gold_loss":0.0,"damage_taken":0.0},{"damage_healed":0.0,"max_hp_gain":0.0,"max_hp_loss":0.0,"gold_gain":0.0,"event_name":"MindBloom","player_choice":"Fight","floor":36.0,"gold_loss":0.0,"damage_taken":0.0},{"damage_healed":0.0,"max_hp_gain":0.0,"max_hp_loss":0.0,"gold_gain":0.0,"event_name":"Tomb of Lord Red Mask","player_choice":"Ignored","floor":37.0,"gold_loss":0.0,"damage_taken":0.0},{"damage_healed":0.0,"max_hp_gain":0.0,"max_hp_loss":0.0,"gold_gain":0.0,"event_name":"Mysterious Sphere","player_choice":"Ignored","floor":38.0,"gold_loss":0.0,"damage_taken":0.0}],"is_beta":false,"boss_relics":[{"not_picked":["Snecko Eye","Velvet Choker"],"picked":"Astrolabe"},{"not_picked":["Philosopher\u0027s Stone","Empty Cage"],"picked":"Eternal Feather"}],"items_purged_floors":[13,41,48],"is_endless":false,"potions_floor_spawned":[7,14,16,18,30,31,31,35,39,42],"killed_by":"The Heart","ascension_level":20}