{"gold_per_floor":[109,109,19,35,35,61,101,113,178,201,246,273,285,308,320,429,441,464,436,464,476,501,547,559,589,648,670,713,725,765,795,807,919,981,1005,1067,375,375,391,426,441,441,491,91,91,119,119,137,137,137],"floor_reached":51,"playtime":4402,"items_purged":["Strike_R","Strike_R"],"score":1062,"play_id":"953706f3-2dd0-4157-98cc-0a86895d6f9c","local_time":"20190724190343","is_ascension_mode":true,"campfire_choices":[{"data":"Clash","floor":13,"key":"SMITH"},{"data":"Whirlwind","floor":15,"key":"SMITH"},{"data":"Body Slam","floor":29,"key":"SMITH"},{"data":"Cleave","floor":32,"key":"SMITH"},{"data":"Rage","floor":45,"key":"SMITH"},{"data":"Intimidate","floor":47,"key":"SMITH"},{"data":"Rage","floor":49,"key":"SMITH"}],"neow_cost":"NONE","seed_source_timestamp":1193091260059000,"circlet_count":0,"master_deck":["Strike_R+1","Strike_R+1","Strike_R","Defend_R","Defend_R+1","Defend_R","Defend_R","Bash+1","Seeing Red+1","Intimidate","Cleave+1","Intimidate+1","Impervious","Rage+1","Feed","Clash+1","Whirlwind+1","Anger+1","Clash","Cleave+1","Body Slam+1","RitualDagger","Flex","Clash","Rage+1","Ghostly Armor+1","Pommel Strike+1","Swift Strike","Enlightenment","Clash+1","Flex+1","Dramatic Entrance","Headbutt+1","Intimidate+1"],"relics":["Burning Blood","MawBank","Red Skull","Anchor","Unceasing Top","Philosopher\u0027s Stone","Question Card","Bronze Scales","PreservedInsect","Mango","Tiny House","StoneCalendar","Incense Burner","Bag of Preparation","Boot","Chemical X","Bottled Lightning"],"potions_floor_usage":[7,11,11,16,16,23,28,28,28,31,33,36,36,36,36,46,50,50],"damage_taken":[{"damage":6,"enemies":"Jaw Worm","floor":1,"turns":5},{"damage":4,"enemies":"2 Louse","floor":4,"turns":3},{"damage":0,"enemies":"Small Slimes","floor":6,"turns":2},{"damage":32,"enemies":"Lagavulin","floor":7,"turns":8},{"damage":0,"enemies":"Looter","floor":10,"turns":2},{"damage":20,"enemies":"3 Sentries","floor":11,"turns":6},{"damage":0,"enemies":"3 Louse","floor":12,"turns":3},{"damage":6,"enemies":"2 Fungi Beasts","floor":14,"turns":3},{"damage":30,"enemies":"The Guardian","floor":16,"turns":9},{"damage":9,"enemies":"2 Thieves","floor":18,"turns":3},{"damage":0,"enemies":"3 Byrds","floor":20,"turns":3},{"damage":14,"enemies":"Sentry and Sphere","floor":22,"turns":4},{"damage":5,"enemies":"Book of Stabbing","floor":23,"turns":3},{"damage":0,"enemies":"Centurion and Healer","floor":25,"turns":3},{"damage":0,"enemies":"Shelled Parasite and Fungi","floor":27,"turns":3},{"damage":0,"enemies":"Gremlin Leader","floor":28,"turns":4},{"damage":14,"enemies":"Slavers","floor":30,"turns":2},{"damage":16,"enemies":"Sentry and Sphere","floor":31,"turns":4},{"damage":64,"enemies":"Collector","floor":33,"turns":6},{"damage":14,"enemies":"3 Shapes","floor":35,"turns":2},{"damage":3,"enemies":"2 Orb Walkers","floor":36,"turns":4},{"damage":2,"enemies":"Orb Walker","floor":39,"turns":2},{"damage":0,"enemies":"Nemesis","floor":40,"turns":3},{"damage":12,"enemies":"Sphere and 2 Shapes","floor":41,"turns":4},{"damage":0,"enemies":"Giant Head","floor":46,"turns":5},{"damage":8,"enemies":"3 Darklings","floor":48,"turns":2},{"damage":27,"enemies":"Donu and Deca","floor":50,"turns":6}],"seed_played":"1384017108620477414","potions_obtained":[{"floor":1,"key":"Explosive Potion"},{"floor":6,"key":"BloodPotion"},{"floor":11,"key":"FearPotion"},{"floor":14,"key":"SneckoOil"},{"floor":16,"key":"Dexterity Potion"},{"floor":22,"key":"LiquidBronze"},{"floor":23,"key":"PowerPotion"},{"floor":25,"key":"Ancient Potion"},{"floor":30,"key":"FearPotion"},{"floor":31,"key":"BloodPotion"},{"floor":34,"key":"Swift Potion"},{"floor":35,"key":"EntropicBrew"}],"is_trial":false,"path_per_floor":["M","?","$","M","?","M","E","?","T","M","E","M","R","M","R","B",null,"M","?","M","?","M","E","?","M","T","M","E","R","E","M","R","B",null,"M","?","$","?","M","E","M","?","T","$","R","E","R","M","R","B",null],"character_chosen":"IRONCLAD","items_purchased":["Intimidate","Weak Potion","Incense Burner","Regen Potion","Regen Potion","Swift Strike","Regen Potion","Chemical X","Dramatic Entrance"],"campfire_rested":0,"item_purchase_floors":[3,3,37,37,37,37,37,44,44],"current_hp_per_floor":[80,64,64,66,59,65,39,39,39,45,51,60,60,63,63,39,86,86,86,89,89,81,85,79,85,85,91,92,92,98,88,88,56,111,103,106,106,106,110,111,108,108,108,108,108,117,117,115,115,104],"gold":137,"neow_bonus":"UPGRADE_CARD","is_prod":false,"is_daily":false,"chose_seed":false,"campfire_upgraded":7,"win_rate":0,"timestamp":1564013023,"path_taken":["M","?","$","M","?","M","E","?","T","M","E","M","R","M","R","BOSS","M","?","?","?","M","E","?","M","T","M","E","R","E","M","R","BOSS","M","?","$","?","M","E","?","?","T","$","R","E","R","M","R","BOSS"],"build_version":"2019-07-17","purchased_purges":2,"victory":true,"max_hp_per_floor":[80,80,80,80,80,80,80,80,80,80,80,83,83,86,86,86,86,89,89,89,89,89,92,92,92,92,92,92,92,106,106,106,106,111,111,111,111,111,111,111,114,114,114,114,114,117,117,117,117,117],"card_choices":[{"not_picked":["Evolve","Warcry"],"picked":"Seeing Red","floor":1},{"not_picked":["Thunderclap","Sword Boomerang"],"picked":"Cleave","floor":4},{"not_picked":["Blood for Blood","Entrench"],"picked":"Intimidate","floor":6},{"not_picked":["Wild Strike","Pommel Strike"],"picked":"Impervious","floor":7},{"not_picked":["True Grit","Carnage"],"picked":"Rage","floor":10},{"not_picked":["Pommel Strike","Perfected Strike"],"picked":"Feed","floor":11},{"not_picked":["Infernal Blade","Fire Breathing"],"picked":"Clash","floor":12},{"not_picked":["Perfected Strike","Pommel Strike"],"picked":"Whirlwind","floor":14},{"not_picked":["Warcry+1","Heavy Blade"],"picked":"Anger+1","floor":18},{"not_picked":["Pummel","Heavy Blade"],"picked":"Clash","floor":20},{"not_picked":["Warcry","Disarm","Uppercut"],"picked":"SKIP","floor":22},{"not_picked":["Warcry","Shockwave"],"picked":"Body Slam","floor":23},{"not_picked":["Second Wind+1","Demon Form","Clothesline"],"picked":"Flex","floor":25},{"not_picked":["Cleave+1","Power Through","Entrench"],"picked":"Clash","floor":27},{"not_picked":["Sever Soul+1","Battle Trance","Body Slam","True Grit"],"picked":"SKIP","floor":28},{"not_picked":["Feed","Spot Weakness","Fiend Fire","Armaments"],"picked":"SKIP","floor":30},{"not_picked":["Hemokinesis","Twin Strike+1","Intimidate"],"picked":"Rage","floor":31},{"not_picked":["Sword Boomerang","Armaments+1","Wild Strike"],"picked":"Ghostly Armor+1","floor":35},{"not_picked":["Sword Boomerang","Armaments","Havoc+1"],"picked":"Pommel Strike+1","floor":36},{"not_picked":["HandOfGreed","Panacea","Blind"],"picked":"Enlightenment","floor":38},{"not_picked":["Shrug It Off+1","Perfected Strike+1","Heavy Blade"],"picked":"Clash+1","floor":39},{"not_picked":["Cleave","Pommel Strike+1","Thunderclap","Havoc"],"picked":"SKIP","floor":40},{"not_picked":["Burning Pact","Iron Wave","Evolve"],"picked":"Flex+1","floor":41},{"not_picked":["Iron Wave","Headbutt+1","Corruption+1","Perfected Strike+1"],"picked":"SKIP","floor":46},{"not_picked":["Iron Wave","Corruption+1","Perfected Strike+1"],"picked":"Headbutt+1","floor":46},{"not_picked":["Cleave","Heavy Blade+1","Clothesline+1"],"picked":"Intimidate+1","floor":48}],"player_experience":138225,"relics_obtained":[{"floor":7,"key":"Red Skull"},{"floor":9,"key":"Anchor"},{"floor":11,"key":"Unceasing Top"},{"floor":23,"key":"Question Card"},{"floor":26,"key":"Bronze Scales"},{"floor":28,"key":"PreservedInsect"},{"floor":30,"key":"Mango"},{"floor":36,"key":"StoneCalendar"},{"floor":40,"key":"Bag of Preparation"},{"floor":43,"key":"Boot"},{"floor":46,"key":"Bottled Lightning"}],"event_choices":[{"damage_healed":0,"gold_gain":0,"player_choice":"Entered Light","damage_taken":16,"max_hp_gain":0,"max_hp_loss":0,"event_name":"Shining Light","floor":2,"gold_loss":0,"cards_upgraded":["Defend_R","Strike_R"]},{"damage_healed":0,"gold_gain":0,"player_choice":"Success","damage_taken":7,"relics_obtained":["MawBank"],"max_hp_gain":0,"max_hp_loss":0,"event_name":"Scrap Ooze","floor":5,"gold_loss":0},{"damage_healed":0,"gold_gain":0,"player_choice":"Grow","damage_taken":0,"max_hp_gain":0,"max_hp_loss":0,"event_name":"Living Wall","floor":8,"gold_loss":0,"cards_upgraded":["Cleave"]},{"damage_healed":0,"gold_gain":0,"player_choice":"Upgrade","damage_taken":0,"max_hp_gain":0,"max_hp_loss":0,"event_name":"Designer","floor":19,"gold_loss":40,"cards_upgraded":["Seeing Red"]},{"damage_healed":0,"gold_gain":0,"player_choice":"Read","damage_taken":0,"max_hp_gain":0,"max_hp_loss":0,"event_name":"The Library","floor":21,"gold_loss":0,"cards_obtained":["Cleave"]},{"damage_healed":0,"gold_gain":0,"player_choice":"Joined the Cult","damage_taken":6,"max_hp_gain":0,"max_hp_loss":0,"event_name":"Nest","floor":24,"gold_loss":0,"cards_obtained":["RitualDagger"]},{"damage_healed":0,"gold_gain":0,"player_choice":"Fight","damage_taken":0,"max_hp_gain":0,"max_hp_loss":0,"event_name":"Mysterious Sphere","floor":36,"gold_loss":0},{"damage_healed":0,"gold_gain":0,"player_choice":"Memory 1","damage_taken":0,"max_hp_gain":0,"max_hp_loss":0,"event_name":"SensoryStone","floor":38,"gold_loss":0},{"damage_healed":0,"gold_gain":0,"player_choice":"Ignored","damage_taken":0,"max_hp_gain":0,"max_hp_loss":0,"event_name":"Tomb of Lord Red Mask","floor":42,"gold_loss":0}],"is_beta":false,"boss_relics":[{"not_picked":["Velvet Choker","Sozu"],"picked":"Philosopher\u0027s Stone"},{"not_picked":["Empty Cage","Eternal Feather"],"picked":"Tiny House"}],"items_purged_floors":[37,44],"is_endless":false,"potions_floor_spawned":[1,6,11,14,16,22,23,25,30,31,35,40,41],"ascension_level":4}