{"gold_per_floor":[210,210,10,10,26,26,60,60,60,135,135,170,183,183,183,282,282,300,210,221,15,26,26,26,39,66,30,30,56,56,4,4,4],"floor_reached":33,"playtime":1793,"items_purged":["Strike_G"],"score":282,"play_id":"4fea7b04-d04d-443c-bec8-dfe99d05bb3f","local_time":"20190802005211","is_ascension_mode":true,"campfire_choices":[{"floor":6.0,"key":"REST"},{"data":"Catalyst","floor":15,"key":"SMITH"},{"floor":23,"key":"REST"},{"floor":28,"key":"REST"},{"floor":30,"key":"REST"},{"floor":32,"key":"REST"}],"neow_cost":"NONE","seed_source_timestamp":606851941988300,"circlet_count":0,"master_deck":["Strike_G","Strike_G+1","Defend_G+1","Defend_G","Defend_G","Defend_G","Defend_G","Survivor","Neutralize","Bouncing Flask","Noxious Fumes","Blind","Catalyst+1","Skewer","Bane","Outmaneuver","Wraith Form v2+1","Masterful Stab+1","Slice","Bane+1","Metamorphosis","Outmaneuver","Quick Slash","Leg Sweep","Crippling Poison","Deflect+1"],"special_seed":0,"relics":["Ring of the Snake","Shuriken","Frozen Egg 2","Sundial","Oddly Smooth Stone","Black Star","MutagenicStrength","Regal Pillow","Meat on the Bone","Bottled Flame"],"potions_floor_usage":[13,16,16,22,33],"damage_taken":[{"damage":1.0,"enemies":"Jaw Worm","floor":1.0,"turns":5.0},{"damage":4.0,"enemies":"Small Slimes","floor":5.0,"turns":4.0},{"damage":15.0,"enemies":"Gremlin Nob","floor":7.0,"turns":4.0},{"damage":18,"enemies":"Lagavulin","floor":12,"turns":6},{"damage":3,"enemies":"2 Louse","floor":13,"turns":3},{"damage":17,"enemies":"Slime Boss","floor":16,"turns":7},{"damage":16,"enemies":"3 Byrds","floor":18,"turns":5},{"damage":2,"enemies":"2 Thieves","floor":19,"turns":5},{"damage":12,"enemies":"Snecko","floor":20,"turns":4},{"damage":4,"enemies":"3 Cultists","floor":22,"turns":6},{"damage":44,"enemies":"Shelled Parasite and Fungi","floor":25,"turns":8},{"damage":34,"enemies":"Gremlin Leader","floor":29,"turns":6},{"damage":72,"enemies":"Collector","floor":33,"turns":8}],"seed_played":"362894519868127078","potions_obtained":[{"floor":1.0,"key":"EssenceOfSteel"},{"floor":7.0,"key":"Strength Potion"},{"floor":12,"key":"Regen Potion"},{"floor":20,"key":"Dexterity Potion"}],"is_trial":false,"path_per_floor":["M","?","$","?","M","R","E","?","T","?","?","E","M","?","R","B",null,"M","M","M","$","M","R","?","M","T","$","R","E","R","$","R","B"],"character_chosen":"THE_SILENT","items_purchased":["Noxious Fumes","Blind","Metamorphosis","Outmaneuver","Crippling Poison","FearPotion"],"campfire_rested":5,"item_purchase_floors":[3,3,21,21,27,31],"current_hp_per_floor":[69,55,55,52,48,69,54,54,54,43,66,48,45,45,45,42,70,54,52,40,40,36,57,57,13,13,13,49,15,51,51,70,0],"gold":4,"neow_bonus":"HUNDRED_GOLD","is_prod":false,"is_daily":false,"chose_seed":false,"campfire_upgraded":1,"win_rate":0,"timestamp":1564725131,"path_taken":["M","?","$","?","M","R","E","?","T","?","?","E","?","?","R","BOSS","M","M","?","$","M","R","?","M","T","$","R","E","R","$","R","BOSS"],"build_version":"2019-07-17","purchased_purges":1,"victory":false,"max_hp_per_floor":[70,70,70,70,70,70,70,70,70,70,70,70,70,70,70,70,70,70,70,70,70,70,70,70,70,70,70,70,70,70,70,70,70],"card_choices":[{"not_picked":["Accuracy","Poisoned Stab"],"picked":"Bouncing Flask","floor":1.0},{"not_picked":["Deflect","Expertise"],"picked":"Catalyst","floor":5.0},{"not_picked":["Cloak And Dagger","Concentrate"],"picked":"Skewer","floor":7.0},{"not_picked":["Dagger Throw","Deadly Poison"],"picked":"Bane","floor":12},{"not_picked":["Catalyst","Sucker Punch"],"picked":"Outmaneuver","floor":13},{"not_picked":["Die Die Die","Night Terror"],"picked":"Wraith Form v2+1","floor":16},{"not_picked":["Choke","Reflex"],"picked":"Masterful Stab+1","floor":18},{"not_picked":["Skewer","Dodge and Roll"],"picked":"Slice","floor":19},{"not_picked":["Terror+1","Dagger Spray+1"],"picked":"Bane+1","floor":20},{"not_picked":["Deadly Poison","Reflex"],"picked":"Quick Slash","floor":22},{"not_picked":["Bane","Dagger Throw"],"picked":"Leg Sweep","floor":25},{"not_picked":["Slice","Crippling Poison"],"picked":"Deflect+1","floor":29}],"player_experience":215871,"relics_obtained":[{"floor":7.0,"key":"Frozen Egg 2"},{"floor":9.0,"key":"Sundial"},{"floor":12,"key":"Oddly Smooth Stone"},{"floor":26,"key":"Regal Pillow"},{"floor":29,"key":"Meat on the Bone"},{"floor":29,"key":"Bottled Flame"}],"event_choices":[{"damage_healed":0.0,"max_hp_gain":0.0,"max_hp_loss":0.0,"gold_gain":0.0,"event_name":"Shining Light","player_choice":"Entered Light","floor":2.0,"gold_loss":0.0,"damage_taken":14.0,"cards_upgraded":["Strike_G","Defend_G"]},{"damage_healed":0.0,"max_hp_gain":0.0,"max_hp_loss":0.0,"gold_gain":0.0,"event_name":"Scrap Ooze","player_choice":"Success","floor":4.0,"gold_loss":0.0,"damage_taken":3.0,"relics_obtained":["Shuriken"]},{"cards_removed":["Strike_G"],"damage_healed":0.0,"max_hp_gain":0.0,"max_hp_loss":0.0,"gold_gain":0.0,"event_name":"Living Wall","player_choice":"Forget","floor":8.0,"gold_loss":0.0,"damage_taken":0.0},{"damage_healed":0,"gold_gain":75,"player_choice":"Gather Gold","damage_taken":11,"max_hp_gain":0,"max_hp_loss":0,"event_name":"World of Goop","floor":10,"gold_loss":0},{"damage_healed":23,"gold_gain":0,"player_choice":"Banana","damage_taken":0,"max_hp_gain":0,"max_hp_loss":0,"event_name":"Big Fish","floor":11,"gold_loss":0},{"cards_removed":["Strike_G"],"damage_healed":0,"gold_gain":0,"player_choice":"Card Removal","damage_taken":0,"max_hp_gain":0,"max_hp_loss":0,"event_name":"Wheel of Change","floor":14,"gold_loss":0},{"damage_healed":0,"gold_gain":0,"player_choice":"Inject Mutagens","damage_taken":0,"relics_obtained":["MutagenicStrength"],"max_hp_gain":0,"max_hp_loss":0,"event_name":"Drug Dealer","floor":24,"gold_loss":0}],"is_beta":false,"boss_relics":[{"not_picked":["HoveringKite","Eternal Feather"],"picked":"Black Star"}],"items_purged_floors":[3],"is_endless":false,"potions_floor_spawned":[1,7,12,20],"killed_by":"Collector","ascension_level":1}