{"gold_per_floor":[211,286,19,35,35,63,63,81,81,91,91,91,42,55,55,151,151,164,183,35,35,54,85,104,104,104,104,123,158,158],"floor_reached":30,"playtime":2109,"items_purged":[],"score":272,"play_id":"cc67a864-fc14-4d24-933e-457af0b0c333","local_time":"20190717203200","is_ascension_mode":false,"campfire_choices":[{"floor":7,"key":"REST"},{"floor":11,"key":"REST"},{"data":"Bane","floor":15,"key":"SMITH"},{"floor":25,"key":"REST"},{"floor":27,"key":"REST"}],"neow_cost":"NONE","seed_source_timestamp":595906644389700,"circlet_count":0,"master_deck":["Strike_G","Strike_G","Strike_G","Defend_G+1","Defend_G","Defend_G","Defend_G","Survivor","Neutralize","Choke","Deadly Poison+1","Skewer+1","Dagger Spray","Predator","Bane+1","Slice","Poisoned Stab","Venomology","Dagger Spray+1","Bane","Bane","Dagger Throw+1","PiercingWail+1"],"relics":["Ring of the Snake","Sundial","Mercury Hourglass","Bag of Marbles","Empty Cage","Orichalcum","Dodecahedron","Happy Flower","War Paint"],"potions_floor_usage":[16,16,16,18,19,19,21,22,22,22,23,24,24,28,28,29],"damage_taken":[{"damage":0,"enemies":"Jaw Worm","floor":1,"turns":4},{"damage":3,"enemies":"Small Slimes","floor":4,"turns":3},{"damage":41,"enemies":"3 Sentries","floor":6,"turns":10},{"damage":0,"enemies":"Cultist","floor":8,"turns":2},{"damage":8,"enemies":"Exordium Thugs","floor":10,"turns":3},{"damage":0,"enemies":"3 Louse","floor":14,"turns":1},{"damage":24,"enemies":"Hexaghost","floor":16,"turns":8},{"damage":2,"enemies":"Chosen","floor":18,"turns":3},{"damage":12,"enemies":"2 Thieves","floor":19,"turns":3},{"damage":0,"enemies":"Centurion and Healer","floor":21,"turns":1},{"damage":0,"enemies":"Snecko","floor":22,"turns":2},{"damage":35,"enemies":"Gremlin Leader","floor":23,"turns":4},{"damage":0,"enemies":"3 Cultists","floor":24,"turns":3},{"damage":36,"enemies":"Shelled Parasite and Fungi","floor":28,"turns":4},{"damage":25,"enemies":"Slavers","floor":29,"turns":4},{"damage":4,"enemies":"Chosen and Byrds","floor":30,"turns":1}],"seed_played":"-1078789775094299255","potions_obtained":[{"floor":6,"key":"Explosive Potion"},{"floor":8,"key":"Dexterity Potion"},{"floor":10,"key":"Energy Potion"},{"floor":16,"key":"Poison Potion"},{"floor":18,"key":"SmokeBomb"},{"floor":23,"key":"LiquidBronze"},{"floor":24,"key":"Poison Potion"}],"is_trial":false,"path_per_floor":["M","?","$","M","?","E","R","M","T","M","R","?","$","M","R","B",null,"M","M","$","M","M","E","M","R","T","R","M","E","M"],"character_chosen":"THE_SILENT","items_purchased":["Sundial","Deadly Poison","Slice","Orichalcum"],"campfire_rested":4,"item_purchase_floors":[3,3,13,20],"current_hp_per_floor":[70,59,59,56,56,15,36,36,36,28,49,49,49,49,49,25,70,68,56,56,56,56,21,21,42,42,63,27,2,0],"gold":158,"neow_bonus":"HUNDRED_GOLD","is_prod":false,"is_daily":false,"chose_seed":false,"campfire_upgraded":1,"win_rate":0.0,"timestamp":1563413520,"path_taken":["M","?","$","M","?","E","R","M","T","M","R","?","$","M","R","BOSS","M","M","$","M","M","E","M","R","T","R","M","E","?"],"build_version":"2019-07-17","purchased_purges":0,"victory":false,"max_hp_per_floor":[70,70,70,70,70,70,70,70,70,70,70,70,70,70,70,70,70,70,70,70,70,70,70,70,70,70,70,70,70,70],"card_choices":[{"not_picked":["Blade Dance","Deflect"],"picked":"Choke","floor":1},{"not_picked":["Outmaneuver","Tactician"],"picked":"Skewer","floor":4},{"not_picked":["Tactician","Flechettes"],"picked":"Dagger Spray","floor":6},{"not_picked":["Caltrops","PiercingWail"],"picked":"Predator","floor":8},{"not_picked":["Poisoned Stab","Prepared"],"picked":"Bane","floor":10},{"not_picked":["Reflex","Blade Dance"],"picked":"Poisoned Stab","floor":14},{"not_picked":["Malaise","Envenom"],"picked":"Venomology","floor":16},{"not_picked":["Outmaneuver","Backflip"],"picked":"Dagger Spray+1","floor":18},{"not_picked":["Blur","Deadly Poison"],"picked":"Bane","floor":19},{"not_picked":["Outmaneuver","Prepared"],"picked":"Bane","floor":22},{"not_picked":["Bane","Deadly Poison","Underhanded Strike"],"picked":"SKIP","floor":23},{"not_picked":["Expertise+1","Quick Slash","Night Terror"],"picked":"SKIP","floor":24},{"not_picked":["Terror","Skewer+1"],"picked":"Dagger Throw+1","floor":28},{"not_picked":["Bane","Crippling Poison"],"picked":"PiercingWail+1","floor":29}],"player_experience":114686,"relics_obtained":[{"floor":6,"key":"Mercury Hourglass"},{"floor":9,"key":"Bag of Marbles"},{"floor":23,"key":"Dodecahedron"},{"floor":26,"key":"Happy Flower"},{"floor":29,"key":"War Paint"}],"event_choices":[{"damage_healed":0,"gold_gain":75,"player_choice":"Gather Gold","damage_taken":11,"max_hp_gain":0,"max_hp_loss":0,"event_name":"World of Goop","floor":2,"gold_loss":0},{"damage_healed":0,"gold_gain":0,"player_choice":"Grow","damage_taken":0,"max_hp_gain":0,"max_hp_loss":0,"event_name":"Living Wall","floor":5,"gold_loss":0,"cards_upgraded":["Skewer"]},{"cards_removed":["Strike_G"],"damage_healed":0,"gold_gain":0,"player_choice":"Offered Basic","damage_taken":0,"max_hp_gain":0,"max_hp_loss":0,"event_name":"Bonfire Elementals","floor":12,"gold_loss":0}],"is_beta":false,"boss_relics":[{"not_picked":["Ring of the Serpent","HoveringKite"],"picked":"Empty Cage"}],"items_purged_floors":[],"is_endless":false,"potions_floor_spawned":[6,8,10,16,18,23,24],"killed_by":"Chosen and Byrds","ascension_level":0}