{"gold_per_floor":[118,137,150,150,171,171,207,207,233,233,253,253,271,314,314,435,435,450,474,474,724,741,767,786,414,414,442,462,462,9,9,9,9],"floor_reached":33,"playtime":2681,"items_purged":["Strike_G","Regret"],"score":446,"play_id":"d2a0678a-4ef2-42f8-9c0e-287d47ec8052","local_time":"20180723005845","is_ascension_mode":true,"campfire_choices":[{"data":"Cloak And Dagger","floor":6,"key":"SMITH"},{"data":"Noxious Fumes","floor":8,"key":"SMITH"},{"floor":15,"key":"REST"},{"floor":29,"key":"REST"},{"data":"After Image","floor":32,"key":"SMITH"}],"neow_cost":"","seed_source_timestamp":121417043599238,"circlet_count":0,"master_deck":["Defend_G","Defend_G","Defend_G","Defend_G","Defend_G","Strike_G+1","Strike_G+1","Strike_G","Survivor","Neutralize","Leg Sweep","Backflip","Bane","Cloak And Dagger+1","Noxious Fumes+1","Bane","Deadly Poison","Cloak And Dagger","Crippling Poison","After Image+1","Bouncing Flask","Backflip","Cloak And Dagger","Heel Hook","Sucker Punch","Blade Dance","PiercingWail","Doppelganger","Footwork","Cloak And Dagger","Dodge and Roll+1","Backflip","Well Laid Plans","Adrenaline","Tactician","Cloak And Dagger"],"relics":["Ring of the Snake","Bloody Idol","Whetstone","Snake Skull","Orrery","Ice Cream","Bottled Tornado","The Courier","Pear","Happy Flower","Nloth\u0027s Gift"],"potions_floor_usage":[5,7,14,16,19,19,23,23,33],"damage_taken":[{"damage":2,"enemies":"2 Louse","floor":1,"turns":3},{"damage":0,"enemies":"Jaw Worm","floor":2,"turns":6},{"damage":9,"enemies":"Small Slimes","floor":3,"turns":5},{"damage":8,"enemies":"3 Louse","floor":5,"turns":4},{"damage":9,"enemies":"3 Sentries","floor":7,"turns":12},{"damage":11,"enemies":"Gremlin Gang","floor":11,"turns":5},{"damage":0,"enemies":"Exordium Thugs","floor":13,"turns":4},{"damage":24,"enemies":"Gremlin Nob","floor":14,"turns":5},{"damage":17,"enemies":"Hexaghost","floor":16,"turns":10},{"damage":1,"enemies":"Shell Parasite","floor":18,"turns":6},{"damage":17,"enemies":"Chosen","floor":19,"turns":6},{"damage":2,"enemies":"Snecko","floor":22,"turns":5},{"damage":12,"enemies":"Slavers","floor":23,"turns":11},{"damage":12,"enemies":"Centurion and Healer","floor":24,"turns":7},{"damage":32,"enemies":"Book of Stabbing","floor":27,"turns":6},{"damage":19,"enemies":"Snake Plant","floor":28,"turns":5},{"damage":38,"enemies":"Collector","floor":33,"turns":7}],"seed_played":"6332053406169924274","potions_obtained":[{"floor":3,"key":"SteroidPotion"},{"floor":5,"key":"SkillPotion"},{"floor":11,"key":"Swift Potion"},{"floor":13,"key":"LiquidBronze"},{"floor":16,"key":"Block Potion"},{"floor":18,"key":"AttackPotion"},{"floor":19,"key":"Block Potion"},{"floor":22,"key":"Energy Potion"},{"floor":28,"key":"Swift Potion"}],"is_trial":false,"path_per_floor":["M","M","M","?","M","R","E","R","T","?","M","?","M","E","R","B",null,"M","M","?","?","M","E","M","$","T","E","M","R","$","?","R"],"character_chosen":"THE_SILENT","items_purchased":["Bottled Tornado","Cloak And Dagger","Well Laid Plans","Adrenaline","Happy Flower","Tactician","Cloak And Dagger"],"campfire_rested":2,"item_purchase_floors":[25,25,30,30,30,30,30],"current_hp_per_floor":[68,68,59,42,34,34,32,32,32,32,21,26,26,2,26,9,64,63,46,46,51,54,47,40,40,40,23,9,36,36,36,36,0],"gold":9,"neow_bonus":"","is_prod":false,"is_daily":false,"chose_seed":false,"campfire_upgraded":3,"win_rate":0,"timestamp":1532321925,"path_taken":["M","M","M","?","M","R","E","R","T","?","?","?","M","E","R","BOSS","M","M","?","?","M","E","M","$","T","E","?","R","$","?","R","BOSS"],"build_version":"2018-07-19v2","purchased_purges":2,"victory":false,"max_hp_per_floor":[70,70,70,70,70,70,77,77,77,77,77,82,82,82,82,82,82,82,82,82,82,82,82,82,82,82,92,92,92,92,92,92,92],"card_choices":[{"not_picked":["Outmaneuver","Deadly Poison"],"picked":"Leg Sweep","floor":1},{"not_picked":["Infinite Blades","Calculated Gamble"],"picked":"Backflip","floor":2},{"not_picked":["Flechettes","Outmaneuver"],"picked":"Bane","floor":3},{"not_picked":["Caltrops","Poisoned Stab"],"picked":"Cloak And Dagger","floor":5},{"not_picked":["Blade Dance","Unload"],"picked":"Noxious Fumes","floor":7},{"not_picked":["Dodge and Roll","Predator"],"picked":"Deadly Poison","floor":11},{"not_picked":["Bane","Dodge and Roll"],"picked":"Cloak And Dagger","floor":13},{"not_picked":["Dagger Throw","Endless Agony"],"picked":"Crippling Poison","floor":14},{"not_picked":["Unload","Die Die Die"],"picked":"After Image","floor":16},{"not_picked":["Deflect","Blade Dance"],"picked":"Bouncing Flask","floor":17},{"not_picked":["Underhanded Strike","Prepared"],"picked":"Backflip","floor":17},{"not_picked":["Noxious Fumes","Deadly Poison"],"picked":"Cloak And Dagger","floor":17},{"not_picked":["Dagger Spray","Expertise"],"picked":"Heel Hook","floor":17},{"not_picked":["Finisher","Reflex"],"picked":"Sucker Punch","floor":17},{"not_picked":["Eviscerate+1","Concentrate"],"picked":"Blade Dance","floor":18},{"not_picked":["Dodge and Roll","Outmaneuver","Quick Slash"],"picked":"SKIP","floor":19},{"not_picked":["Finisher","Dagger Throw"],"picked":"PiercingWail","floor":22},{"not_picked":["Endless Agony","Underhanded Strike+1"],"picked":"Doppelganger","floor":23},{"not_picked":["Finisher+1","All Out Attack"],"picked":"Footwork","floor":24},{"not_picked":["Skewer","Dagger Spray"],"picked":"Dodge and Roll+1","floor":27},{"not_picked":["Blur","Quick Slash"],"picked":"Backflip","floor":28}],"player_experience":250364,"relics_obtained":[{"floor":7,"key":"Strawberry"},{"floor":9,"key":"Whetstone"},{"floor":14,"key":"Snake Skull"},{"floor":23,"key":"Ice Cream"},{"floor":26,"key":"The Courier"},{"floor":27,"key":"Pear"}],"event_choices":[{"event_name":"Golden Idol","player_choice":"Take Damage","floor":4,"damage_taken":0},{"event_name":"Living Wall","player_choice":"Change","floor":10,"damage_taken":0},{"event_name":"Big Fish","player_choice":"Donut","floor":12,"damage_taken":0},{"event_name":"Forgotten Altar","player_choice":"Gave Idol","floor":20,"damage_taken":0},{"event_name":"Golden Shrine","player_choice":"Desecrate","floor":21,"damage_taken":0},{"event_name":"N\u0027loth","player_choice":"Traded a Strawberry","floor":31,"damage_taken":0}],"is_beta":false,"boss_relics":[{"not_picked":["Empty Cage","Tiny House"],"picked":"Orrery"}],"items_purged_floors":[25,30],"is_endless":false,"potions_floor_spawned":[3,5,11,13,16,18,19,22,28],"killed_by":"Collector","ascension_level":5}