{"gold_per_floor":[114,114,11,11,24,58,58,93,120,120,120,120,20,31,31,103,103,116,91,16,16,26,26,26,45,45,45,61,61,87,98,98,171,171,183,58,158,158,175,201,122,153,153,182,182,206,206,219,219,219,219,219,219,12,41,41],"floor_reached":57,"playtime":3111,"items_purged":["Strike_G","Pain","Dagger Throw+1","Deadly Poison+1"],"score":2953,"play_id":"e77e7740-e43d-4d09-82fe-7adffcc8057b","local_time":"20190725230423","is_ascension_mode":true,"campfire_choices":[{"data":"Calculated Gamble","floor":7.0,"key":"SMITH"},{"floor":10.0,"key":"REST"},{"data":"Neutralize","floor":12.0,"key":"SMITH"},{"data":"Deadly Poison","floor":15.0,"key":"SMITH"},{"floor":27.0,"key":"REST"},{"floor":32.0,"key":"REST"},{"floor":45.0,"key":"REST"},{"data":"Tactician","floor":47.0,"key":"SMITH"},{"floor":49.0,"key":"RECALL"},{"data":"Flechettes","floor":53.0,"key":"SMITH"}],"neow_cost":"NONE","seed_source_timestamp":619861045023653,"circlet_count":0,"master_deck":["AscendersBane","Survivor","Neutralize+1","Caltrops","Caltrops","Caltrops","Calculated Gamble+1","PiercingWail","Malaise","Deflect+1","Footwork+1","Backflip","Well Laid Plans","Flechettes+1","Calculated Gamble","Tactician+1","Night Terror","Escape Plan","PiercingWail"],"special_seed":0,"relics":["Ring of the Snake","NeowsBlessing","Boot","Bronze Scales","Art of War","WarpedTongs","Astrolabe","Bag of Preparation","Blood Vial","Runic Pyramid","Turnip","Darkstone Periapt","Molten Egg 2","Regal Pillow","Vajra","Ginger"],"potions_floor_usage":[56],"damage_taken":[{"damage":0.0,"enemies":"Jaw Worm","floor":1.0,"turns":1.0},{"damage":0.0,"enemies":"Cultist","floor":5.0,"turns":1.0},{"damage":0.0,"enemies":"3 Sentries","floor":6.0,"turns":2.0},{"damage":58.0,"enemies":"Gremlin Nob","floor":8.0,"turns":6.0},{"damage":0.0,"enemies":"2 Louse","floor":14.0,"turns":2.0},{"damage":14.0,"enemies":"The Guardian","floor":16.0,"turns":9.0},{"damage":10.0,"enemies":"Chosen","floor":18.0,"turns":7.0},{"damage":14.0,"enemies":"2 Thieves","floor":19.0,"turns":4.0},{"damage":5.0,"enemies":"Snecko","floor":22.0,"turns":8.0},{"damage":23.0,"enemies":"Shelled Parasite and Fungi","floor":25.0,"turns":5.0},{"damage":0.0,"enemies":"Cultist and Chosen","floor":28.0,"turns":7.0},{"damage":21.0,"enemies":"Slavers","floor":30.0,"turns":5.0},{"damage":0.0,"enemies":"Snake Plant","floor":31.0,"turns":3.0},{"damage":0.0,"enemies":"Collector","floor":33.0,"turns":10.0},{"damage":0.0,"enemies":"3 Darklings","floor":35.0,"turns":5.0},{"damage":0.0,"enemies":"Mind Bloom Boss Battle","floor":37.0,"turns":7.0},{"damage":0.0,"enemies":"3 Shapes","floor":39.0,"turns":4.0},{"damage":27.0,"enemies":"Nemesis","floor":40.0,"turns":11.0},{"damage":32.0,"enemies":"Reptomancer","floor":42.0,"turns":7.0},{"damage":7.0,"enemies":"Giant Head","floor":44.0,"turns":8.0},{"damage":7.0,"enemies":"Maw","floor":48.0,"turns":6.0},{"damage":7.0,"enemies":"Donu and Deca","floor":50.0,"turns":9.0},{"damage":0.0,"enemies":"Time Eater","floor":51.0,"turns":13.0},{"damage":34.0,"enemies":"Shield and Spear","floor":55.0,"turns":11.0},{"damage":15,"enemies":"The Heart","floor":56,"turns":11}],"seed_played":"3110099155767295171","potions_obtained":[{"floor":8.0,"key":"Fruit Juice"},{"floor":14.0,"key":"Regen Potion"},{"floor":19.0,"key":"Weak Potion"},{"floor":30.0,"key":"Dexterity Potion"},{"floor":31.0,"key":"Swift Potion"},{"floor":42.0,"key":"Swift Potion"}],"is_trial":false,"path_per_floor":["M","?","$","?","M","E","R","E","T","R","?","R","$","M","R","B",null,"M","M","?","$","M","?","$","M","T","R","M","?","E","M","R","B",null,"M","$","?","?","M","E","$","E","T","E","R","T","R","M","R","B","B",null,"R","$","E","B",null],"character_chosen":"THE_SILENT","items_purchased":["Deadly Poison","Ancient Potion","Weak Potion"],"campfire_rested":4,"item_purchase_floors":[3,41,54],"current_hp_per_floor":[59,59,59,59,59,59,59,1,1,20,20,20,20,20,20,26,60,50,36,36,36,31,31,31,8,8,29,29,29,8,10,31,33,62,64,64,66,66,68,43,43,13,13,8,44,44,44,39,39,34,36,62,62,62,30,17],"gold":41,"neow_bonus":"THREE_ENEMY_KILL","is_prod":false,"is_daily":false,"chose_seed":false,"campfire_upgraded":5,"win_rate":0,"timestamp":1564067063,"path_taken":["M","?","?","?","M","E","R","E","T","R","?","R","$","?","R","BOSS","M","M","?","$","M","?","$","?","T","R","M","?","E","M","R","BOSS","M","$","?","?","?","E","$","E","T","E","R","?","R","M","R","BOSS","BOSS","R","$","E","BOSS"],"build_version":"2019-07-17","purchased_purges":4,"victory":true,"max_hp_per_floor":[66,66,66,66,66,66,66,66,66,66,66,66,66,66,66,71,71,71,71,71,71,71,71,71,71,71,71,71,71,71,71,71,71,71,71,71,71,71,71,71,71,71,71,71,71,71,71,71,71,71,71,71,71,71,71,71],"card_choices":[{"not_picked":["Deflect","Blade Dance"],"picked":"Caltrops","floor":1.0},{"not_picked":["Dodge and Roll","Dagger Spray"],"picked":"Caltrops","floor":5.0},{"not_picked":["Quick Slash","All Out Attack"],"picked":"Calculated Gamble","floor":6.0},{"not_picked":["Slice","Bane"],"picked":"PiercingWail","floor":8.0},{"not_picked":["Leg Sweep","Underhanded Strike","Outmaneuver"],"picked":"SKIP","floor":14.0},{"not_picked":["Tools of the Trade","Doppelganger"],"picked":"Malaise","floor":16.0},{"not_picked":["Sucker Punch","Outmaneuver"],"picked":"Backflip","floor":18.0},{"not_picked":["Deflect","Dodge and Roll","Backstab+1"],"picked":"SKIP","floor":19.0},{"not_picked":["Deflect","Predator"],"picked":"Well Laid Plans","floor":22.0},{"not_picked":["Slice","Setup","Reflex"],"picked":"SKIP","floor":25.0},{"not_picked":["Sucker Punch+1","Prepared","Dagger Spray"],"picked":"SKIP","floor":28.0},{"not_picked":["Prepared","Distraction","Bane"],"picked":"SKIP","floor":30.0},{"not_picked":["Flying Knee","Phantasmal Killer"],"picked":"Tactician","floor":31.0},{"not_picked":["Corpse Explosion","Wraith Form v2"],"picked":"Night Terror","floor":33.0},{"not_picked":["Dodge and Roll","Outmaneuver","Leg Sweep"],"picked":"SKIP","floor":35.0},{"not_picked":["Eviscerate","Slice+1"],"picked":"Escape Plan","floor":37.0},{"not_picked":["Masterful Stab","Dodge and Roll","Eviscerate"],"picked":"SKIP","floor":39.0},{"not_picked":["Eviscerate","Bouncing Flask","Dagger Throw+1"],"picked":"SKIP","floor":40.0},{"not_picked":["Backflip","Deadly Poison","Outmaneuver"],"picked":"SKIP","floor":42.0},{"not_picked":["Flying Knee+1","Crippling Poison","Distraction"],"picked":"SKIP","floor":44.0},{"not_picked":["Calculated Gamble","Corpse Explosion","Deadly Poison"],"picked":"SKIP","floor":48.0},{"not_picked":["Cloak And Dagger","Flying Knee+1","Poisoned Stab+1"],"picked":"SKIP","floor":55.0}],"player_experience":2074616,"relics_obtained":[{"floor":6.0,"key":"Boot"},{"floor":8.0,"key":"Bronze Scales"},{"floor":9.0,"key":"Art of War"},{"floor":26.0,"key":"Bag of Preparation"},{"floor":30.0,"key":"Blood Vial"},{"floor":37.0,"key":"Turnip"},{"floor":40.0,"key":"Darkstone Periapt"},{"floor":42.0,"key":"Molten Egg 2"},{"floor":44.0,"key":"Regal Pillow"},{"floor":46.0,"key":"Vajra"},{"floor":55.0,"key":"Ginger"}],"event_choices":[{"cards_removed":["Strike_G"],"damage_healed":0.0,"max_hp_gain":0.0,"max_hp_loss":0.0,"gold_gain":0.0,"event_name":"Bonfire Elementals","player_choice":"Offered Basic","floor":2.0,"gold_loss":0.0,"damage_taken":0.0},{"damage_healed":0.0,"max_hp_gain":0.0,"max_hp_loss":0.0,"gold_gain":0.0,"cards_transformed":["Strike_G"],"event_name":"Living Wall","player_choice":"Change","floor":4.0,"gold_loss":0.0,"damage_taken":0.0,"cards_obtained":["Caltrops"]},{"damage_healed":0.0,"max_hp_gain":0.0,"max_hp_loss":0.0,"gold_gain":0.0,"event_name":"Accursed Blacksmith","player_choice":"Rummage","floor":11.0,"gold_loss":0.0,"damage_taken":0.0,"relics_obtained":["WarpedTongs"],"cards_obtained":["Pain"]},{"cards_removed":["Defend_G"],"damage_healed":0.0,"max_hp_gain":0.0,"max_hp_loss":0.0,"gold_gain":0.0,"event_name":"Beggar","player_choice":"Gave Gold","floor":20.0,"gold_loss":75.0,"damage_taken":0.0},{"damage_healed":0.0,"max_hp_gain":0.0,"max_hp_loss":0.0,"gold_gain":0.0,"cards_transformed":["Defend_G","Defend_G"],"event_name":"Drug Dealer","player_choice":"Became Test Subject","floor":23.0,"gold_loss":0.0,"damage_taken":0.0,"cards_obtained":["Flechettes","Calculated Gamble"]},{"damage_healed":0.0,"max_hp_gain":0.0,"max_hp_loss":0.0,"gold_gain":0.0,"event_name":"MindBloom","player_choice":"Fight","floor":37.0,"gold_loss":0.0,"damage_taken":0.0},{"damage_healed":0.0,"max_hp_gain":0.0,"max_hp_loss":0.0,"gold_gain":0.0,"cards_transformed":["Defend_G"],"event_name":"Transmorgrifier","player_choice":"Transformed","floor":38.0,"gold_loss":0.0,"damage_taken":0.0,"cards_obtained":["PiercingWail"]}],"is_beta":false,"boss_relics":[{"not_picked":["Eternal Feather","Ring of the Serpent"],"picked":"Astrolabe"},{"not_picked":["Sozu","Pandora\u0027s Box"],"picked":"Runic Pyramid"}],"items_purged_floors":[3,13,36,54],"is_endless":false,"potions_floor_spawned":[8,14,19,30,31,42,44,48],"ascension_level":20}