{"gold_per_floor":[212,212,34,47,64,97,97,114,114,147,13,25,37,68,68,168,168,179,179,197,217,19,19,39,56,56,73,73,73,91,6,6,102,102,116,127,4,0,0,25,25,36,59,72,84,84,84,139,139,139],"floor_reached":50,"playtime":4629,"items_purged":[],"score":571,"play_id":"09688373-bf5e-4c7b-8eab-bf0f114e9d1f","local_time":"20190707202557","is_ascension_mode":false,"campfire_choices":[{"data":"Cleave","floor":7,"key":"SMITH"},{"data":"Bash","floor":15,"key":"SMITH"},{"data":"Dual Wield","floor":23,"key":"SMITH"},{"data":"Swift Strike","floor":29,"key":"SMITH"},{"floor":32,"key":"REST"},{"data":"Immolate","floor":46,"key":"SMITH"},{"floor":49,"key":"REST"}],"neow_cost":"NONE","seed_source_timestamp":1530795135288000,"circlet_count":0,"master_deck":["Strike_R+1","Strike_R+1","Strike_R+1","Strike_R+1","Defend_R+1","Defend_R+1","Defend_R+1","Defend_R+1","Bash+1","Cleave+1","Iron Wave","Sever Soul","Anger","Uppercut","Searing Blow","Intimidate","Pummel","Swift Strike+1","Clothesline","Shrug It Off","Rampage","Immolate+1","Whirlwind","Dual Wield+1","Carnage","Twin Strike","Heavy Blade","Heavy Blade","Wild Strike+1","Armaments+1","Double Tap+1","Reckless Charge+1","Heavy Blade+1","Doubt","Anger","Dropkick+1","Inflame","Combust"],"relics":["Burning Blood","PreservedInsect","Anchor","War Paint","Ornamental Fan","Regal Pillow","Philosopher\u0027s Stone","Membership Card","Toxic Egg 2","Bag of Marbles","Black Star","Paper Frog","Red Mask","Bronze Scales","Ancient Tea Set","Strawberry","Mango"],"potions_floor_usage":[10,12,13,16,21,24,25,27,33,42,44,48],"damage_taken":[{"damage":2,"enemies":"Small Slimes","floor":1,"turns":4},{"damage":0,"enemies":"Cultist","floor":4,"turns":2},{"damage":6,"enemies":"2 Louse","floor":5,"turns":2},{"damage":12,"enemies":"Gremlin Nob","floor":6,"turns":4},{"damage":0,"enemies":"2 Fungi Beasts","floor":8,"turns":2},{"damage":10,"enemies":"Lagavulin","floor":10,"turns":5},{"damage":0,"enemies":"Exordium Wildlife","floor":12,"turns":3},{"damage":0,"enemies":"Large Slime","floor":13,"turns":4},{"damage":0,"enemies":"Gremlin Nob","floor":14,"turns":2},{"damage":44,"enemies":"Hexaghost","floor":16,"turns":13},{"damage":0,"enemies":"Shell Parasite","floor":18,"turns":4},{"damage":0,"enemies":"Chosen","floor":20,"turns":4},{"damage":12,"enemies":"Shelled Parasite and Fungi","floor":21,"turns":5},{"damage":0,"enemies":"Centurion and Healer","floor":24,"turns":3},{"damage":27,"enemies":"Sentry and Sphere","floor":25,"turns":5},{"damage":5,"enemies":"Snake Plant","floor":27,"turns":3},{"damage":7,"enemies":"Chosen and Byrds","floor":30,"turns":4},{"damage":95,"enemies":"Collector","floor":33,"turns":10},{"damage":21,"enemies":"3 Darklings","floor":35,"turns":7},{"damage":6,"enemies":"Orb Walker","floor":36,"turns":3},{"damage":46,"enemies":"Reptomancer","floor":40,"turns":4},{"damage":0,"enemies":"Writhing Mass","floor":42,"turns":3},{"damage":27,"enemies":"Transient","floor":44,"turns":5},{"damage":0,"enemies":"Jaw Worm Horde","floor":45,"turns":1},{"damage":2,"enemies":"2 Orb Walkers","floor":48,"turns":4},{"damage":104,"enemies":"Donu and Deca","floor":50,"turns":5}],"seed_played":"-4206848132063044579","potions_obtained":[{"floor":4,"key":"AttackPotion"},{"floor":5,"key":"Dexterity Potion"},{"floor":12,"key":"PowerPotion"},{"floor":13,"key":"Energy Potion"},{"floor":14,"key":"SneckoOil"},{"floor":20,"key":"Swift Potion"},{"floor":24,"key":"Strength Potion"},{"floor":25,"key":"EssenceOfSteel"},{"floor":27,"key":"FairyPotion"},{"floor":40,"key":"SteroidPotion"},{"floor":42,"key":"PowerPotion"},{"floor":44,"key":"Swift Potion"}],"is_trial":false,"path_per_floor":["M","?","$","M","M","E","R","M","T","E","$","M","M","E","R","B",null,"M","$","M","M","$","R","M","M","T","M","?","R","M","$","R","B",null,"M","M","$","?","$","E","?","M","T","M","M","R","?","?","R","B"],"character_chosen":"IRONCLAD","items_purchased":["PreservedInsect","Sever Soul","Swift Strike","Explosive Potion","Membership Card","Bag of Marbles","Armaments+1","Paper Frog"],"campfire_rested":2,"item_purchase_floors":[3,3,11,11,22,31,31,37],"current_hp_per_floor":[80,80,80,80,80,74,74,80,80,76,76,80,80,80,80,42,80,80,80,80,74,74,74,80,59,59,60,60,60,59,59,80,10,80,65,65,65,65,65,25,80,80,87,66,72,72,72,90,101,0],"gold":139,"neow_bonus":"HUNDRED_GOLD","is_prod":false,"is_daily":false,"chose_seed":false,"campfire_upgraded":5,"win_rate":0.0,"timestamp":1562549157,"path_taken":["M","?","$","M","M","E","R","M","T","E","$","M","?","E","R","BOSS","M","$","M","M","$","R","?","M","T","M","?","R","M","$","R","BOSS","M","M","$","?","$","E","?","M","T","M","M","R","?","?","R","BOSS"],"build_version":"2019-07-05","purchased_purges":0,"victory":false,"max_hp_per_floor":[80,80,80,80,80,80,80,80,80,80,80,80,80,80,80,80,80,80,80,80,80,80,80,80,80,80,80,80,80,80,80,80,80,80,80,80,80,80,80,80,80,80,87,87,87,87,87,101,101,101],"card_choices":[{"not_picked":["Sword Boomerang","Reckless Charge"],"picked":"Cleave","floor":1},{"not_picked":["Clothesline","Iron Wave"],"picked":"Anger","floor":4},{"not_picked":["Shrug It Off","Evolve"],"picked":"Uppercut","floor":5},{"not_picked":["Rupture","True Grit"],"picked":"Searing Blow","floor":6},{"not_picked":["Armaments","Heavy Blade"],"picked":"Intimidate","floor":8},{"not_picked":["Evolve","Combust"],"picked":"Pummel","floor":10},{"not_picked":["True Grit","Bloodletting"],"picked":"Clothesline","floor":12},{"not_picked":["Iron Wave","Warcry"],"picked":"Shrug It Off","floor":13},{"not_picked":["Ghostly Armor","Flame Barrier"],"picked":"Rampage","floor":14},{"not_picked":["Brutality","Double Tap"],"picked":"Immolate","floor":16},{"not_picked":["Cleave","Pommel Strike"],"picked":"Whirlwind","floor":18},{"not_picked":["Shrug It Off","Battle Trance"],"picked":"Dual Wield","floor":20},{"not_picked":["Body Slam","Cleave+1"],"picked":"Carnage","floor":21},{"not_picked":["Body Slam","Corruption"],"picked":"Twin Strike","floor":24},{"not_picked":["Disarm","Feel No Pain"],"picked":"Heavy Blade","floor":25},{"not_picked":["True Grit+1","Iron Wave"],"picked":"Heavy Blade","floor":27},{"not_picked":["Dropkick","Perfected Strike"],"picked":"Wild Strike+1","floor":30},{"not_picked":["Dark Embrace","Barricade"],"picked":"Double Tap+1","floor":33},{"not_picked":["Hemokinesis","Perfected Strike"],"picked":"Reckless Charge+1","floor":35},{"not_picked":["Searing Blow","True Grit+1"],"picked":"Heavy Blade+1","floor":36},{"not_picked":["Perfected Strike+1","Corruption+1"],"picked":"True Grit+1","floor":40},{"not_picked":["Shrug It Off+1","Cleave"],"picked":"Anger","floor":42},{"not_picked":["Reckless Charge","True Grit+1"],"picked":"Dropkick+1","floor":44},{"not_picked":["Rupture","Corruption+1"],"picked":"Inflame","floor":45},{"not_picked":["Dual Wield+1","Corruption+1"],"picked":"Combust","floor":48}],"player_experience":43012,"relics_obtained":[{"floor":6,"key":"Anchor"},{"floor":9,"key":"War Paint"},{"floor":10,"key":"Ornamental Fan"},{"floor":14,"key":"Regal Pillow"},{"floor":26,"key":"Toxic Egg 2"},{"floor":40,"key":"Bronze Scales"},{"floor":40,"key":"Ancient Tea Set"},{"floor":43,"key":"Strawberry"},{"floor":48,"key":"Mango"}],"event_choices":[{"cards_removed":["Strike_R"],"damage_healed":0,"gold_gain":0,"player_choice":"Took Card","damage_taken":0,"max_hp_gain":0,"max_hp_loss":0,"event_name":"NoteForYourself","floor":2,"gold_loss":0,"cards_obtained":["Iron Wave"]},{"damage_healed":0,"gold_gain":0,"player_choice":"Simplicity","damage_taken":0,"max_hp_gain":0,"max_hp_loss":0,"event_name":"Back to Basics","floor":28,"gold_loss":0,"cards_upgraded":["Strike_R","Strike_R","Strike_R","Strike_R","Defend_R","Defend_R"]},{"damage_healed":0,"gold_gain":0,"player_choice":"Paid","damage_taken":0,"relics_obtained":["Red Mask"],"max_hp_gain":0,"max_hp_loss":0,"event_name":"Tomb of Lord Red Mask","floor":38,"gold_loss":4},{"damage_healed":55,"gold_gain":0,"player_choice":"Heal","damage_taken":0,"max_hp_gain":0,"max_hp_loss":0,"event_name":"MindBloom","floor":41,"gold_loss":0,"cards_obtained":["Doubt"]},{"cards_removed":["True Grit"],"damage_healed":0,"gold_gain":0,"player_choice":"Removed Skill","damage_taken":0,"max_hp_gain":0,"max_hp_loss":0,"event_name":"Falling","floor":47,"gold_loss":0},{"damage_healed":0,"gold_gain":0,"player_choice":"Fight","damage_taken":0,"max_hp_gain":0,"max_hp_loss":0,"event_name":"Mysterious Sphere","floor":48,"gold_loss":0}],"is_beta":false,"boss_relics":[{"not_picked":["Runic Pyramid","Busted Crown"],"picked":"Philosopher\u0027s Stone"},{"not_picked":["Orrery","Eternal Feather"],"picked":"Black Star"}],"items_purged_floors":[],"is_endless":false,"potions_floor_spawned":[4,5,12,13,14,20,24,25,27,40,42,44],"killed_by":"Donu and Deca","ascension_level":0}