{"gold_per_floor":[109,109,109,122,72,112,131,155,180,17,31,31,46,46,46,176,176,176,176,91,50,50,50,50,50,50,50,50,50,50,50,50,50],"floor_reached":33,"playtime":1413,"items_purged":[],"score":292,"play_id":"12a15e00-fc23-4a2e-8ec5-8f3783091c2d","local_time":"20190301163032","is_ascension_mode":false,"campfire_choices":[{"data":"Accuracy","floor":12,"key":"SMITH"},{"floor":15,"key":"REST"},{"data":"Accuracy","floor":24,"key":"SMITH"},{"data":"Adrenaline","floor":29,"key":"SMITH"},{"floor":32,"key":"REST"}],"neow_cost":"NONE","seed_source_timestamp":3675610901764,"circlet_count":0,"master_deck":["Defend_G","Defend_G","Defend_G","Defend_G","Defend_G","Strike_G","Strike_G","Strike_G","Strike_G","Strike_G","Survivor","Neutralize","Cloak And Dagger","Accuracy+1","Blur","Caltrops","Caltrops","Cloak And Dagger","All Out Attack","Leg Sweep","Blade Dance","Adrenaline+1","Accuracy+1","Footwork","Finisher+1","Caltrops","Flechettes+1"],"relics":["Ring of the Snake","NeowsBlessing","PreservedInsect","Golden Idol","Lantern","Dream Catcher","Ectoplasm","Strawberry","Snake Skull"],"potions_floor_usage":[23,23,25,25],"damage_taken":[{"damage":0,"enemies":"Jaw Worm","floor":1,"turns":1},{"damage":0,"enemies":"2 Louse","floor":4,"turns":1},{"damage":0,"enemies":"3 Sentries","floor":6,"turns":1},{"damage":5,"enemies":"Small Slimes","floor":7,"turns":4},{"damage":0,"enemies":"Blue Slaver","floor":8,"turns":7},{"damage":8,"enemies":"2 Fungi Beasts","floor":11,"turns":4},{"damage":8,"enemies":"Exordium Wildlife","floor":13,"turns":4},{"damage":29,"enemies":"Hexaghost","floor":16,"turns":11},{"damage":2,"enemies":"Shell Parasite","floor":18,"turns":5},{"damage":15,"enemies":"Chosen","floor":22,"turns":6},{"damage":5,"enemies":"Book of Stabbing","floor":23,"turns":5},{"damage":0,"enemies":"Centurion and Healer","floor":25,"turns":4},{"damage":0,"enemies":"Chosen and Byrds","floor":28,"turns":5},{"damage":13,"enemies":"Cultist and Chosen","floor":31,"turns":7},{"damage":72,"enemies":"Champ","floor":33,"turns":16}],"seed_played":"-440168967473553429","potions_obtained":[{"floor":6,"key":"SpeedPotion"},{"floor":7,"key":"Dexterity Potion"},{"floor":8,"key":"Fire Potion"},{"floor":18,"key":"AttackPotion"},{"floor":23,"key":"Explosive Potion"}],"is_trial":false,"path_per_floor":["M","?","?","M","?","E","M","M","T","$","M","R","M","$","R","B",null,"M","?","?","$","M","E","R","M","T","?","M","R","$","M","R","B"],"character_chosen":"THE_SILENT","items_purchased":["Caltrops","Cloak And Dagger","All Out Attack","Accuracy"],"campfire_rested":2,"item_purchase_floors":[10,10,10,21],"current_hp_per_floor":[70,70,65,65,65,65,60,60,60,60,52,52,44,44,63,34,65,63,63,70,70,55,50,50,50,50,50,50,50,50,37,58,0],"gold":50,"neow_bonus":"THREE_ENEMY_KILL","is_prod":false,"is_daily":false,"chose_seed":false,"campfire_upgraded":3,"win_rate":0,"timestamp":1551475832,"path_taken":["M","?","?","M","?","E","M","M","T","?","M","R","M","$","R","BOSS","M","?","?","$","M","E","R","M","T","?","M","R","$","M","R","BOSS"],"build_version":"2019-01-23","purchased_purges":0,"victory":false,"max_hp_per_floor":[70,70,65,65,65,65,65,65,65,65,65,65,65,65,65,65,65,65,65,72,72,72,72,72,72,72,72,72,72,72,72,72,72],"card_choices":[{"not_picked":["Prepared","Deadly Poison"],"picked":"Cloak And Dagger","floor":1},{"not_picked":["Noxious Fumes","Backstab"],"picked":"Accuracy","floor":4},{"not_picked":["Concentrate","Sucker Punch"],"picked":"Blur","floor":6},{"not_picked":["Acrobatics","Catalyst","Eviscerate"],"picked":"SKIP","floor":7},{"not_picked":["Crippling Poison","Dash"],"picked":"Caltrops","floor":8},{"not_picked":["Prepared","Sucker Punch","Bane"],"picked":"SKIP","floor":11},{"not_picked":["Slice","Choke"],"picked":"Leg Sweep","floor":13},{"not_picked":["Prepared","Poisoned Stab"],"picked":"Blade Dance","floor":15},{"not_picked":["Unload","Phantasmal Killer"],"picked":"Adrenaline","floor":16},{"not_picked":["Backflip","Slice","Well Laid Plans"],"picked":"SKIP","floor":18},{"not_picked":["Slice","Bane","Reflex"],"picked":"SKIP","floor":22},{"not_picked":["Slice+1","After Image"],"picked":"Footwork","floor":23},{"not_picked":["Flying Knee+1","Leg Sweep+1"],"picked":"Finisher+1","floor":25},{"not_picked":["PiercingWail","Bane"],"picked":"Caltrops","floor":28},{"not_picked":["Slice","PiercingWail+1"],"picked":"Flechettes+1","floor":31}],"player_experience":619802,"relics_obtained":[{"floor":6,"key":"Lantern"},{"floor":9,"key":"Dream Catcher"},{"floor":23,"key":"Snake Skull"}],"event_choices":[{"damage_healed":0,"gold_gain":0,"player_choice":"Box","damage_taken":0,"relics_obtained":["PreservedInsect"],"max_hp_gain":0,"max_hp_loss":0,"event_name":"Big Fish","floor":2,"gold_loss":0,"cards_obtained":["Regret"]},{"damage_healed":0,"gold_gain":0,"player_choice":"Lose Max HP","damage_taken":0,"relics_obtained":["Golden Idol"],"max_hp_gain":0,"max_hp_loss":5,"event_name":"Golden Idol","floor":3,"gold_loss":0},{"cards_removed":["Regret"],"damage_healed":0,"gold_gain":0,"player_choice":"Card Removal","damage_taken":0,"max_hp_gain":0,"max_hp_loss":0,"event_name":"The Cleric","floor":5,"gold_loss":50},{"damage_healed":0,"gold_gain":0,"player_choice":"Ignored","damage_taken":0,"max_hp_gain":0,"max_hp_loss":0,"event_name":"Vampires","floor":19,"gold_loss":0},{"damage_healed":0,"gold_gain":0,"player_choice":"Obtained Relic","damage_taken":0,"relics_obtained":["Strawberry"],"max_hp_gain":0,"max_hp_loss":0,"event_name":"Addict","floor":20,"gold_loss":85},{"damage_healed":0,"gold_gain":0,"player_choice":"Ignored","damage_taken":0,"max_hp_gain":0,"max_hp_loss":0,"event_name":"Beggar","floor":27,"gold_loss":0}],"is_beta":false,"boss_relics":[{"not_picked":["Empty Cage","Coffee Dripper"],"picked":"Ectoplasm"}],"items_purged_floors":[],"is_endless":false,"potions_floor_spawned":[6,7,8,16,18,23],"killed_by":"Champ","ascension_level":0}