{"gold_per_floor":[113,113,132,44,44,44,76,76,76,88,88,13,25,25,25,99,99,73,73,89,89,102,116,116,129,176,23,23,33,45,61,61,139,139,158,158,33,33,46,46],"floor_reached":40,"playtime":1851,"items_purged":["Strike_G","Defend_G","Defend_G"],"score":876,"play_id":"65b3fe9b-d33e-4116-a70c-b9c3ac70f525","local_time":"20190722211935","is_ascension_mode":true,"campfire_choices":[{"data":"Noxious Fumes","floor":6.0,"key":"SMITH"},{"data":"Neutralize","floor":8.0,"key":"SMITH"},{"data":"Well Laid Plans","floor":11.0,"key":"SMITH"},{"data":"Caltrops","floor":15,"key":"SMITH"},{"data":"Noxious Fumes","floor":24,"key":"SMITH"},{"data":"Deadly Poison","floor":32,"key":"SMITH"}],"neow_cost":"NONE","seed_source_timestamp":356770074865088,"circlet_count":0,"master_deck":["AscendersBane","Defend_G","Survivor","Well Laid Plans+1","Caltrops+1","Noxious Fumes+1","Backflip","Doppelganger","Distraction+1","Concentrate+1","Expertise+1","Noxious Fumes+1","Envenom","Well Laid Plans","Deadly Poison+1","After Image","Blur","Eviscerate"],"special_seed":0,"relics":["Ring of the Snake","NeowsBlessing","Unceasing Top","Blue Candle","Blood Vial","Astrolabe","Eternal Feather"],"potions_floor_usage":[13,18,23,33,35],"damage_taken":[{"damage":0.0,"enemies":"Jaw Worm","floor":1.0,"turns":1.0},{"damage":0.0,"enemies":"Cultist","floor":3.0,"turns":1.0},{"damage":0.0,"enemies":"3 Sentries","floor":7.0,"turns":1.0},{"damage":5.0,"enemies":"2 Louse","floor":10.0,"turns":4.0},{"damage":0,"enemies":"Looter","floor":13,"turns":4},{"damage":26,"enemies":"The Guardian","floor":16,"turns":12},{"damage":6,"enemies":"2 Thieves","floor":18,"turns":4},{"damage":12,"enemies":"Chosen","floor":20,"turns":9},{"damage":5,"enemies":"Snake Plant","floor":22,"turns":4},{"damage":4,"enemies":"Shelled Parasite and Fungi","floor":23,"turns":5},{"damage":15,"enemies":"Chosen and Byrds","floor":25,"turns":7},{"damage":11,"enemies":"Snecko","floor":29,"turns":6},{"damage":1,"enemies":"3 Cultists","floor":30,"turns":4},{"damage":1,"enemies":"Centurion and Healer","floor":31,"turns":5},{"damage":8,"enemies":"Collector","floor":33,"turns":8},{"damage":0,"enemies":"3 Shapes","floor":35,"turns":3},{"damage":23,"enemies":"Orb Walker","floor":39,"turns":5},{"damage":10,"enemies":"Nemesis","floor":40,"turns":3}],"seed_played":"3251295096259855417","potions_obtained":[{"floor":3.0,"key":"Energy Potion"},{"floor":7.0,"key":"Energy Potion"},{"floor":16,"key":"GhostInAJar"},{"floor":18,"key":"Fire Potion"},{"floor":29,"key":"Regen Potion"},{"floor":33,"key":"Poison Potion"},{"floor":39,"key":"SpeedPotion"}],"is_trial":false,"path_per_floor":["M","?","M","$","?","R","E","R","T","M","R","$","M","?","R","B",null,"M","$","M","?","M","M","R","M","T","$","?","M","M","M","R","B",null,"M","?","$","?","M","E"],"character_chosen":"THE_SILENT","items_purchased":["Noxious Fumes","Deadly Poison"],"campfire_rested":0,"item_purchase_floors":[4,27],"current_hp_per_floor":[59,59,59,59,54,54,54,54,54,51,51,51,53,46,46,22,55,51,51,41,41,38,36,36,23,23,23,23,14,15,16,16,25,56,58,58,58,58,37,29],"gold":46,"neow_bonus":"THREE_ENEMY_KILL","is_prod":false,"is_daily":false,"chose_seed":false,"campfire_upgraded":6,"win_rate":0,"timestamp":1563801575,"path_taken":["M","?","?","$","?","R","E","R","T","M","R","$","M","?","R","BOSS","M","$","M","?","M","M","R","M","T","$","?","?","?","M","R","BOSS","M","?","$","?","M","E"],"build_version":"2019-07-17","purchased_purges":3,"victory":false,"max_hp_per_floor":[66,66,66,66,66,66,66,66,66,66,66,66,66,66,66,66,66,66,66,66,66,66,66,66,66,66,66,66,66,66,66,66,66,66,66,66,66,66,66,66],"card_choices":[{"not_picked":["PiercingWail","Blade Dance","Backflip"],"picked":"SKIP","floor":1.0},{"not_picked":["Cloak And Dagger","Slice"],"picked":"Caltrops","floor":3.0},{"not_picked":["Eviscerate","Dash"],"picked":"Backflip","floor":7.0},{"not_picked":["Quick Slash","Outmaneuver","Prepared"],"picked":"SKIP","floor":10.0},{"not_picked":["Quick Slash","Outmaneuver","Prepared"],"picked":"SKIP","floor":10.0},{"not_picked":["Crippling Poison","Underhanded Strike","Deflect"],"picked":"SKIP","floor":13},{"not_picked":["Venomology","Phantasmal Killer"],"picked":"Doppelganger","floor":16},{"not_picked":["Dagger Spray","Concentrate","Backstab"],"picked":"SKIP","floor":18},{"not_picked":["Flying Knee+1","Bane"],"picked":"Noxious Fumes","floor":20},{"not_picked":["Backflip","Night Terror","Riddle With Holes"],"picked":"SKIP","floor":22},{"not_picked":["Prepared+1","Sucker Punch","Crippling Poison"],"picked":"SKIP","floor":23},{"not_picked":["Deflect+1","Underhanded Strike","Concentrate"],"picked":"SKIP","floor":25},{"not_picked":["Quick Slash","Blade Dance+1","Well Laid Plans"],"picked":"SKIP","floor":29},{"not_picked":["Backstab","PiercingWail"],"picked":"After Image","floor":30},{"not_picked":["Calculated Gamble","Blur","Crippling Poison"],"picked":"SKIP","floor":31},{"not_picked":["Calculated Gamble","Crippling Poison"],"picked":"Blur","floor":31},{"not_picked":["Outmaneuver","Prepared","Reflex"],"picked":"SKIP","floor":35},{"not_picked":["Quick Slash+1","Sucker Punch"],"picked":"Eviscerate","floor":39}],"player_experience":2060038,"relics_obtained":[{"floor":7.0,"key":"Blue Candle"},{"floor":9.0,"key":"Blood Vial"}],"event_choices":[{"damage_healed":0.0,"max_hp_gain":0.0,"max_hp_loss":0.0,"gold_gain":0.0,"event_name":"Match and Keep!","player_choice":"1 cards matched","floor":2.0,"gold_loss":0.0,"damage_taken":0.0,"cards_obtained":["Well Laid Plans"]},{"damage_healed":0.0,"max_hp_gain":0.0,"max_hp_loss":0.0,"gold_gain":0.0,"event_name":"Scrap Ooze","player_choice":"Success","floor":5.0,"gold_loss":0.0,"damage_taken":5.0,"relics_obtained":["Unceasing Top"]},{"cards_removed":["Strike_G"],"damage_healed":0,"gold_gain":0,"player_choice":"Card Removal","damage_taken":7,"max_hp_gain":0,"max_hp_loss":0,"event_name":"Golden Wing","floor":14,"gold_loss":0},{"damage_healed":0,"gold_gain":0,"cards_transformed":["Defend_G","Defend_G"],"player_choice":"Became Test Subject","damage_taken":0,"max_hp_gain":0,"max_hp_loss":0,"event_name":"Drug Dealer","floor":21,"gold_loss":0,"cards_obtained":["Envenom","Well Laid Plans"]},{"damage_healed":0,"gold_gain":0,"player_choice":"Cursed","damage_taken":0,"max_hp_gain":0,"max_hp_loss":0,"event_name":"Wheel of Change","floor":28,"gold_loss":0,"cards_obtained":["Decay"]},{"cards_removed":["Neutralize"],"damage_healed":0,"gold_gain":0,"player_choice":"Removed Attack","damage_taken":0,"max_hp_gain":0,"max_hp_loss":0,"event_name":"Falling","floor":36,"gold_loss":0},{"cards_removed":["Decay"],"damage_healed":0,"gold_gain":0,"player_choice":"Card Removal","damage_taken":0,"max_hp_gain":0,"max_hp_loss":0,"event_name":"Wheel of Change","floor":38,"gold_loss":0}],"is_beta":false,"boss_relics":[{"not_picked":["WristBlade","Calling Bell"],"picked":"Astrolabe"},{"not_picked":["Cursed Key","Busted Crown"],"picked":"Eternal Feather"}],"items_purged_floors":[12,27,37],"is_endless":false,"potions_floor_spawned":[3,7,16,18,29,30,31,33,39],"killed_by":"Nemesis","ascension_level":20}