{"gold_per_floor":[119,44,21,34,109,109,139,139,162,174,197,209,252,274,286,369,381,408,420],"floor_reached":19,"playtime":499,"items_purged":[],"score":350,"play_id":"66b116bb-583a-4292-8a69-375626b400a6","local_time":"20181009001848","is_ascension_mode":true,"campfire_choices":[{"data":"Zap","floor":6,"key":"SMITH"},{"data":"Go for the Eyes","floor":10,"key":"SMITH"},{"data":"Consume","floor":12,"key":"SMITH"},{"data":"Go for the Eyes","floor":15,"key":"SMITH"}],"neow_cost":"NONE","seed_source_timestamp":2102755921779997,"circlet_count":0,"master_deck":["Zap+1","Dualcast","AscendersBane","Cold Snap","Leap","Ball Lightning","Go for the Eyes+1","Consume+1","Go for the Eyes+1","Biased Cognition","Fission","BootSequence","Go for the Eyes","Force Field","Hologram","Streamline","Leap","Conserve Battery","Gash"],"relics":["Cracked Core","NeowsBlessing","Centennial Puzzle","MawBank","Strawberry","Pandora\u0027s Box"],"potions_floor_usage":[13,16],"damage_taken":[{"damage":0,"enemies":"Small Slimes","floor":1,"turns":1},{"damage":0,"enemies":"Jaw Worm","floor":4,"turns":1},{"damage":0,"enemies":"Lagavulin","floor":7,"turns":1},{"damage":0,"enemies":"2 Louse","floor":11,"turns":2},{"damage":10,"enemies":"Gremlin Nob","floor":13,"turns":3},{"damage":24,"enemies":"Gremlin Gang","floor":14,"turns":5},{"damage":11,"enemies":"Slime Boss","floor":16,"turns":8},{"damage":32,"enemies":"2 Thieves","floor":18,"turns":5},{"damage":0,"enemies":"3 Byrds","floor":19,"turns":1}],"seed_played":"694471476758084328","potions_obtained":[{"floor":4,"key":"FearPotion"},{"floor":14,"key":"Explosive Potion"},{"floor":16,"key":"Strength Potion"}],"is_trial":false,"path_per_floor":["M","?","$","M","?","R","E","?","T","R","M","R","E","M","R","B",null,"M"],"character_chosen":"DEFECT","items_purchased":["Leap"],"campfire_rested":0,"item_purchase_floors":[3],"current_hp_per_floor":[64,64,64,64,53,53,53,58,58,58,58,58,55,31,31,20,67,35,35],"gold":420,"neow_bonus":"THREE_ENEMY_KILL","is_prod":false,"is_daily":false,"chose_seed":false,"campfire_upgraded":4,"win_rate":0,"timestamp":1539058728,"path_taken":["M","?","$","M","?","R","E","?","T","R","M","R","E","M","R","BOSS","M","M"],"build_version":"2018-10-04v2","purchased_purges":0,"victory":false,"max_hp_per_floor":[71,71,71,71,71,71,71,76,76,76,76,76,83,83,83,83,83,83,83],"card_choices":[{"not_picked":["Rebound","Ball Lightning"],"picked":"Cold Snap","floor":1},{"not_picked":["White Noise","Auto Shields"],"picked":"Ball Lightning","floor":4},{"not_picked":["Redo","Reprogram"],"picked":"Go for the Eyes","floor":7},{"not_picked":["Sweeping Beam","Conserve Battery"],"picked":"Consume","floor":11},{"not_picked":["Skim","Aggregate"],"picked":"Go for the Eyes","floor":13},{"not_picked":["Beam Cell","Streamline"],"picked":"Biased Cognition","floor":14},{"not_picked":["Multi-Cast","Machine Learning"],"picked":"Fission","floor":16},{"not_picked":["Go for the Eyes","Streamline+1"],"picked":"Gash","floor":18}],"player_experience":837350,"relics_obtained":[{"floor":7,"key":"Centennial Puzzle"},{"floor":9,"key":"MawBank"},{"floor":13,"key":"Strawberry"}],"event_choices":[{"event_name":"The Cleric","player_choice":"Card Removal","floor":2,"damage_taken":0},{"event_name":"World of Goop","player_choice":"Gather Gold","floor":5,"damage_taken":0},{"event_name":"Big Fish","player_choice":"Donut","floor":8,"damage_taken":0}],"is_beta":false,"boss_relics":[{"not_picked":["Black Star","Philosopher\u0027s Stone"],"picked":"Pandora\u0027s Box"}],"items_purged_floors":[],"is_endless":false,"potions_floor_spawned":[4,14,16],"killed_by":"3 Byrds","ascension_level":15}