{"gold_per_floor":[361,379,99,110,122,122,152,169,192,92,92,92],"floor_reached":12,"playtime":333,"items_purged":["Strike_R","Strike_R"],"score":160,"play_id":"06536e1a-9566-450a-9146-678e8d788a90","local_time":"20190601203702","is_ascension_mode":true,"campfire_choices":[{"data":"Body Slam","floor":6.0,"key":"SMITH"},{"data":"Inflame","floor":11.0,"key":"SMITH"}],"neow_cost":"PERCENT_DAMAGE","seed_source_timestamp":20401556404713,"circlet_count":0,"master_deck":["AscendersBane","Strike_R","Strike_R","Strike_R","Defend_R","Defend_R","Defend_R","Defend_R","Bash","Sword Boomerang","Offering","Shrug It Off","Body Slam+1","Evolve","Inflame+1"],"special_seed":0,"relics":["Burning Blood","Oddly Smooth Stone"],"potions_floor_usage":[12],"damage_taken":[{"damage":1.0,"enemies":"Cultist","floor":1.0,"turns":4.0},{"damage":4.0,"enemies":"Jaw Worm","floor":2.0,"turns":5.0},{"damage":3.0,"enemies":"2 Louse","floor":4.0,"turns":4.0},{"damage":3.0,"enemies":"Gremlin Gang","floor":5.0,"turns":5.0},{"damage":45.0,"enemies":"Lagavulin","floor":7.0,"turns":6.0},{"damage":10.0,"enemies":"Lots of Slimes","floor":8.0,"turns":6.0},{"damage":2,"enemies":"Gremlin Nob","floor":12,"turns":3}],"seed_played":"-6731169935919852084","potions_obtained":[{"floor":1.0,"key":"SkillPotion"},{"floor":4.0,"key":"FearPotion"},{"floor":8.0,"key":"Energy Potion"}],"is_trial":false,"path_per_floor":["M","M","$","M","M","R","E","M","T","$","R","E"],"character_chosen":"IRONCLAD","items_purchased":["Offering","Shrug It Off"],"campfire_rested":0,"item_purchase_floors":[3,3],"current_hp_per_floor":[55,57,57,60,63,63,24,20,20,20,20,18],"gold":92,"neow_bonus":"TWO_FIFTY_GOLD","is_prod":false,"is_daily":false,"chose_seed":false,"campfire_upgraded":2,"win_rate":0,"timestamp":1559392622,"path_taken":["M","M","$","M","?","R","E","M","T","$","R","E"],"build_version":"2019-01-23","purchased_purges":2,"victory":false,"max_hp_per_floor":[75,75,75,75,75,75,75,75,75,75,75,75],"card_choices":[{"not_picked":["Bloodletting","Headbutt"],"picked":"Sword Boomerang","floor":1.0},{"not_picked":["Havoc","Metallicize","Clothesline"],"picked":"SKIP","floor":2.0},{"not_picked":["Cleave","Heavy Blade"],"picked":"Body Slam","floor":4.0},{"not_picked":["Pommel Strike","Headbutt","Sentinel"],"picked":"SKIP","floor":5.0},{"not_picked":["Sword Boomerang","Corruption"],"picked":"Evolve","floor":7.0},{"not_picked":["Headbutt","True Grit"],"picked":"Inflame","floor":8.0}],"player_experience":1826822,"relics_obtained":[{"floor":7.0,"key":"Oddly Smooth Stone"}],"event_choices":[],"is_beta":false,"boss_relics":[],"items_purged_floors":[3,10],"is_endless":false,"potions_floor_spawned":[1,4,8],"killed_by":"Gremlin Nob","ascension_level":20}