{"gold_per_floor":[116,128,128,98,108,108,119,148,175,200,216,216,72,83,83,155,155,168,168,168,137,157,191,201,201,225,253,253,273,291,69,69,142,142,156,9,24,41,60,86,86,118,188,188,213,232,247,258,258,258,258,258,8,40,40],"floor_reached":56,"playtime":3152,"items_purged":["Regret","Parasite"],"score":2063,"play_id":"c6f4869b-8e7a-4781-a0d2-b1f08f407dec","local_time":"20190801232413","is_ascension_mode":true,"campfire_choices":[{"data":"Feed","floor":6,"key":"SMITH"},{"data":"Bash","floor":12,"key":"SMITH"},{"data":"Inflame","floor":15,"key":"SMITH"},{"data":"Corruption","floor":25,"key":"SMITH"},{"data":"Ghostly","floor":28,"key":"SMITH"},{"data":"Berserk","floor":32,"key":"SMITH"},{"floor":41,"key":"RECALL"},{"data":"Limit Break","floor":44,"key":"SMITH"},{"data":"Ghostly","floor":49,"key":"SMITH"},{"data":"Ghostly","floor":52,"key":"SMITH"}],"neow_cost":"PERCENT_DAMAGE","seed_source_timestamp":512586680744671,"circlet_count":0,"master_deck":["AscendersBane","Strike_R","Strike_R","Defend_R","Defend_R","Defend_R","Defend_R+1","Bash+1","Feed+1","Inflame+1","Clothesline","Spot Weakness+1","Whirlwind","Reaper","Warcry","Corruption+1","Disarm","Impervious","Reckless Charge+1","Carnage","Intimidate","Ghostly+1","Ghostly+1","Ghostly+1","Feel No Pain+1","Fiend Fire","Flame Barrier+1","Cleave+1","Disarm","Spot Weakness","Berserk+1","Offering","Limit Break+1","Body Slam+1","Armaments+1","Fiend Fire","Armaments+1"],"relics":["Burning Blood","Lantern","Art of War","Omamori","Calling Bell","Paper Frog","Champion Belt","War Paint","Matryoshka","Potion Belt","Bronze Scales","Red Skull","Busted Crown","Bag of Marbles","Anchor","Pantograph","Centennial Puzzle","Magic Flower","Letter Opener"],"potions_floor_usage":[8,8,8,10,11,23,23,40,55,55,55,55],"damage_taken":[{"damage":8,"enemies":"Small Slimes","floor":1,"turns":5},{"damage":6,"enemies":"Jaw Worm","floor":2,"turns":5},{"damage":2,"enemies":"Cultist","floor":5,"turns":5},{"damage":9,"enemies":"Red Slaver","floor":7,"turns":4},{"damage":28,"enemies":"3 Sentries","floor":8,"turns":8},{"damage":15,"enemies":"Lagavulin","floor":10,"turns":6},{"damage":10,"enemies":"Blue Slaver","floor":11,"turns":6},{"damage":4,"enemies":"Large Slime","floor":14,"turns":6},{"damage":46,"enemies":"Slime Boss","floor":16,"turns":11},{"damage":49,"enemies":"Spheric Guardian","floor":18,"turns":6},{"damage":4,"enemies":"2 Thieves","floor":21,"turns":5},{"damage":12,"enemies":"Shelled Parasite and Fungi","floor":22,"turns":10},{"damage":28,"enemies":"Gremlin Leader","floor":23,"turns":8},{"damage":18,"enemies":"3 Cultists","floor":24,"turns":8},{"damage":21,"enemies":"Book of Stabbing","floor":27,"turns":7},{"damage":18,"enemies":"Centurion and Healer","floor":29,"turns":11},{"damage":26,"enemies":"Sentry and Sphere","floor":30,"turns":12},{"damage":44,"enemies":"Collector","floor":33,"turns":13},{"damage":33,"enemies":"3 Darklings","floor":35,"turns":8},{"damage":8,"enemies":"3 Shapes","floor":37,"turns":3},{"damage":52,"enemies":"Writhing Mass","floor":38,"turns":10},{"damage":14,"enemies":"Maw","floor":39,"turns":9},{"damage":31,"enemies":"Reptomancer","floor":40,"turns":8},{"damage":1,"enemies":"Nemesis","floor":42,"turns":9},{"damage":1,"enemies":"Giant Head","floor":45,"turns":8},{"damage":3,"enemies":"Spire Growth","floor":46,"turns":5},{"damage":41,"enemies":"Writhing Mass","floor":47,"turns":11},{"damage":14,"enemies":"4 Shapes","floor":48,"turns":4},{"damage":27,"enemies":"Awakened One","floor":50,"turns":10},{"damage":44,"enemies":"Shield and Spear","floor":54,"turns":8},{"damage":167,"enemies":"The Heart","floor":55,"turns":14}],"seed_played":"-6682065583567049642","potions_obtained":[{"floor":4,"key":"EntropicBrew"},{"floor":4,"key":"SpeedPotion"},{"floor":5,"key":"SteroidPotion"},{"floor":8,"key":"Block Potion"},{"floor":10,"key":"SpeedPotion"},{"floor":11,"key":"Weak Potion"},{"floor":14,"key":"PowerPotion"},{"floor":27,"key":"SteroidPotion"},{"floor":29,"key":"Poison Potion"},{"floor":35,"key":"Regen Potion"},{"floor":39,"key":"EssenceOfSteel"},{"floor":40,"key":"Explosive Potion"},{"floor":42,"key":"BloodPotion"},{"floor":48,"key":"Fire Potion"},{"floor":54,"key":"Swift Potion"}],"is_trial":false,"path_per_floor":["M","M","?","?","M","R","M","E","T","E","M","R","$","M","R","B",null,"M","?","?","M","M","E","M","R","T","E","R","M","M","$","R","B",null,"M","$","M","M","M","E","R","E","T","R","E","M","M","M","R","B",null,"R","$","E","B",null],"character_chosen":"IRONCLAD","items_purchased":["Corruption","Disarm","Offering","Bag of Marbles","Fiend Fire"],"campfire_rested":0,"item_purchase_floors":[13,13,31,36,53],"current_hp_per_floor":[51,54,47,47,54,54,55,37,37,32,37,37,37,43,43,27,88,45,45,45,47,51,57,51,51,51,46,46,50,34,34,34,67,75,82,82,80,56,86,65,65,70,70,70,90,90,64,98,98,102,102,102,99,103,10],"gold":40,"neow_bonus":"THREE_RARE_CARDS","is_prod":false,"is_daily":false,"chose_seed":false,"campfire_upgraded":9,"win_rate":0,"timestamp":1564716253,"path_taken":["M","M","?","?","M","R","?","E","T","E","M","R","?","M","R","BOSS","M","?","?","M","M","E","M","R","T","E","R","M","M","$","R","BOSS","M","$","M","M","M","E","R","E","T","R","E","M","M","M","R","BOSS","R","$","E","BOSS"],"build_version":"2019-07-17","purchased_purges":2,"victory":true,"max_hp_per_floor":[78,81,81,81,84,84,88,92,92,96,100,100,100,104,104,108,108,108,108,54,54,58,58,62,62,62,66,66,70,74,74,74,78,78,82,82,82,86,86,90,90,90,90,90,90,90,94,98,98,102,102,102,99,103,103],"card_choices":[{"not_picked":["Demon Form","Barricade"],"picked":"Feed","floor":0},{"not_picked":["Armaments","Sword Boomerang"],"picked":"Inflame","floor":1},{"not_picked":["Pommel Strike","Heavy Blade"],"picked":"Clothesline","floor":2},{"not_picked":["Twin Strike","Flex"],"picked":"Spot Weakness","floor":5},{"not_picked":["Intimidate","Evolve"],"picked":"Whirlwind","floor":7},{"not_picked":["Carnage","Flex"],"picked":"Reaper","floor":8},{"not_picked":["Combust","Body Slam"],"picked":"Warcry","floor":10},{"not_picked":["Twin Strike","Carnage","Body Slam"],"picked":"SKIP","floor":11},{"not_picked":["Headbutt","Rupture","Second Wind"],"picked":"SKIP","floor":14},{"not_picked":["Double Tap","Berserk"],"picked":"Impervious","floor":16},{"not_picked":["Heavy Blade","Hemokinesis"],"picked":"Reckless Charge+1","floor":18},{"not_picked":["Iron Wave","Armaments"],"picked":"Feel No Pain+1","floor":21},{"not_picked":["Havoc","Anger+1"],"picked":"Fiend Fire","floor":22},{"not_picked":["Flex","Headbutt"],"picked":"Flame Barrier+1","floor":23},{"not_picked":["Whirlwind","Heavy Blade"],"picked":"Cleave+1","floor":24},{"not_picked":["Iron Wave+1","Evolve+1"],"picked":"Disarm","floor":27},{"not_picked":["Blood for Blood","Pummel"],"picked":"Spot Weakness","floor":29},{"not_picked":["Infernal Blade","Seeing Red"],"picked":"Berserk","floor":30},{"not_picked":["Bludgeon","Feed"],"picked":"Limit Break","floor":33},{"not_picked":[],"picked":"Body Slam+1","floor":35},{"not_picked":[],"picked":"Armaments+1","floor":37},{"not_picked":["Iron Wave"],"picked":"SKIP","floor":38},{"not_picked":["Clash+1"],"picked":"SKIP","floor":39},{"not_picked":["Blood for Blood+1"],"picked":"SKIP","floor":40},{"not_picked":["Blood for Blood"],"picked":"SKIP","floor":42},{"not_picked":["Twin Strike"],"picked":"SKIP","floor":45},{"not_picked":["Clash"],"picked":"SKIP","floor":46},{"not_picked":["Ghostly Armor"],"picked":"SKIP","floor":47},{"not_picked":["Headbutt"],"picked":"SKIP","floor":48},{"not_picked":[],"picked":"Armaments+1","floor":54}],"player_experience":1636686,"relics_obtained":[{"floor":8,"key":"Lantern"},{"floor":9,"key":"Art of War"},{"floor":10,"key":"Omamori"},{"floor":17,"key":"Paper Frog"},{"floor":17,"key":"Champion Belt"},{"floor":17,"key":"War Paint"},{"floor":23,"key":"Matryoshka"},{"floor":26,"key":"Potion Belt"},{"floor":26,"key":"Bronze Scales"},{"floor":27,"key":"Red Skull"},{"floor":40,"key":"Anchor"},{"floor":42,"key":"Pantograph"},{"floor":43,"key":"Centennial Puzzle"},{"floor":45,"key":"Magic Flower"},{"floor":54,"key":"Letter Opener"}],"event_choices":[{"cards_removed":["Strike_R"],"damage_healed":0,"gold_gain":0,"player_choice":"Card Removal","damage_taken":7,"max_hp_gain":0,"max_hp_loss":0,"event_name":"Golden Wing","floor":3,"gold_loss":0},{"damage_healed":0,"gold_gain":0,"player_choice":"Bought 2 Potions","damage_taken":0,"max_hp_gain":0,"max_hp_loss":0,"event_name":"The Woman in Blue","floor":4,"gold_loss":0},{"damage_healed":0,"gold_gain":0,"cards_transformed":["Strike_R","Strike_R"],"player_choice":"Became Test Subject","damage_taken":0,"max_hp_gain":0,"max_hp_loss":0,"event_name":"Drug Dealer","floor":19,"gold_loss":0,"cards_obtained":["Carnage","Intimidate"]},{"damage_healed":0,"gold_gain":0,"player_choice":"Became a Ghost","damage_taken":0,"max_hp_gain":0,"max_hp_loss":54,"event_name":"Ghosts","floor":20,"gold_loss":0,"cards_obtained":["Ghostly","Ghostly","Ghostly"]}],"is_beta":false,"boss_relics":[{"not_picked":["Black Blood","Eternal Feather"],"picked":"Calling Bell"},{"not_picked":["Black Star","Runic Dome"],"picked":"Busted Crown"}],"items_purged_floors":[31,53],"is_endless":false,"potions_floor_spawned":[5,8,10,11,14,21,22,27,29,35,39,40,42,48,54],"ascension_level":15}