{"gold_per_floor":[119,119,119,194,210,210,210,243,268,304,319,332,332,363,363,363],"floor_reached":16,"playtime":351,"items_purged":[],"score":286,"play_id":"4eb04865-8bd2-4ea8-9245-ecab2dc03aab","local_time":"20190727194500","is_ascension_mode":true,"campfire_choices":[{"data":"Consume","floor":7.0,"key":"SMITH"},{"data":"Defragment","floor":13,"key":"SMITH"},{"floor":15,"key":"REST"}],"neow_cost":"NONE","seed_source_timestamp":784794241894033,"circlet_count":0,"master_deck":["AscendersBane","Strike_B","Strike_B","Strike_B","Strike_B","Defend_B","Defend_B","Defend_B","Defend_B","Zap","Dualcast","Consume+1","Fusion","Chill","Coolheaded","Defragment+1","Compile Driver"],"special_seed":0,"relics":["Cracked Core","NeowsBlessing","Golden Idol","Shovel","Regal Pillow","Symbiotic Virus","Bronze Scales"],"potions_floor_usage":[14,16],"damage_taken":[{"damage":0.0,"enemies":"2 Louse","floor":1.0,"turns":1.0},{"damage":0.0,"enemies":"Small Slimes","floor":5.0,"turns":1.0},{"damage":0.0,"enemies":"Lagavulin","floor":8.0,"turns":1.0},{"damage":39.0,"enemies":"Gremlin Nob","floor":10.0,"turns":4.0},{"damage":4,"enemies":"Jaw Worm","floor":11,"turns":3},{"damage":9,"enemies":"Exordium Thugs","floor":12,"turns":5},{"damage":5,"enemies":"3 Sentries","floor":14,"turns":15},{"damage":37,"enemies":"Hexaghost","floor":16,"turns":9}],"seed_played":"8313696191092595879","potions_obtained":[{"floor":8.0,"key":"Poison Potion"},{"floor":12,"key":"Fire Potion"},{"floor":14,"key":"Explosive Potion"}],"is_trial":false,"path_per_floor":["M","?","?","?","M","?","R","E","T","E","M","M","R","E","R","B"],"character_chosen":"DEFECT","items_purchased":[],"campfire_rested":1,"item_purchase_floors":[],"current_hp_per_floor":[64,69,69,58,58,58,58,58,58,19,15,6,6,1,36,0],"gold":363,"neow_bonus":"THREE_ENEMY_KILL","is_prod":false,"is_daily":false,"chose_seed":false,"campfire_upgraded":2,"win_rate":0,"timestamp":1564227900,"path_taken":["M","?","?","?","M","?","R","E","T","E","M","M","R","E","R","BOSS"],"build_version":"2019-07-17","purchased_purges":0,"victory":false,"max_hp_per_floor":[71,76,76,76,76,69,69,69,69,69,69,69,69,69,69,69],"card_choices":[{"not_picked":["Gash","Go for the Eyes","Rebound"],"picked":"SKIP","floor":1.0},{"not_picked":["Blizzard","Steam"],"picked":"Consume","floor":5.0},{"not_picked":["Creative AI","Scrape"],"picked":"Fusion","floor":8.0},{"not_picked":["Hologram","Beam Cell"],"picked":"Chill","floor":10.0},{"not_picked":["Conserve Battery","Storm"],"picked":"Coolheaded","floor":11},{"not_picked":["Stack","Self Repair"],"picked":"Defragment","floor":12},{"not_picked":["Barrage","FTL"],"picked":"Compile Driver","floor":14}],"player_experience":2086843,"relics_obtained":[{"floor":8.0,"key":"Shovel"},{"floor":9.0,"key":"Regal Pillow"},{"floor":10.0,"key":"Symbiotic Virus"},{"floor":14,"key":"Bronze Scales"}],"event_choices":[{"damage_healed":0.0,"max_hp_gain":5.0,"max_hp_loss":0.0,"gold_gain":0.0,"event_name":"Big Fish","player_choice":"Donut","floor":2.0,"gold_loss":0.0,"damage_taken":0.0},{"damage_healed":0.0,"max_hp_gain":0.0,"max_hp_loss":0.0,"gold_gain":0.0,"event_name":"Liars Game","player_choice":"Ignored","floor":3.0,"gold_loss":0.0,"damage_taken":0.0},{"damage_healed":0.0,"max_hp_gain":0.0,"max_hp_loss":0.0,"gold_gain":75.0,"event_name":"World of Goop","player_choice":"Gather Gold","floor":4.0,"gold_loss":0.0,"damage_taken":11.0},{"damage_healed":0.0,"max_hp_gain":0.0,"max_hp_loss":7.0,"gold_gain":0.0,"event_name":"Golden Idol","player_choice":"Lose Max HP","floor":6.0,"gold_loss":0.0,"damage_taken":0.0,"relics_obtained":["Golden Idol"]}],"is_beta":false,"boss_relics":[],"items_purged_floors":[],"is_endless":false,"potions_floor_spawned":[8,12,14],"killed_by":"Hexaghost","ascension_level":20}