{"gold_per_floor":[116,40,40,60,80,108,126,51,51,51,65,65,65,78,78,197,197,211,229,69,84,108,108],"floor_reached":23,"playtime":2036,"items_purged":["Strike_R"],"score":215,"play_id":"b4077d16-c19d-4ec6-9aa7-11272b450204","local_time":"20190806182453","is_ascension_mode":true,"campfire_choices":[{"data":"Inflame","floor":13,"key":"SMITH"},{"data":"Heavy Blade","floor":15,"key":"SMITH"}],"neow_cost":"NONE","seed_source_timestamp":1396688761713990,"circlet_count":0,"master_deck":["Strike_R","Strike_R","Strike_R","Defend_R","Defend_R","Defend_R","Defend_R","Bash","Flex","Inflame+1","Armaments","Heavy Blade+1","Injury","Battle Trance","Fiend Fire+1","Headbutt+1","Pommel Strike+1","Feed+1","Flex"],"relics":["Burning Blood","NeowsBlessing","Bird Faced Urn","Bronze Scales","Molten Egg 2","Golden Idol","Cursed Key"],"potions_floor_usage":[16,16,21,23,23],"damage_taken":[{"damage":0,"enemies":"Cultist","floor":1,"turns":1},{"damage":0,"enemies":"Jaw Worm","floor":4,"turns":1},{"damage":0,"enemies":"2 Louse","floor":5,"turns":1},{"damage":28,"enemies":"Gremlin Nob","floor":6,"turns":5},{"damage":21,"enemies":"Gremlin Gang","floor":7,"turns":4},{"damage":8,"enemies":"Large Slime","floor":11,"turns":9},{"damage":5,"enemies":"Red Slaver","floor":14,"turns":4},{"damage":50,"enemies":"The Guardian","floor":16,"turns":11},{"damage":15,"enemies":"3 Byrds","floor":18,"turns":4},{"damage":12,"enemies":"Chosen","floor":19,"turns":2},{"damage":28,"enemies":"Centurion and Healer","floor":21,"turns":3},{"damage":18,"enemies":"Snake Plant","floor":22,"turns":4},{"damage":43,"enemies":"Gremlin Leader","floor":23,"turns":3}],"seed_played":"-968583167443660008","potions_obtained":[{"floor":1,"key":"Ancient Potion"},{"floor":4,"key":"Regen Potion"},{"floor":7,"key":"SmokeBomb"},{"floor":14,"key":"Fire Potion"},{"floor":18,"key":"AttackPotion"},{"floor":22,"key":"PowerPotion"}],"is_trial":false,"path_per_floor":["M","$","T","M","M","E","M","$","T","?","M","?","R","M","R","B",null,"M","M","$","M","M","E"],"character_chosen":"IRONCLAD","items_purchased":["Inflame","Feed+1"],"campfire_rested":0,"item_purchase_floors":[2,20],"current_hp_per_floor":[80,80,80,80,80,58,45,45,45,45,45,45,45,48,48,21,80,71,67,67,47,37,0],"gold":108,"neow_bonus":"THREE_ENEMY_KILL","is_prod":false,"is_daily":false,"chose_seed":false,"campfire_upgraded":2,"win_rate":0,"timestamp":1565108693,"path_taken":["M","?","?","M","M","E","?","$","T","?","M","?","R","M","R","BOSS","M","M","$","M","?","E"],"build_version":"2019-07-17","purchased_purges":1,"victory":false,"max_hp_per_floor":[80,80,80,80,80,80,80,80,80,80,80,80,80,80,80,80,80,80,80,80,80,80,80],"card_choices":[{"not_picked":["Perfected Strike","Headbutt"],"picked":"Flex","floor":1},{"not_picked":["Body Slam","Clash"],"picked":"Armaments","floor":4},{"not_picked":["Dual Wield","Sever Soul"],"picked":"Heavy Blade","floor":5},{"not_picked":["Hemokinesis","Combust","Twin Strike"],"picked":"SKIP","floor":6},{"not_picked":["True Grit","Rampage","Combust"],"picked":"SKIP","floor":7},{"not_picked":["Armaments","Searing Blow+1"],"picked":"Battle Trance","floor":11},{"not_picked":["Corruption","Entrench","Warcry"],"picked":"SKIP","floor":14},{"not_picked":["Dark Embrace","Juggernaut"],"picked":"Fiend Fire+1","floor":16},{"not_picked":["Seeing Red","Shrug It Off"],"picked":"Headbutt+1","floor":18},{"not_picked":["Iron Wave+1","Fire Breathing+1"],"picked":"Pommel Strike+1","floor":19},{"not_picked":["Seeing Red","Clash+1"],"picked":"Flex","floor":21},{"not_picked":["Searing Blow+1","Dual Wield","Clash+1"],"picked":"SKIP","floor":22}],"player_experience":165097,"relics_obtained":[{"floor":3,"key":"Bird Faced Urn"},{"floor":6,"key":"Bronze Scales"},{"floor":9,"key":"Molten Egg 2"}],"event_choices":[{"damage_healed":0,"gold_gain":0,"player_choice":"Take Wound","damage_taken":0,"relics_obtained":["Golden Idol"],"max_hp_gain":0,"max_hp_loss":0,"event_name":"Golden Idol","floor":10,"gold_loss":0,"cards_obtained":["Injury"]},{"cards_removed":["Strike_R"],"damage_healed":0,"gold_gain":0,"player_choice":"Purged","damage_taken":0,"max_hp_gain":0,"max_hp_loss":0,"event_name":"Purifier","floor":12,"gold_loss":0}],"is_beta":false,"boss_relics":[{"not_picked":["Eternal Feather","Lizard Tail"],"picked":"Cursed Key"}],"items_purged_floors":[8],"is_endless":false,"potions_floor_spawned":[1,4,7,14,18,22],"killed_by":"Gremlin Leader","ascension_level":2}