{"gold_per_floor":[115,135,135,185,195,226,226,261,261,286,286,158,158,168,168,245,245,255,101,120,170,45,72,72,104,104,104,52,83,83,96,96,171,171,189,189,7,1006,1023,1058,1058,1068,1117,1150,1160,1189,1189,1189,1189,1189,1189,1189,1189,2,34,34],"floor_reached":57,"playtime":2575,"items_purged":["Strike_B","Sunder","Zap","Ball Lightning","Ball Lightning"],"score":3499,"play_id":"756bb31e-3569-4ebb-ade7-06c9da457b8d","local_time":"20190620163305","is_ascension_mode":true,"campfire_choices":[{"floor":7.0,"key":"REST"},{"floor":11.0,"key":"REST"},{"data":"Coolheaded","floor":13.0,"key":"SMITH"},{"data":"Sunder","floor":15.0,"key":"SMITH"},{"data":"Turbo","floor":24.0,"key":"SMITH"},{"floor":27.0,"key":"REST"},{"data":"Recycle","floor":30.0,"key":"SMITH"},{"data":"Heatsinks","floor":32.0,"key":"SMITH"},{"data":"Turbo","floor":41.0,"key":"SMITH"},{"data":"Heatsinks","floor":47.0,"key":"SMITH"},{"floor":49.0,"key":"RECALL"},{"data":"Loop","floor":53.0,"key":"SMITH"}],"neow_cost":"NONE","seed_source_timestamp":1556780869125643,"circlet_count":0,"master_deck":["AscendersBane","Dualcast+1","Chill","Compile Driver","Coolheaded+1","Capacitor","Sunder+1","Biased Cognition","Reboot","Electrodynamics","Cold Snap","White Noise","Heatsinks+1","Biased Cognition","Loop+1","Turbo+1","Gash+1","Recycle+1","Coolheaded+1","Glacier","Turbo+1","Multi-Cast","Tempest","Self Repair","White Noise","Heatsinks+1","Chaos+1","Hologram+1","Secret Technique+1","Madness+1"],"special_seed":0,"relics":["Black Star","Bag of Preparation","Kunai","Regal Pillow","Sundial","Art of War","Cables","Omamori","Pandora\u0027s Box","Nunchaku","Dream Catcher","Shovel","Torii","Gambling Chip","The Courier","Anchor","Shuriken","Nuclear Battery","Orichalcum","PreservedInsect","Toxic Egg 2","Question Card","Boot","Pantograph","Bottled Tornado","Dodecahedron","Pear","Lantern","Ice Cream","Emotion Chip"],"potions_floor_usage":[56],"damage_taken":[{"damage":1.0,"enemies":"Cultist","floor":1.0,"turns":3.0},{"damage":7.0,"enemies":"Small Slimes","floor":2.0,"turns":3.0},{"damage":7.0,"enemies":"Jaw Worm","floor":5.0,"turns":3.0},{"damage":18.0,"enemies":"Lagavulin","floor":6.0,"turns":6.0},{"damage":25.0,"enemies":"Gremlin Nob","floor":8.0,"turns":4.0},{"damage":2.0,"enemies":"Lagavulin","floor":10.0,"turns":7.0},{"damage":1.0,"enemies":"Looter","floor":14.0,"turns":4.0},{"damage":38.0,"enemies":"Hexaghost","floor":16.0,"turns":8.0},{"damage":14.0,"enemies":"2 Thieves","floor":18.0,"turns":3.0},{"damage":0.0,"enemies":"Shell Parasite","floor":20.0,"turns":3.0},{"damage":0.0,"enemies":"Book of Stabbing","floor":23.0,"turns":4.0},{"damage":29.0,"enemies":"Slavers","floor":25.0,"turns":2.0},{"damage":1.0,"enemies":"Book of Stabbing","floor":29.0,"turns":4.0},{"damage":0.0,"enemies":"Snake Plant","floor":31.0,"turns":3.0},{"damage":0.0,"enemies":"Collector","floor":33.0,"turns":6.0},{"damage":0.0,"enemies":"Orb Walker","floor":35.0,"turns":2.0},{"damage":1.0,"enemies":"3 Shapes","floor":39.0,"turns":3.0},{"damage":11.0,"enemies":"Nemesis","floor":40.0,"turns":9.0},{"damage":0.0,"enemies":"Spire Growth","floor":42.0,"turns":1.0},{"damage":0.0,"enemies":"Reptomancer","floor":44.0,"turns":2.0},{"damage":0.0,"enemies":"Writhing Mass","floor":45.0,"turns":4.0},{"damage":0.0,"enemies":"Nemesis","floor":46.0,"turns":5.0},{"damage":2.0,"enemies":"Awakened One","floor":50.0,"turns":8.0},{"damage":0.0,"enemies":"Donu and Deca","floor":51.0,"turns":1.0},{"damage":0.0,"enemies":"Shield and Spear","floor":55.0,"turns":1.0},{"damage":0,"enemies":"The Heart","floor":56,"turns":5}],"seed_played":"909521103038174029","potions_obtained":[{"floor":2.0,"key":"Dexterity Potion"},{"floor":5.0,"key":"SteroidPotion"},{"floor":10.0,"key":"Ancient Potion"},{"floor":20.0,"key":"Swift Potion"},{"floor":35.0,"key":"EssenceOfSteel"},{"floor":44.0,"key":"Swift Potion"}],"is_trial":false,"path_per_floor":["M","M","?","?","M","E","R","E","T","E","R","$","R","M","R","B",null,"M","$","M","?","$","E","R","E","T","R","?","E","R","M","R","B",null,"M","?","$","?","M","E","R","M","T","E","M","E","R","?","R","B","B",null,"R","$","E","B",null],"character_chosen":"DEFECT","items_purchased":["Strength Potion","Turbo","Tempest","Bottled Tornado","Dodecahedron","Pear","Lantern","Ice Cream","Swift Potion"],"campfire_rested":3,"item_purchase_floors":[12,19,37,54,54,54,54,54,54],"current_hp_per_floor":[63,56,35,35,28,10,31,6,6,4,40,40,40,39,39,1,54,40,40,40,40,40,40,40,11,11,47,47,46,46,46,46,46,65,65,65,65,65,64,60,60,67,67,71,71,71,71,61,61,71,71,71,71,81,81,81],"gold":34,"neow_bonus":"BOSS_RELIC","is_prod":false,"is_daily":false,"chose_seed":false,"campfire_upgraded":8,"win_rate":0,"timestamp":1561019585,"path_taken":["M","M","?","?","?","E","R","E","T","E","R","$","R","M","R","BOSS","M","$","?","?","$","E","R","E","T","R","?","E","R","?","R","BOSS","M","?","$","?","M","E","R","M","T","E","M","E","R","?","R","BOSS","BOSS","R","$","E","BOSS"],"build_version":"2019-01-23","purchased_purges":5,"victory":true,"max_hp_per_floor":[71,71,71,71,71,71,71,71,71,71,71,71,71,71,71,71,71,71,71,71,71,71,71,71,71,71,71,71,71,71,71,71,71,71,71,71,71,71,71,71,71,71,71,71,71,71,71,71,71,71,71,71,71,81,81,81],"card_choices":[{"not_picked":["Leap","Compile Driver"],"picked":"Ball Lightning","floor":1.0},{"not_picked":["Gash","Barrage"],"picked":"Ball Lightning","floor":2.0},{"not_picked":["Gash","Lockon"],"picked":"Chill","floor":5.0},{"not_picked":["Hello World","Chill"],"picked":"Compile Driver","floor":6.0},{"not_picked":["Beam Cell","Leap"],"picked":"Coolheaded","floor":8.0},{"not_picked":["Loop","Hello World"],"picked":"Capacitor","floor":10.0},{"not_picked":["Ball Lightning","Scrape"],"picked":"Sunder","floor":14.0},{"not_picked":["Rainbow","Machine Learning"],"picked":"Biased Cognition","floor":16.0},{"not_picked":["Streamline","Darkness"],"picked":"Loop","floor":18.0},{"not_picked":["Go for the Eyes","Cold Snap","FTL"],"picked":"SKIP","floor":20.0},{"not_picked":["Beam Cell","Stack"],"picked":"Gash+1","floor":23.0},{"not_picked":["Leap","White Noise"],"picked":"Recycle","floor":25.0},{"not_picked":["Cold Snap","Buffer"],"picked":"Coolheaded+1","floor":27.0},{"not_picked":["Rip and Tear","Chill"],"picked":"Glacier","floor":29.0},{"not_picked":["Fusion","Gash"],"picked":"Turbo","floor":31.0},{"not_picked":["Amplify","Thunder Strike"],"picked":"Multi-Cast","floor":33.0},{"not_picked":["Static Discharge","FTL","Streamline"],"picked":"SKIP","floor":35.0},{"not_picked":["BootSequence","Scrape"],"picked":"Self Repair","floor":39.0},{"not_picked":["Chill","Streamline","Darkness"],"picked":"SKIP","floor":40.0},{"not_picked":["Sweeping Beam","Rebound"],"picked":"White Noise","floor":42.0},{"not_picked":["Capacitor","Gash"],"picked":"Heatsinks","floor":44.0},{"not_picked":["Lockon","Force Field+1","Turbo+1"],"picked":"Chaos+1","floor":45.0},{"not_picked":["Machine Learning","Conserve Battery+1","Cold Snap"],"picked":"Hologram+1","floor":46.0},{"not_picked":["Swift Strike","Dark Shackles+1","PanicButton+1"],"picked":"Secret Technique+1","floor":48.0},{"not_picked":["Sadistic Nature","Purity+1","Panache"],"picked":"Madness+1","floor":48.0},{"not_picked":["Streamline+1","Steam+1","Force Field+1","Conserve Battery+1"],"picked":"SKIP","floor":55.0}],"player_experience":1938992,"relics_obtained":[{"floor":6.0,"key":"Bag of Preparation"},{"floor":6.0,"key":"Kunai"},{"floor":8.0,"key":"Regal Pillow"},{"floor":8.0,"key":"Sundial"},{"floor":9.0,"key":"Art of War"},{"floor":10.0,"key":"Cables"},{"floor":10.0,"key":"Omamori"},{"floor":23.0,"key":"Nunchaku"},{"floor":23.0,"key":"Dream Catcher"},{"floor":25.0,"key":"Shovel"},{"floor":25.0,"key":"Torii"},{"floor":26.0,"key":"Gambling Chip"},{"floor":29.0,"key":"Anchor"},{"floor":29.0,"key":"Shuriken"},{"floor":40.0,"key":"Orichalcum"},{"floor":40.0,"key":"PreservedInsect"},{"floor":44.0,"key":"Toxic Egg 2"},{"floor":44.0,"key":"Question Card"},{"floor":46.0,"key":"Boot"},{"floor":46.0,"key":"Pantograph"},{"floor":55.0,"key":"Emotion Chip"}],"event_choices":[{"damage_healed":0.0,"max_hp_gain":0.0,"max_hp_loss":0.0,"gold_gain":0.0,"event_name":"Shining Light","player_choice":"Entered Light","floor":3.0,"gold_loss":0.0,"damage_taken":21.0,"cards_upgraded":["Strike_B","Dualcast"]},{"damage_healed":0.0,"max_hp_gain":0.0,"max_hp_loss":0.0,"gold_gain":50.0,"event_name":"Golden Shrine","player_choice":"Pray","floor":4.0,"gold_loss":0.0,"damage_taken":0.0},{"damage_healed":0.0,"max_hp_gain":0.0,"max_hp_loss":0.0,"gold_gain":50.0,"event_name":"Nest","player_choice":"Stole From Cult","floor":21.0,"gold_loss":0.0,"damage_taken":0.0},{"damage_healed":0.0,"max_hp_gain":0.0,"max_hp_loss":0.0,"gold_gain":0.0,"event_name":"WeMeetAgain","player_choice":"Paid Gold","floor":28.0,"gold_loss":52.0,"damage_taken":0.0,"relics_obtained":["The Courier"]},{"damage_healed":0.0,"max_hp_gain":0.0,"max_hp_loss":0.0,"gold_gain":0.0,"event_name":"Tomb of Lord Red Mask","player_choice":"Ignored","floor":36.0,"gold_loss":0.0,"damage_taken":0.0},{"damage_healed":0.0,"max_hp_gain":0.0,"max_hp_loss":0.0,"gold_gain":999.0,"event_name":"MindBloom","player_choice":"Gold","floor":38.0,"gold_loss":0.0,"damage_taken":0.0,"cards_obtained":["Normality","Normality"]},{"damage_healed":0.0,"max_hp_gain":0.0,"max_hp_loss":0.0,"gold_gain":0.0,"event_name":"SensoryStone","player_choice":"Memory 3","floor":48.0,"gold_loss":0.0,"damage_taken":10.0}],"is_beta":false,"boss_relics":[{"not_picked":["Coffee Dripper","Ectoplasm"],"picked":"Pandora\u0027s Box"},{"not_picked":["Calling Bell","Astrolabe"],"picked":"Nuclear Battery"}],"items_purged_floors":[12,19,22,37,54],"is_endless":false,"potions_floor_spawned":[2,5,10,20,23,35,44],"ascension_level":20}