{"gold_per_floor":[109,126,126,43,118,118,31,56,56,72,90,90,90,103,103,203,253,270,281,281,17,27,61,61],"floor_reached":24,"playtime":2495,"items_purged":[],"score":241,"play_id":"212790bb-5cef-4d60-88b6-51e51f6e869b","local_time":"20190703044159","is_ascension_mode":false,"campfire_choices":[{"data":"Bash","floor":6,"key":"SMITH"},{"data":"Armaments","floor":12,"key":"SMITH"},{"data":"Whirlwind","floor":15,"key":"SMITH"}],"neow_cost":"NONE","seed_source_timestamp":1130696735930300,"circlet_count":0,"master_deck":["Strike_R","Strike_R","Strike_R","Strike_R","Defend_R","Defend_R","Defend_R+1","Defend_R","Bash+1","Cleave","Flex","Armaments+1","Rage+1","Whirlwind+1","Shrug It Off+1","Clothesline","Thunderclap","Anger","Impervious","Impervious","Iron Wave","Burning Pact+1","Armaments","Clothesline","Double Tap","Body Slam","Entrench"],"relics":["Burning Blood","NeowsBlessing","War Paint","Mercury Hourglass","Tiny House","Ornamental Fan"],"potions_floor_usage":[16,19,19,22,22],"damage_taken":[{"damage":0,"enemies":"Cultist","floor":1,"turns":1},{"damage":0,"enemies":"Small Slimes","floor":2,"turns":1},{"damage":0,"enemies":"Gremlin Nob","floor":8,"turns":1},{"damage":0,"enemies":"Jaw Worm","floor":10,"turns":4},{"damage":1,"enemies":"Exordium Thugs","floor":11,"turns":4},{"damage":0,"enemies":"3 Louse","floor":14,"turns":2},{"damage":42,"enemies":"Hexaghost","floor":16,"turns":9},{"damage":25,"enemies":"Shell Parasite","floor":18,"turns":7},{"damage":15,"enemies":"3 Byrds","floor":19,"turns":3},{"damage":37,"enemies":"Centurion and Healer","floor":22,"turns":9},{"damage":34,"enemies":"Gremlin Leader","floor":23,"turns":9}],"seed_played":"-2895168407141685465","potions_obtained":[{"floor":1,"key":"Swift Potion"},{"floor":8,"key":"AttackPotion"},{"floor":10,"key":"Explosive Potion"},{"floor":16,"key":"Weak Potion"},{"floor":17,"key":"Regen Potion"},{"floor":23,"key":"Weak Potion"}],"is_trial":false,"path_per_floor":["M","M","?","$","?","R","$","E","T","M","M","R","?","M","R","B",null,"M","M","?","$","M","E","?"],"character_chosen":"IRONCLAD","items_purchased":["Armaments","Rage","Whirlwind","Shrug It Off","Explosive Potion","Clothesline","Double Tap"],"campfire_rested":0,"item_purchase_floors":[4,4,7,7,21,21,21],"current_hp_per_floor":[80,80,85,85,74,74,74,80,80,85,85,85,85,85,85,49,90,71,67,67,67,36,8,0],"gold":61,"neow_bonus":"THREE_ENEMY_KILL","is_prod":false,"is_daily":false,"chose_seed":false,"campfire_upgraded":3,"win_rate":0.0,"timestamp":1562146919,"path_taken":["M","M","?","$","?","R","?","E","T","?","M","R","?","?","R","BOSS","M","M","?","$","M","E","?"],"build_version":"2019-07-01","purchased_purges":0,"victory":false,"max_hp_per_floor":[80,80,85,85,85,85,85,85,85,85,85,85,85,85,85,85,90,90,90,90,90,90,90,90],"card_choices":[{"not_picked":["Blood for Blood","Clash"],"picked":"Cleave","floor":1},{"not_picked":["Combust","Sever Soul"],"picked":"Flex","floor":2},{"not_picked":["Seeing Red","Shrug It Off"],"picked":"Clothesline","floor":8},{"not_picked":["Perfected Strike","Dropkick"],"picked":"Thunderclap","floor":10},{"not_picked":["Shrug It Off","Twin Strike"],"picked":"Anger","floor":11},{"not_picked":["Warcry","Cleave"],"picked":"Impervious","floor":14},{"not_picked":["Offering","Fiend Fire"],"picked":"Impervious","floor":16},{"not_picked":["Disarm","Clothesline"],"picked":"Iron Wave","floor":17},{"not_picked":["Blood for Blood","Cleave"],"picked":"Burning Pact+1","floor":18},{"not_picked":["Flex","Pummel"],"picked":"Armaments","floor":19},{"not_picked":["Rage","Clothesline+1"],"picked":"Body Slam","floor":22},{"not_picked":["Impervious","Perfected Strike"],"picked":"Entrench","floor":23}],"player_experience":2975,"relics_obtained":[{"floor":8,"key":"War Paint"},{"floor":9,"key":"Mercury Hourglass"},{"floor":23,"key":"Ornamental Fan"}],"event_choices":[{"damage_healed":0,"gold_gain":0,"player_choice":"Donut","damage_taken":0,"max_hp_gain":5,"max_hp_loss":0,"event_name":"Big Fish","floor":3,"gold_loss":0},{"damage_healed":0,"gold_gain":75,"player_choice":"Gather Gold","damage_taken":11,"max_hp_gain":0,"max_hp_loss":0,"event_name":"World of Goop","floor":5,"gold_loss":0},{"cards_removed":["Strike_R"],"damage_healed":0,"gold_gain":0,"player_choice":"Offered Basic","damage_taken":0,"max_hp_gain":0,"max_hp_loss":0,"event_name":"Bonfire Elementals","floor":13,"gold_loss":0},{"damage_healed":0,"gold_gain":0,"player_choice":"Ignored","damage_taken":0,"max_hp_gain":0,"max_hp_loss":0,"event_name":"Ghosts","floor":20,"gold_loss":0}],"is_beta":false,"boss_relics":[{"not_picked":["Empty Cage","Black Star"],"picked":"Tiny House"}],"items_purged_floors":[],"is_endless":false,"potions_floor_spawned":[1,8,10,16,23],"ascension_level":0}