{"gold_per_floor":[119,119,137,154,2,2,20,20,20,20,40,68,68,93,93,164,164,180,196,33,44,44,44],"floor_reached":23,"playtime":776,"items_purged":["Strike_G"],"score":402,"play_id":"7426f7bc-3e02-44cd-a10b-5b5654097f81","local_time":"20190527191202","is_ascension_mode":true,"campfire_choices":[{"data":"Neutralize","floor":6,"key":"SMITH"},{"data":"Dash","floor":8,"key":"SMITH"},{"data":"Strike_G","floor":10,"key":"PURGE"},{"data":"Corpse Explosion","floor":15,"key":"SMITH"}],"neow_cost":"TEN_PERCENT_HP_LOSS","seed_source_timestamp":8783381712640,"circlet_count":0,"master_deck":["AscendersBane","Defend_G","Defend_G","Defend_G","Defend_G","Defend_G","Strike_G","Strike_G","Strike_G","Survivor","Neutralize+1","Deadly Poison","Dash+1","Corpse Explosion+1","Wraith Form v2","Catalyst","Footwork"],"relics":["Ring of the Snake","Peace Pipe","Ornamental Fan","Bag of Preparation","Eternal Feather"],"potions_floor_usage":[12,14,21,23,23],"damage_taken":[{"damage":1,"enemies":"2 Louse","floor":1,"turns":3},{"damage":0,"enemies":"Cultist","floor":3,"turns":3},{"damage":2,"enemies":"Jaw Worm","floor":4,"turns":3},{"damage":6,"enemies":"Blue Slaver","floor":7,"turns":4},{"damage":1,"enemies":"Red Slaver","floor":11,"turns":3},{"damage":28,"enemies":"Gremlin Nob","floor":12,"turns":4},{"damage":5,"enemies":"3 Sentries","floor":14,"turns":3},{"damage":13,"enemies":"The Guardian","floor":16,"turns":10},{"damage":1,"enemies":"Chosen","floor":18,"turns":5},{"damage":21,"enemies":"Spheric Guardian","floor":19,"turns":6},{"damage":14,"enemies":"Centurion and Healer","floor":21,"turns":8},{"damage":21,"enemies":"Gremlin Leader","floor":23,"turns":5}],"seed_played":"-208004932008550271","potions_obtained":[{"floor":1,"key":"EssenceOfSteel"},{"floor":4,"key":"Weak Potion"},{"floor":12,"key":"Block Potion"},{"floor":16,"key":"AttackPotion"},{"floor":21,"key":"EssenceOfSteel"}],"is_trial":false,"path_per_floor":["M","?","M","M","$","R","M","R","T","R","M","E","?","E","R","B",null,"M","M","$","M","$","E"],"character_chosen":"THE_SILENT","items_purchased":["Corpse Explosion","Footwork"],"campfire_rested":0,"item_purchase_floors":[5,20],"current_hp_per_floor":[58,63,63,61,61,61,55,55,55,55,54,26,31,26,26,13,52,51,30,30,16,16,0],"gold":44,"neow_bonus":"ONE_RARE_RELIC","is_prod":false,"is_daily":false,"chose_seed":false,"campfire_upgraded":3,"win_rate":0,"timestamp":1558998722,"path_taken":["M","?","M","M","$","R","M","R","T","R","M","E","?","E","R","BOSS","M","M","$","M","?","E"],"build_version":"2019-01-23","purchased_purges":1,"victory":false,"max_hp_per_floor":[60,65,65,65,65,65,65,65,65,65,65,65,65,65,65,65,65,65,65,65,65,65,65],"card_choices":[{"not_picked":["Infinite Blades","Distraction"],"picked":"Deadly Poison","floor":1},{"not_picked":["Slice","Expertise"],"picked":"Poisoned Stab","floor":3},{"not_picked":["Expertise","Poisoned Stab"],"picked":"Dash","floor":4},{"not_picked":["Underhanded Strike","Terror","Predator"],"picked":"SKIP","floor":7},{"not_picked":["Expertise","Slice","Dagger Spray"],"picked":"SKIP","floor":11},{"not_picked":["Expertise","Unload","Eviscerate"],"picked":"SKIP","floor":12},{"not_picked":["Bane","Flying Knee","Finisher"],"picked":"SKIP","floor":14},{"not_picked":["Corpse Explosion","Envenom"],"picked":"Wraith Form v2","floor":16},{"not_picked":["Bane","Quick Slash"],"picked":"Catalyst","floor":18},{"not_picked":["Poisoned Stab","Setup","Expertise"],"picked":"SKIP","floor":19},{"not_picked":["Outmaneuver","Deadly Poison","Riddle With Holes"],"picked":"SKIP","floor":21}],"player_experience":1444215,"relics_obtained":[{"floor":12,"key":"Ornamental Fan"},{"floor":14,"key":"Bag of Preparation"}],"event_choices":[{"damage_healed":0,"gold_gain":0,"player_choice":"Donut","damage_taken":0,"max_hp_gain":5,"max_hp_loss":0,"event_name":"Big Fish","floor":2,"gold_loss":0},{"cards_removed":["Poisoned Stab"],"damage_healed":5,"gold_gain":0,"player_choice":"Offered Common","damage_taken":0,"max_hp_gain":0,"max_hp_loss":0,"event_name":"Bonfire Elementals","floor":13,"gold_loss":0},{"cards_removed":["Poisoned Stab"],"damage_healed":5,"gold_gain":0,"player_choice":"Offered Special","damage_taken":0,"max_hp_gain":0,"max_hp_loss":0,"event_name":"Bonfire Elementals","floor":13,"gold_loss":0}],"is_beta":false,"boss_relics":[{"not_picked":["Pandora\u0027s Box","Busted Crown"],"picked":"Eternal Feather"}],"items_purged_floors":[20],"is_endless":false,"potions_floor_spawned":[1,4,11,12,16,21],"killed_by":"Gremlin Leader","ascension_level":20}