{"gold_per_floor":[219,239,2,13,29,29,56,21,21,21,36,36,47,47,47,47],"floor_reached":16,"playtime":340,"items_purged":[],"score":204,"play_id":"83684c0e-f603-4c89-ad52-217ecace3199","local_time":"20190727150727","is_ascension_mode":true,"campfire_choices":[{"data":"Defragment","floor":6.0,"key":"SMITH"},{"data":"Darkness","floor":10.0,"key":"SMITH"},{"data":"Dualcast","floor":15.0,"key":"SMITH"}],"neow_cost":"NONE","seed_source_timestamp":768098023976409,"circlet_count":0,"master_deck":["AscendersBane","Strike_B","Strike_B","Strike_B","Strike_B","Defend_B","Defend_B","Defend_B","Defend_B","Zap","Dualcast+1","Glacier","Defragment+1","Core Surge","Ball Lightning","Darkness+1","Biased Cognition","Recycle","Lockon"],"special_seed":0,"relics":["Cracked Core","Smiling Mask","Peace Pipe"],"potions_floor_usage":[],"damage_taken":[{"damage":9.0,"enemies":"2 Louse","floor":1.0,"turns":2.0},{"damage":7.0,"enemies":"Small Slimes","floor":2.0,"turns":4.0},{"damage":0.0,"enemies":"Cultist","floor":4.0,"turns":3.0},{"damage":24.0,"enemies":"Exordium Thugs","floor":5.0,"turns":3.0},{"damage":29.0,"enemies":"Gremlin Nob","floor":7.0,"turns":5.0},{"damage":11.0,"enemies":"Looter","floor":11.0,"turns":2.0},{"damage":19.0,"enemies":"Exordium Wildlife","floor":13.0,"turns":7.0},{"damage":22,"enemies":"Slime Boss","floor":16,"turns":5}],"seed_played":"7950469980072438168","potions_obtained":[{"floor":1.0,"key":"Weak Potion"},{"floor":4.0,"key":"Regen Potion"},{"floor":11.0,"key":"Regen Potion"}],"is_trial":false,"path_per_floor":["M","M","$","M","M","R","E","?","T","R","M","?","M","?","R","B"],"character_chosen":"DEFECT","items_purchased":["Core Surge","Ball Lightning"],"campfire_rested":0,"item_purchase_floors":[3,3],"current_hp_per_floor":[55,48,48,48,24,24,9,26,26,26,15,15,11,11,11,0],"gold":47,"neow_bonus":"HUNDRED_GOLD","is_prod":false,"is_daily":false,"chose_seed":false,"campfire_upgraded":3,"win_rate":0,"timestamp":1564211247,"path_taken":["M","M","$","M","M","R","E","?","T","R","M","?","M","?","R","BOSS"],"build_version":"2019-07-17","purchased_purges":0,"victory":false,"max_hp_per_floor":[71,71,71,71,71,71,71,71,71,71,71,71,71,71,71,71],"card_choices":[{"not_picked":["Redo","Genetic Algorithm"],"picked":"Glacier","floor":1.0},{"not_picked":["Doom and Gloom","Coolheaded"],"picked":"Defragment","floor":2.0},{"not_picked":["Beam Cell","Barrage"],"picked":"Darkness","floor":4.0},{"not_picked":["Steam","Tempest","Static Discharge"],"picked":"SKIP","floor":5.0},{"not_picked":["Cold Snap","Sunder"],"picked":"Biased Cognition","floor":7.0},{"not_picked":["Coolheaded","Steam"],"picked":"Recycle","floor":11.0},{"not_picked":["Reprogram","Streamline"],"picked":"Lockon","floor":13.0}],"player_experience":2081348,"relics_obtained":[{"floor":7.0,"key":"Smiling Mask"}],"event_choices":[{"damage_healed":17.0,"max_hp_gain":0.0,"max_hp_loss":0.0,"gold_gain":0.0,"event_name":"The Cleric","player_choice":"Healed","floor":8.0,"gold_loss":35.0,"damage_taken":0.0},{"damage_healed":0.0,"max_hp_gain":0.0,"max_hp_loss":0.0,"gold_gain":0.0,"event_name":"Liars Game","player_choice":"Ignored","floor":12.0,"gold_loss":0.0,"damage_taken":0.0},{"damage_healed":0.0,"max_hp_gain":0.0,"max_hp_loss":0.0,"gold_gain":0.0,"event_name":"Dead Adventurer","player_choice":"Searched \u00271\u0027 times","floor":14.0,"gold_loss":0.0,"damage_taken":0.0,"relics_obtained":["Peace Pipe"]}],"is_beta":false,"boss_relics":[],"items_purged_floors":[],"is_endless":false,"potions_floor_spawned":[1,4,11],"killed_by":"Slime Boss","ascension_level":20}