{"gold_per_floor":[110,60,235,247,247,247,258,287,287,257,274,274,294,308,308,308],"floor_reached":16,"playtime":692,"items_purged":[],"score":153,"play_id":"d3150451-c377-44c5-86d3-f0104e8dc7e2","local_time":"20190727203821","is_ascension_mode":true,"campfire_choices":[{"data":"Body Slam","floor":6,"key":"SMITH"},{"floor":12,"key":"REST"},{"floor":15,"key":"REST"}],"neow_cost":"NONE","seed_source_timestamp":290183347211721,"circlet_count":0,"master_deck":["AscendersBane","Strike_R","Strike_R","Strike_R","Strike_R","Strike_R","Defend_R","Defend_R","Defend_R","Defend_R+1","Body Slam+1","Second Wind","Rage","Flex","Rage"],"relics":["Burning Blood","Lantern","The Courier"],"potions_floor_usage":[8,14],"damage_taken":[{"damage":4,"enemies":"2 Louse","floor":1,"turns":2},{"damage":9,"enemies":"Small Slimes","floor":4,"turns":6},{"damage":9,"enemies":"Jaw Worm","floor":7,"turns":4},{"damage":40,"enemies":"3 Sentries","floor":8,"turns":18},{"damage":0,"enemies":"Looter","floor":10,"turns":4},{"damage":8,"enemies":"Blue Slaver","floor":11,"turns":5},{"damage":13,"enemies":"Gremlin Gang","floor":13,"turns":6},{"damage":10,"enemies":"2 Fungi Beasts","floor":14,"turns":4},{"damage":69,"enemies":"The Guardian","floor":16,"turns":9}],"seed_played":"-4211884056142220894","potions_obtained":[{"floor":1,"key":"Fire Potion"},{"floor":4,"key":"Ancient Potion"},{"floor":7,"key":"SpeedPotion"},{"floor":11,"key":"GamblersBrew"},{"floor":13,"key":"AttackPotion"}],"is_trial":false,"path_per_floor":["M","?","?","M","?","R","M","E","T","M","M","R","M","M","R","B"],"character_chosen":"IRONCLAD","items_purchased":[],"campfire_rested":2,"item_purchase_floors":[],"current_hp_per_floor":[74,74,74,71,64,64,61,27,27,33,31,55,48,44,68,0],"gold":308,"neow_bonus":"UPGRADE_CARD","is_prod":false,"is_daily":false,"chose_seed":false,"campfire_upgraded":1,"win_rate":0,"timestamp":1564274301,"path_taken":["M","?","?","M","?","R","M","E","T","M","M","R","M","M","R","BOSS"],"build_version":"2019-07-17","purchased_purges":0,"victory":false,"max_hp_per_floor":[80,80,80,80,80,80,80,80,80,80,80,80,80,80,80,80],"card_choices":[{"not_picked":["Reckless Charge","Rupture"],"picked":"Body Slam","floor":1},{"not_picked":["Heavy Blade","Pommel Strike"],"picked":"Second Wind","floor":4},{"not_picked":["Pommel Strike","Sword Boomerang"],"picked":"Rage","floor":7},{"not_picked":["Cleave","True Grit","Intimidate"],"picked":"SKIP","floor":8},{"not_picked":["Infernal Blade","Warcry"],"picked":"Flex","floor":10},{"not_picked":["Whirlwind","Thunderclap","Rupture"],"picked":"SKIP","floor":11},{"not_picked":["Pummel","Sever Soul","Hemokinesis"],"picked":"SKIP","floor":13},{"not_picked":["Evolve","Heavy Blade"],"picked":"Rage","floor":14}],"player_experience":1108699,"relics_obtained":[{"floor":8,"key":"Lantern"},{"floor":9,"key":"The Courier"}],"event_choices":[{"cards_removed":["Bash"],"damage_healed":0,"gold_gain":0,"player_choice":"Card Removal","damage_taken":0,"max_hp_gain":0,"max_hp_loss":0,"event_name":"The Cleric","floor":2,"gold_loss":50},{"damage_healed":0,"gold_gain":175,"player_choice":"AGREE","damage_taken":0,"max_hp_gain":0,"max_hp_loss":0,"event_name":"Liars Game","floor":3,"gold_loss":0,"cards_obtained":["Doubt"]},{"cards_removed":["Doubt"],"damage_healed":0,"gold_gain":0,"player_choice":"Card Removal","damage_taken":7,"max_hp_gain":0,"max_hp_loss":0,"event_name":"Golden Wing","floor":5,"gold_loss":0}],"is_beta":false,"boss_relics":[],"items_purged_floors":[],"is_endless":false,"potions_floor_spawned":[1,4,7,11,13],"killed_by":"The Guardian","ascension_level":10}