{"gold_per_floor":[117,67,83,258,358,358,386,386,386,402,402,402,24,60,60,190,190,205,219,237,260,13,13,49,49,76,0,14,14,14,28,28,148,148,169,183,207,226,226,266,266,21,70,94,94,127,127,171,171,171],"floor_reached":50,"playtime":5758,"items_purged":["Doubt"],"score":708,"play_id":"4e1ad5ed-5e18-41a0-93ee-cad59908208f","local_time":"20180708011817","is_ascension_mode":false,"campfire_choices":[{"data":"Flex","floor":6,"key":"SMITH"},{"data":"Pommel Strike","floor":8,"key":"SMITH"},{"data":"1","floor":12,"key":"LIFT"},{"data":"2","floor":15,"key":"LIFT"},{"data":"3","floor":23,"key":"LIFT"},{"data":"Armaments","floor":25,"key":"SMITH"},{"data":"Demon Form","floor":29,"key":"SMITH"},{"data":"Jack Of All Trades","floor":32,"key":"SMITH"},{"floor":45,"key":"REST"},{"floor":47,"key":"REST"},{"floor":49,"key":"REST"}],"neow_cost":"CURSE","seed_source_timestamp":84041640376672,"circlet_count":0,"master_deck":["Strike_R+1","Strike_R+1","Strike_R+1","Strike_R+1","Strike_R+1","Defend_R+1","Defend_R+1","Defend_R+1","Defend_R+1","Bash","Flex+1","Pommel Strike+1","Perfected Strike","Pommel Strike","Armaments+1","Impervious","Demon Form+1","Warcry+1","Shrug It Off+1","Iron Wave+1","Cleave","Jack Of All Trades+1","Whirlwind","Armaments","Perfected Strike+1","Limit Break","Body Slam+1","Body Slam+1","Heavy Blade+1","Reaper","Apotheosis","Pommel Strike+1","Blood for Blood+1","Cleave+1"],"relics":["Burning Blood","Unceasing Top","Vajra","Girya","Golden Idol","Mercury Hourglass","Kunai","Eternal Feather","Bag of Marbles","Regal Pillow","Bag of Preparation","Fusion Hammer","Ginger","Ancient Tea Set","Ornamental Fan","Centennial Puzzle"],"potions_floor_usage":[10,19,20,24,33,33,33,38,40,46,46,50],"damage_taken":[{"damage":6,"enemies":"Small Slimes","floor":1,"turns":4},{"damage":6,"enemies":"Jaw Worm","floor":3,"turns":4},{"damage":39,"enemies":"3 Sentries","floor":7,"turns":11},{"damage":1,"enemies":"Cultist","floor":10,"turns":3},{"damage":36,"enemies":"Lagavulin","floor":14,"turns":4},{"damage":0,"enemies":"Slime Boss","floor":16,"turns":6},{"damage":10,"enemies":"2 Thieves","floor":18,"turns":4},{"damage":10,"enemies":"Spheric Guardian","floor":19,"turns":4},{"damage":18,"enemies":"Centurion and Healer","floor":20,"turns":5},{"damage":14,"enemies":"Chosen and Byrds","floor":21,"turns":8},{"damage":19,"enemies":"Slavers","floor":24,"turns":3},{"damage":10,"enemies":"Snecko","floor":28,"turns":4},{"damage":2,"enemies":"Slaver and Parasite","floor":31,"turns":5},{"damage":67,"enemies":"Champ","floor":33,"turns":7},{"damage":22,"enemies":"3 Shapes","floor":35,"turns":3},{"damage":16,"enemies":"Orb Walker","floor":36,"turns":4},{"damage":12,"enemies":"3 Darklings","floor":37,"turns":4},{"damage":22,"enemies":"Maw","floor":38,"turns":5},{"damage":6,"enemies":"Nemesis","floor":40,"turns":3},{"damage":0,"enemies":"Sphere and 2 Shapes","floor":44,"turns":3},{"damage":0,"enemies":"Giant Head","floor":46,"turns":3},{"damage":0,"enemies":"2 Orb Walkers","floor":48,"turns":2},{"damage":81,"enemies":"Donu and Deca","floor":50,"turns":6}],"seed_played":"9177707515594742205","potions_obtained":[{"floor":7,"key":"Regen Potion"},{"floor":10,"key":"Ancient Potion"},{"floor":14,"key":"SteroidPotion"},{"floor":18,"key":"BloodPotion"},{"floor":24,"key":"FearPotion"},{"floor":28,"key":"FearPotion"},{"floor":31,"key":"AttackPotion"},{"floor":36,"key":"GamblersBrew"},{"floor":38,"key":"GamblersBrew"},{"floor":40,"key":"Strength Potion"},{"floor":48,"key":"Explosive Potion"}],"is_trial":false,"path_per_floor":["M","?","M","?","?","R","E","R","T","M","?","R","$","E","R","B",null,"M","M","M","M","$","R","E","R","T","?","M","R","?","M","R","B",null,"M","M","M","M","?","E","?","$","T","M","R","E","R","E","R"],"character_chosen":"IRONCLAD","items_purchased":["Mercury Hourglass","Armaments","Bag of Marbles","Jack Of All Trades","Apotheosis","SteroidPotion"],"campfire_rested":3,"item_purchase_floors":[13,13,22,22,42,42],"current_hp_per_floor":[80,80,80,80,80,80,47,47,47,61,61,61,61,31,31,37,74,70,66,61,53,53,61,48,56,56,56,52,60,60,64,74,13,74,58,48,42,26,65,65,65,65,65,65,65,65,65,65,65,0],"gold":171,"neow_bonus":"ONE_RARE_RELIC","is_prod":false,"is_daily":false,"chose_seed":false,"campfire_upgraded":5,"win_rate":0,"timestamp":1531027097,"path_taken":["M","?","M","?","?","R","E","R","T","M","?","R","?","E","R","BOSS","M","M","M","M","$","R","E","R","T","?","M","R","?","M","R","BOSS","M","?","M","M","?","E","?","$","T","M","R","E","R","E","R","BOSS"],"build_version":"2018-06-28","purchased_purges":1,"victory":false,"max_hp_per_floor":[80,80,80,80,80,80,80,80,80,80,74,74,74,74,74,74,74,74,74,74,74,74,74,74,74,74,74,74,74,74,74,74,74,74,74,74,74,74,65,65,65,65,65,65,65,65,65,65,65,65],"card_choices":[{"not_picked":["Iron Wave","Anger"],"picked":"Flex","floor":1},{"not_picked":["Evolve","Entrench"],"picked":"Pommel Strike","floor":3},{"not_picked":["Clothesline","Wild Strike"],"picked":"Perfected Strike","floor":7},{"not_picked":["Twin Strike","Corruption"],"picked":"Pommel Strike","floor":10},{"not_picked":["Twin Strike","Combust"],"picked":"Impervious","floor":14},{"not_picked":["Offering","Feed"],"picked":"Demon Form","floor":16},{"not_picked":["Iron Wave","Shrug It Off"],"picked":"Warcry+1","floor":18},{"not_picked":["Twin Strike","Entrench"],"picked":"Shrug It Off+1","floor":19},{"not_picked":["Pommel Strike+1","Juggernaut"],"picked":"Iron Wave+1","floor":20},{"not_picked":["Armaments+1","Perfected Strike"],"picked":"Cleave","floor":21},{"not_picked":["Warcry","Combust+1"],"picked":"Whirlwind","floor":24},{"not_picked":["Second Wind","Sword Boomerang"],"picked":"Armaments","floor":28},{"not_picked":["Shrug It Off","Pommel Strike"],"picked":"Perfected Strike+1","floor":31},{"not_picked":["Bludgeon","Offering"],"picked":"Limit Break","floor":33},{"not_picked":["Dual Wield+1","Perfected Strike"],"picked":"Inflame","floor":35},{"not_picked":["Sword Boomerang","Flex+1"],"picked":"Body Slam+1","floor":36},{"not_picked":["Rupture","Evolve"],"picked":"Body Slam+1","floor":37},{"not_picked":["Intimidate+1","Cleave+1"],"picked":"Heavy Blade+1","floor":38},{"not_picked":["Twin Strike","Sword Boomerang"],"picked":"Reaper","floor":40},{"not_picked":["Reckless Charge","Iron Wave"],"picked":"Pommel Strike+1","floor":44},{"not_picked":["Whirlwind+1","Reckless Charge+1"],"picked":"Blood for Blood+1","floor":46},{"not_picked":["Wild Strike","Pummel"],"picked":"Cleave+1","floor":48}],"player_experience":58215,"relics_obtained":[{"floor":7,"key":"Vajra"},{"floor":9,"key":"Girya"},{"floor":14,"key":"Kunai"},{"floor":24,"key":"Regal Pillow"},{"floor":26,"key":"Bag of Preparation"},{"floor":40,"key":"Ginger"},{"floor":43,"key":"Ancient Tea Set"},{"floor":46,"key":"Ornamental Fan"},{"floor":48,"key":"Centennial Puzzle"}],"event_choices":[{"event_name":"The Cleric","player_choice":"Card Removal","floor":2,"damage_taken":0},{"event_name":"Liars Game","player_choice":"agreed","floor":4,"damage_taken":0},{"event_name":"Golden Shrine","player_choice":"Pray","floor":5,"damage_taken":0},{"event_name":"Golden Idol","player_choice":"Lose Max HP","floor":11,"damage_taken":0},{"event_name":"Masked Bandits","player_choice":"Paid Bandits 76 gold","floor":27,"damage_taken":0},{"event_name":"Back to Basics","player_choice":"Simplicity","floor":30,"damage_taken":0},{"event_name":"The Moai Head","player_choice":"Heal","floor":39,"damage_taken":0},{"event_name":"Falling","player_choice":"Removed Power","floor":41,"damage_taken":0}],"boss_relics":[{"not_picked":["Ectoplasm","Calling Bell"],"picked":"Eternal Feather"},{"not_picked":["Runic Dome","Empty Cage"],"picked":"Fusion Hammer"}],"items_purged_floors":[13],"is_endless":false,"potions_floor_spawned":[7,10,14,18,24,28,31,36,38,40,48],"killed_by":"Donu and Deca","ascension_level":0}