{"gold_per_floor":[116,43,54,129,143,169,169,169,169,196,215,227,255,273,273,370,370,390,99,99,119,135,165,165,194,220,246,266,266,9,21,21,125,125,137,154,173,30,0,0,28,28,53,67,101,78,78,105,105,105],"floor_reached":51,"playtime":4694,"items_purged":["Strike_B"],"score":1038,"play_id":"93ca8429-cf08-4f69-81c7-16bfccbc1816","local_time":"20180722201652","is_ascension_mode":true,"campfire_choices":[{"data":"Dualcast","floor":7,"key":"SMITH"},{"data":"Zap","floor":15,"key":"SMITH"},{"data":"Double Energy","floor":24,"key":"SMITH"},{"data":"Defragment","floor":32,"key":"SMITH"},{"data":"Hologram","floor":40,"key":"SMITH"},{"data":"Echo Form","floor":47,"key":"SMITH"},{"data":"Meteor Strike","floor":49,"key":"SMITH"}],"neow_cost":"TEN_PERCENT_HP_LOSS","seed_source_timestamp":101573592142157,"circlet_count":0,"master_deck":["Defend_B","Defend_B","Defend_B","Defend_B","Zap+1","Dualcast+1","Gash","Seek","FTL","Gash","Self Repair","Chill","Coolheaded","Amplify","Cold Snap","Gash","All For One","Gash+1","Seek","Defragment+1","Leap","Reprogram+1","Beam Cell","Double Energy+1","Hologram+1","Conserve Battery","Gash+1","Self Repair","Echo Form+1","Glacier","Conserve Battery+1","Steam","Seek","Madness","Madness","Conserve Battery","Chill+1","FTL","Meteor Strike+1"],"relics":["Cracked Core","Gambling Chip","Cables","Ornamental Fan","Thread and Needle","Dodecahedron","Sozu","Mummified Hand","Bronze Scales","Pen Nib","Nloth\u0027s Gift","Matryoshka","Runic Pyramid","Juzu Bracelet","Red Mask","Gremlin Horn","Kunai","Vajra","MawBank","Potion Belt"],"potions_floor_usage":[6,10,12,13],"damage_taken":[{"damage":0,"enemies":"Cultist","floor":1,"turns":3},{"damage":0,"enemies":"Small Slimes","floor":3,"turns":3},{"damage":4,"enemies":"Jaw Worm","floor":5,"turns":3},{"damage":18,"enemies":"Gremlin Nob","floor":6,"turns":3},{"damage":9,"enemies":"3 Sentries","floor":10,"turns":8},{"damage":0,"enemies":"Exordium Wildlife","floor":11,"turns":6},{"damage":0,"enemies":"Exordium Thugs","floor":12,"turns":4},{"damage":6,"enemies":"Lagavulin","floor":13,"turns":6},{"damage":1,"enemies":"Large Slime","floor":14,"turns":6},{"damage":28,"enemies":"The Guardian","floor":16,"turns":11},{"damage":4,"enemies":"3 Byrds","floor":18,"turns":5},{"damage":0,"enemies":"Chosen","floor":21,"turns":4},{"damage":5,"enemies":"Snake Plant","floor":22,"turns":4},{"damage":7,"enemies":"Gremlin Leader","floor":23,"turns":5},{"damage":28,"enemies":"Slavers","floor":25,"turns":7},{"damage":2,"enemies":"Book of Stabbing","floor":27,"turns":4},{"damage":0,"enemies":"3 Cultists","floor":28,"turns":3},{"damage":0,"enemies":"Snecko","floor":31,"turns":2},{"damage":32,"enemies":"Champ","floor":33,"turns":11},{"damage":25,"enemies":"3 Darklings","floor":35,"turns":5},{"damage":3,"enemies":"Orb Walker","floor":36,"turns":3},{"damage":24,"enemies":"Transient","floor":37,"turns":5},{"damage":5,"enemies":"2 Orb Walkers","floor":41,"turns":4},{"damage":11,"enemies":"Spire Growth","floor":44,"turns":4},{"damage":31,"enemies":"Nemesis","floor":45,"turns":6},{"damage":0,"enemies":"Giant Head","floor":48,"turns":7},{"damage":35,"enemies":"Donu and Deca","floor":50,"turns":11}],"seed_played":"7316763754022765499","potions_obtained":[{"floor":3,"key":"Explosive Potion"},{"floor":5,"key":"Block Potion"},{"floor":11,"key":"Strength Potion"},{"floor":12,"key":"GamblersBrew"}],"is_trial":false,"path_per_floor":["M","$","M","?","M","E","R","T","T","E","M","M","E","M","R","B",null,"M","$","?","M","M","E","R","E","T","E","M","?","$","M","R","B",null,"M","M","M","$","?","R","E","?","T","M","E","$","R","E","R","B"],"character_chosen":"DEFECT","items_purchased":["Seek","Seek","Defragment","Matryoshka","Juzu Bracelet","FTL"],"campfire_rested":0,"item_purchase_floors":[2,19,19,30,38,46],"current_hp_per_floor":[68,68,68,57,53,35,35,35,35,33,40,47,48,61,61,47,63,66,66,66,66,68,68,68,47,47,52,52,52,52,52,52,34,60,56,67,64,64,64,64,68,59,59,62,52,52,52,68,68,54],"gold":105,"neow_bonus":"REMOVE_TWO","is_prod":false,"is_daily":false,"chose_seed":false,"campfire_upgraded":7,"win_rate":0,"timestamp":1532305012,"path_taken":["M","$","M","?","M","E","R","?","T","E","M","M","E","M","R","BOSS","M","$","?","M","M","E","R","E","T","E","?","?","$","M","R","BOSS","M","M","M","$","?","R","E","?","T","M","E","?","R","E","R","BOSS"],"build_version":"2018-07-19v2","purchased_purges":1,"victory":true,"max_hp_per_floor":[68,68,68,68,68,68,68,68,68,68,68,68,68,68,68,68,68,68,68,68,68,68,68,68,68,68,68,68,68,68,68,68,68,68,68,68,68,68,68,68,68,68,68,68,68,68,68,68,68,68],"card_choices":[{"not_picked":["Beam Cell","Consume"],"picked":"Gash","floor":1},{"not_picked":["Stack","Tempest"],"picked":"FTL","floor":3},{"not_picked":["Compile Driver","Go for the Eyes"],"picked":"Gash","floor":5},{"not_picked":["Auto Shields","Stack"],"picked":"Self Repair","floor":6},{"not_picked":["Conserve Battery","Sweeping Beam"],"picked":"Chill","floor":10},{"not_picked":["Go for the Eyes","Stack"],"picked":"Coolheaded","floor":11},{"not_picked":["Leap","Sweeping Beam"],"picked":"Amplify","floor":12},{"not_picked":["Redo","Auto Shields"],"picked":"Cold Snap","floor":13},{"not_picked":["Streamline","Fission"],"picked":"Gash","floor":14},{"not_picked":["Fission","Meteor Strike"],"picked":"All For One","floor":16},{"not_picked":["Barrage","Coolheaded"],"picked":"Gash+1","floor":18},{"not_picked":["Compile Driver","Consume+1"],"picked":"Reprogram+1","floor":21},{"not_picked":["Skim","Force Field+1"],"picked":"Beam Cell","floor":22},{"not_picked":["Static Discharge","Rip and Tear"],"picked":"Double Energy","floor":23},{"not_picked":["Sunder","Darkness+1"],"picked":"Hologram","floor":25},{"not_picked":["Steam","Stack"],"picked":"Conserve Battery","floor":27},{"not_picked":["Turbo","Biased Cognition"],"picked":"Gash+1","floor":28},{"not_picked":["Leap","Barrage"],"picked":"Self Repair","floor":31},{"not_picked":["Seek","Buffer"],"picked":"Echo Form","floor":33},{"not_picked":["Rebound+1","Undo"],"picked":"Glacier","floor":35},{"not_picked":["Heatsinks","Steam+1"],"picked":"Conserve Battery+1","floor":36},{"not_picked":["Tempest+1","Ball Lightning"],"picked":"Steam","floor":37},{"not_picked":["Buffer","Doom and Gloom+1"],"picked":"Seek","floor":41},{"not_picked":["Compile Driver","Barrage+1"],"picked":"Conserve Battery","floor":44},{"not_picked":["Biased Cognition","FTL"],"picked":"Chill+1","floor":45},{"not_picked":["Scrape","Steam"],"picked":"Meteor Strike","floor":48}],"player_experience":240622,"relics_obtained":[{"floor":6,"key":"Gambling Chip"},{"floor":8,"key":"Cables"},{"floor":9,"key":"Ornamental Fan"},{"floor":10,"key":"Thread and Needle"},{"floor":13,"key":"Dodecahedron"},{"floor":23,"key":"Mummified Hand"},{"floor":25,"key":"Bronze Scales"},{"floor":26,"key":"Orichalcum"},{"floor":27,"key":"Pen Nib"},{"floor":41,"key":"Gremlin Horn"},{"floor":43,"key":"Kunai"},{"floor":43,"key":"Vajra"},{"floor":45,"key":"MawBank"},{"floor":48,"key":"Potion Belt"}],"event_choices":[{"event_name":"World of Goop","player_choice":"Gather Gold","floor":4,"damage_taken":0},{"event_name":"Transmorgrifier","player_choice":"Transform","floor":20,"damage_taken":0},{"event_name":"N\u0027loth","player_choice":"Traded a Orichalcum","floor":29,"damage_taken":0},{"event_name":"Tomb of Lord Red Mask","player_choice":"Paid","floor":39,"damage_taken":0},{"event_name":"Winding Halls","player_choice":"Embrace Madness","floor":42,"damage_taken":0}],"is_beta":false,"boss_relics":[{"not_picked":["Tiny House","Lizard Tail"],"picked":"Sozu"},{"not_picked":["White Beast Statue","Runic Dome"],"picked":"Runic Pyramid"}],"items_purged_floors":[19],"is_endless":false,"potions_floor_spawned":[3,5,11,12,21,27,31,33,36,37,41,45],"ascension_level":5}