{"gold_per_floor":[117,117,127,146,75,75,106,124,124,124,144,164,164,164,164,262,262,282,293,226,226,242,242,267,277,277,277,310,310,360,410,410,511,511,529,579,629,679,144,144,169,32,114,126,142,142,414,433,433,433],"floor_reached":51,"playtime":8457,"items_purged":["Dualcast"],"score":753,"play_id":"b1576b2d-555b-4ba6-a7e0-f9fcd415ed77","local_time":"20181124020005","is_ascension_mode":true,"campfire_choices":[{"data":"Static Discharge","floor":6,"key":"SMITH"},{"data":"Static Discharge","floor":10,"key":"SMITH"},{"data":"Loop","floor":13,"key":"SMITH"},{"floor":15,"key":"REST"},{"data":"Defragment","floor":23,"key":"SMITH"},{"data":"Buffer","floor":27,"key":"SMITH"},{"floor":32,"key":"REST"},{"data":"Defragment","floor":40,"key":"SMITH"},{"data":"White Noise","floor":46,"key":"SMITH"},{"data":"Seek","floor":49,"key":"SMITH"}],"neow_cost":"NONE","seed_source_timestamp":42391747469780,"circlet_count":0,"master_deck":["Strike_B","Strike_B","Strike_B","Defend_B","Defend_B","Defend_B","Defend_B","Zap","Buffer+1","Steam","Conserve Battery","Electrodynamics","Static Discharge+1","Static Discharge+1","FTL","Turbo","Loop+1","Buffer+1","Leap+1","Defragment+1","Streamline+1","Seek+1","Storm+1","Madness","Madness","Dark Shackles","Self Repair","Defragment+1","White Noise+1","Lockon","Tempest+1","Stack"],"relics":["Cracked Core","Ancient Tea Set","Juzu Bracelet","Mercury Hourglass","Eternal Feather","Red Mask","Calipers","The Courier","SsserpentHead","Cursed Key","DataDisk","Lantern","Potion Belt","Boot","Omamori","Cables"],"potions_floor_usage":[33,33,50,50],"damage_taken":[{"damage":3,"enemies":"2 Louse","floor":1,"turns":3},{"damage":1,"enemies":"Jaw Worm","floor":3,"turns":5},{"damage":0,"enemies":"Small Slimes","floor":4,"turns":4},{"damage":0,"enemies":"Lagavulin","floor":7,"turns":7},{"damage":2,"enemies":"2 Fungi Beasts","floor":8,"turns":3},{"damage":1,"enemies":"Exordium Wildlife","floor":11,"turns":4},{"damage":13,"enemies":"Lots of Slimes","floor":12,"turns":3},{"damage":31,"enemies":"Hexaghost","floor":16,"turns":4},{"damage":7,"enemies":"Shell Parasite","floor":18,"turns":3},{"damage":10,"enemies":"Spheric Guardian","floor":19,"turns":3},{"damage":9,"enemies":"Chosen and Byrds","floor":22,"turns":4},{"damage":0,"enemies":"Masked Bandits","floor":24,"turns":3},{"damage":14,"enemies":"Snake Plant","floor":25,"turns":4},{"damage":22,"enemies":"Gremlin Leader","floor":28,"turns":5},{"damage":14,"enemies":"Colosseum Slavers","floor":31,"turns":3},{"damage":23,"enemies":"Collector","floor":33,"turns":8},{"damage":21,"enemies":"Orb Walker","floor":35,"turns":4},{"damage":0,"enemies":"Nemesis","floor":41,"turns":5},{"damage":0,"enemies":"3 Darklings","floor":44,"turns":2},{"damage":4,"enemies":"Writhing Mass","floor":45,"turns":3},{"damage":0,"enemies":"Transient","floor":48,"turns":5},{"damage":34,"enemies":"Donu and Deca","floor":50,"turns":5}],"seed_played":"-1726467342972242801","potions_obtained":[{"floor":3,"key":"Strength Potion"},{"floor":4,"key":"GamblersBrew"},{"floor":11,"key":"AttackPotion"},{"floor":16,"key":"FocusPotion"},{"floor":35,"key":"SteroidPotion"},{"floor":48,"key":"SpeedPotion"}],"is_trial":false,"path_per_floor":["M","?","M","M","$","R","E","M","T","R","M","M","R","T","R","B",null,"M","M","$","?","M","R","?","M","T","R","E","?","?","?","R","B",null,"M","?","?","?","$","R","E","$","T","M","M","R","?","M","R","B",null],"character_chosen":"DEFECT","items_purchased":["Static Discharge","Defragment","DataDisk","Lantern","Self Repair","Defragment","Potion Belt","Omamori","Lockon"],"campfire_rested":2,"item_purchase_floors":[5,20,39,39,39,39,39,42,42],"current_hp_per_floor":[72,72,71,71,71,71,71,69,69,69,68,55,55,55,75,44,75,68,58,58,44,35,47,47,33,33,45,23,23,23,9,45,22,80,59,49,49,49,49,64,71,71,71,71,67,80,80,80,80,53],"gold":433,"neow_bonus":"ONE_RANDOM_RARE_CARD","is_prod":false,"is_daily":false,"chose_seed":false,"campfire_upgraded":8,"win_rate":0,"timestamp":1543042805,"path_taken":["M","?","M","M","$","R","E","M","T","R","M","M","R","?","R","BOSS","M","M","$","?","M","R","?","M","T","R","E","?","?","?","R","BOSS","M","?","?","?","$","R","E","?","T","M","M","R","?","M","R","BOSS"],"build_version":"2018-11-15","purchased_purges":1,"victory":true,"max_hp_per_floor":[75,75,75,75,75,75,75,75,75,75,75,75,75,75,75,75,75,75,75,75,80,80,80,80,80,80,80,80,80,80,80,80,80,80,80,80,80,80,80,80,80,80,80,80,80,80,80,80,80,80],"card_choices":[{"not_picked":["Streamline","Ball Lightning"],"picked":"Steam","floor":1},{"not_picked":["Rebound","Beam Cell"],"picked":"Conserve Battery","floor":3},{"not_picked":["Conserve Battery","Hologram"],"picked":"Electrodynamics","floor":4},{"not_picked":["Reinforced Body","Redo"],"picked":"Static Discharge","floor":7},{"not_picked":["Coolheaded","Compile Driver"],"picked":"FTL","floor":8},{"not_picked":["Rebound","Compile Driver"],"picked":"Turbo","floor":11},{"not_picked":["Redo","Hologram"],"picked":"Loop","floor":12},{"not_picked":["Meteor Strike","Seek"],"picked":"Buffer","floor":16},{"not_picked":["Redo","Steam Power","Compile Driver+1"],"picked":"SKIP","floor":18},{"not_picked":["Ball Lightning","Go for the Eyes"],"picked":"Leap+1","floor":19},{"not_picked":["Hello World","Gash","Blizzard"],"picked":"SKIP","floor":22},{"not_picked":["Rebound+1","Reboot"],"picked":"Streamline+1","floor":25},{"not_picked":["Double Energy","Fission","Gash"],"picked":"SKIP","floor":28},{"not_picked":["Rainbow","Electrodynamics"],"picked":"Seek","floor":33},{"not_picked":["Steam","Blizzard+1"],"picked":"Storm+1","floor":35},{"not_picked":["Purity","Finesse"],"picked":"Dark Shackles","floor":38},{"not_picked":["Force Field","Recycle+1"],"picked":"White Noise","floor":41},{"not_picked":["Conserve Battery","Auto Shields"],"picked":"Tempest+1","floor":44},{"not_picked":["Redo+1","Tempest"],"picked":"Stack","floor":45},{"not_picked":["Cold Snap+1","Coolheaded+1","Rebound"],"picked":"SKIP","floor":48}],"player_experience":354169,"relics_obtained":[{"floor":7,"key":"Ancient Tea Set"},{"floor":9,"key":"Juzu Bracelet"},{"floor":14,"key":"Mercury Hourglass"},{"floor":24,"key":"Red Mask"},{"floor":26,"key":"Calipers"},{"floor":28,"key":"The Courier"},{"floor":41,"key":"Boot"},{"floor":43,"key":"Cables"}],"event_choices":[{"damage_healed":0,"gold_gain":0,"player_choice":"Grow","damage_taken":0,"max_hp_gain":0,"max_hp_loss":0,"event_name":"Living Wall","floor":2,"gold_loss":0,"cards_upgraded":["Buffer"]},{"damage_healed":0,"gold_gain":0,"player_choice":"Shed Blood","damage_taken":19,"max_hp_gain":5,"max_hp_loss":0,"event_name":"Forgotten Altar","floor":21,"gold_loss":0},{"damage_healed":0,"gold_gain":0,"player_choice":"Fought Bandits","damage_taken":0,"max_hp_gain":0,"max_hp_loss":0,"event_name":"Masked Bandits","floor":24,"gold_loss":0},{"damage_healed":0,"gold_gain":0,"player_choice":"Trade","damage_taken":0,"relics_obtained":["SsserpentHead"],"max_hp_gain":0,"max_hp_loss":0,"event_name":"FaceTrader","floor":29,"gold_loss":0},{"damage_healed":0,"gold_gain":0,"player_choice":"Ignored","damage_taken":0,"max_hp_gain":0,"max_hp_loss":0,"event_name":"Vampires","floor":30,"gold_loss":0},{"damage_healed":0,"gold_gain":0,"player_choice":"Fight","damage_taken":0,"max_hp_gain":0,"max_hp_loss":0,"event_name":"Colosseum","floor":31,"gold_loss":0},{"damage_healed":0,"gold_gain":0,"player_choice":"Fled From Nobs","damage_taken":0,"max_hp_gain":0,"max_hp_loss":0,"event_name":"Colosseum","floor":31,"gold_loss":0},{"damage_healed":0,"gold_gain":0,"player_choice":"Embrace Madness","damage_taken":10,"max_hp_gain":0,"max_hp_loss":0,"event_name":"Winding Halls","floor":36,"gold_loss":0,"cards_obtained":["Madness","Madness"]},{"cards_removed":["Strike_B"],"damage_healed":0,"gold_gain":0,"player_choice":"Removed Attack","damage_taken":0,"max_hp_gain":0,"max_hp_loss":0,"event_name":"Falling","floor":37,"gold_loss":0},{"damage_healed":0,"gold_gain":0,"player_choice":"Memory 1","damage_taken":0,"max_hp_gain":0,"max_hp_loss":0,"event_name":"SensoryStone","floor":38,"gold_loss":0},{"damage_healed":0,"gold_gain":222,"player_choice":"Wore Mask","damage_taken":0,"max_hp_gain":0,"max_hp_loss":0,"event_name":"Tomb of Lord Red Mask","floor":47,"gold_loss":0}],"is_beta":false,"boss_relics":[{"not_picked":["Tiny House","Lizard Tail"],"picked":"Eternal Feather"},{"not_picked":["Orrery","Astrolabe"],"picked":"Cursed Key"}],"items_purged_floors":[39],"is_endless":false,"potions_floor_spawned":[3,4,11,16,18,22,28,35,48],"ascension_level":1}