{"gold_per_floor":[116,116,17,17,28,28,59,59,59,73,85,85,102,121,121,197,197,217,236,0,0,18,18,18,18,18,18,28,44,44,55,55,131,131,145,145,45,63,63,63,98,98,98,98],"floor_reached":44,"playtime":1436,"items_purged":["Strike_R","Strike_R"],"score":951,"play_id":"9231fb21-b040-47be-99bc-f89244fff341","local_time":"20190602155704","is_ascension_mode":true,"campfire_choices":[{"data":"Flex","floor":6.0,"key":"SMITH"},{"data":"True Grit","floor":8.0,"key":"SMITH"},{"floor":12.0,"key":"REST"},{"data":"Rampage","floor":15.0,"key":"SMITH"},{"floor":23.0,"key":"REST"},{"data":"Feed","floor":25.0,"key":"SMITH"},{"floor":32.0,"key":"REST"},{"floor":40.0,"key":"REST"}],"neow_cost":"NONE","seed_source_timestamp":691345770124,"circlet_count":0,"master_deck":["AscendersBane","Strike_R+1","Strike_R","Defend_R","Defend_R","Defend_R","Bash+1","Flex+1","Rampage+1","True Grit+1","Shrug It Off","Evolve","Feed+1","Feel No Pain+1","Seeing Red","Second Wind","Battle Trance","Offering"],"special_seed":0,"relics":["Runic Pyramid","Gremlin Horn","Pen Nib","Lizard Tail","Sundial","Mark of Pain","Whetstone"],"potions_floor_usage":[41],"damage_taken":[{"damage":1.0,"enemies":"Small Slimes","floor":1.0,"turns":4.0},{"damage":7.0,"enemies":"Jaw Worm","floor":5.0,"turns":2.0},{"damage":25.0,"enemies":"Lagavulin","floor":7.0,"turns":6.0},{"damage":2.0,"enemies":"Cultist","floor":10.0,"turns":4.0},{"damage":14.0,"enemies":"Lots of Slimes","floor":11.0,"turns":4.0},{"damage":9.0,"enemies":"Large Slime","floor":13.0,"turns":4.0},{"damage":10.0,"enemies":"Exordium Thugs","floor":14.0,"turns":4.0},{"damage":6.0,"enemies":"Hexaghost","floor":16.0,"turns":8.0},{"damage":22.0,"enemies":"2 Thieves","floor":18.0,"turns":4.0},{"damage":31.0,"enemies":"3 Byrds","floor":19.0,"turns":7.0},{"damage":11.0,"enemies":"Snake Plant","floor":22.0,"turns":9.0},{"damage":33.0,"enemies":"Snecko","floor":28.0,"turns":9.0},{"damage":14.0,"enemies":"Cultist and Chosen","floor":29.0,"turns":9.0},{"damage":13.0,"enemies":"Snake Plant","floor":31.0,"turns":5.0},{"damage":16.0,"enemies":"Champ","floor":33.0,"turns":6.0},{"damage":38.0,"enemies":"3 Darklings","floor":35.0,"turns":7.0},{"damage":23.0,"enemies":"3 Shapes","floor":38.0,"turns":3.0},{"damage":56,"enemies":"Giant Head","floor":41,"turns":7},{"damage":0,"enemies":"3 Darklings","floor":44,"turns":1}],"seed_played":"-3255400985000474299","potions_obtained":[{"floor":1.0,"key":"Dexterity Potion"},{"floor":7.0,"key":"Dexterity Potion"},{"floor":16.0,"key":"FearPotion"},{"floor":18.0,"key":"Block Potion"},{"floor":28.0,"key":"PowerPotion"},{"floor":33.0,"key":"BloodPotion"},{"floor":38.0,"key":"AttackPotion"}],"is_trial":false,"path_per_floor":["M","?","$","?","M","R","E","R","T","M","M","R","M","M","R","B",null,"M","M","?","$","M","R","?","R","T","?","M","M","?","M","R","B",null,"M","?","$","M","?","R","E","$","T","M"],"character_chosen":"IRONCLAD","items_purchased":["Flex"],"campfire_rested":4,"item_purchase_floors":[3],"current_hp_per_floor":[67,60,60,60,53,53,28,28,28,26,12,34,25,15,15,9,59,40,12,12,12,1,25,25,25,25,25,36,26,26,13,39,27,77,52,52,52,33,33,63,7,7,7,7],"gold":98,"neow_bonus":"BOSS_RELIC","is_prod":false,"is_daily":false,"chose_seed":false,"campfire_upgraded":4,"win_rate":0,"timestamp":1559462224,"path_taken":["M","?","$","?","?","R","E","R","T","?","M","R","M","M","R","BOSS","M","M","?","?","?","R","?","R","T","?","M","M","?","M","R","BOSS","M","?","$","M","?","R","E","$","T","M"],"build_version":"2019-01-23","purchased_purges":2,"victory":false,"max_hp_per_floor":[75,75,75,75,75,75,75,75,75,75,75,75,75,75,75,75,75,78,81,81,81,81,81,81,81,81,81,85,89,89,89,89,93,93,97,97,97,101,101,101,101,101,101,101],"card_choices":[{"not_picked":["Rupture","Sword Boomerang","Clothesline"],"picked":"SKIP","floor":1.0},{"not_picked":["Clash","Perfected Strike"],"picked":"Rampage","floor":5.0},{"not_picked":["Uppercut","Intimidate"],"picked":"True Grit","floor":7.0},{"not_picked":["Iron Wave","Heavy Blade","Clothesline"],"picked":"SKIP","floor":10.0},{"not_picked":["Bloodletting","True Grit"],"picked":"Shrug It Off","floor":11.0},{"not_picked":["Heavy Blade","Flex"],"picked":"Evolve","floor":13.0},{"not_picked":["Entrench","Combust","Blood for Blood"],"picked":"SKIP","floor":14.0},{"not_picked":["Limit Break","Juggernaut"],"picked":"Feed","floor":16.0},{"not_picked":["Flex","Thunderclap","Sever Soul"],"picked":"SKIP","floor":18.0},{"not_picked":["Clash","Heavy Blade"],"picked":"Feel No Pain+1","floor":19.0},{"not_picked":["Flex","Ghostly Armor","Pummel"],"picked":"SKIP","floor":22.0},{"not_picked":["Havoc","Body Slam"],"picked":"Seeing Red","floor":28.0},{"not_picked":["Wild Strike","Twin Strike"],"picked":"Second Wind","floor":29.0},{"not_picked":["Warcry","Combust","Twin Strike"],"picked":"SKIP","floor":31.0},{"not_picked":["Reaper","Dark Embrace"],"picked":"Offering","floor":33.0},{"not_picked":["Anger+1","Sword Boomerang","Thunderclap+1"],"picked":"SKIP","floor":35.0},{"not_picked":["Cleave","Warcry","True Grit"],"picked":"SKIP","floor":38.0},{"not_picked":["Searing Blow","Dual Wield+1","Shockwave"],"picked":"SKIP","floor":41}],"player_experience":1839983,"relics_obtained":[{"floor":7.0,"key":"Gremlin Horn"},{"floor":9.0,"key":"Pen Nib"},{"floor":26.0,"key":"Sundial"},{"floor":41,"key":"Whetstone"}],"event_choices":[{"cards_removed":["Strike_R"],"damage_healed":0.0,"max_hp_gain":0.0,"max_hp_loss":0.0,"gold_gain":0.0,"event_name":"Golden Wing","player_choice":"Card Removal","floor":2.0,"gold_loss":0.0,"damage_taken":7.0},{"cards_removed":["Defend_R"],"damage_healed":0.0,"max_hp_gain":0.0,"max_hp_loss":0.0,"gold_gain":0.0,"event_name":"Bonfire Elementals","player_choice":"Offered Basic","floor":4.0,"gold_loss":0.0,"damage_taken":0.0},{"damage_healed":0.0,"max_hp_gain":0.0,"max_hp_loss":0.0,"gold_gain":0.0,"event_name":"Masked Bandits","player_choice":"Paid Fearfully","floor":20.0,"gold_loss":236.0,"damage_taken":0.0},{"damage_healed":0.0,"max_hp_gain":0.0,"max_hp_loss":0.0,"gold_gain":0.0,"event_name":"Beggar","player_choice":"Ignored","floor":24.0,"gold_loss":0.0,"damage_taken":0.0},{"damage_healed":0.0,"max_hp_gain":0.0,"max_hp_loss":0.0,"gold_gain":0.0,"event_name":"The Mausoleum","player_choice":"Ignored","floor":27.0,"gold_loss":0.0,"damage_taken":0.0},{"damage_healed":0.0,"max_hp_gain":0.0,"max_hp_loss":0.0,"gold_gain":0.0,"event_name":"The Library","player_choice":"Read","floor":30.0,"gold_loss":0.0,"damage_taken":0.0,"cards_obtained":["Battle Trance"]},{"damage_healed":0.0,"max_hp_gain":0.0,"max_hp_loss":0.0,"gold_gain":0.0,"event_name":"SensoryStone","player_choice":"Memory 1","floor":36.0,"gold_loss":0.0,"damage_taken":0.0},{"damage_healed":0.0,"max_hp_gain":0.0,"max_hp_loss":0.0,"gold_gain":0.0,"event_name":"Mysterious Sphere","player_choice":"Ignored","floor":39.0,"gold_loss":0.0,"damage_taken":0.0}],"is_beta":false,"boss_relics":[{"not_picked":["Tiny House","Ectoplasm"],"picked":"Lizard Tail"},{"not_picked":["Runic Cube","Coffee Dripper"],"picked":"Mark of Pain"}],"items_purged_floors":[3,37],"is_endless":false,"potions_floor_spawned":[1,7,16,18,28,33,38],"killed_by":"3 Darklings","ascension_level":20}