{"gold_per_floor":[111,111,135,135,152,152,182,182,228,256,272,290,32,45,45,117,117,129,129,129,148,158,158,158,158,158,158],"floor_reached":27,"playtime":727,"items_purged":[],"score":492,"play_id":"8e6f1ccc-f795-4f6e-aa87-e438c7dd2cae","local_time":"20190625121925","is_ascension_mode":true,"campfire_choices":[{"data":"Darkness","floor":6.0,"key":"SMITH"},{"data":"Defragment","floor":8.0,"key":"SMITH"},{"data":"Loop","floor":15.0,"key":"SMITH"},{"data":"Dualcast","floor":23.0,"key":"SMITH"},{"data":"Recycle","floor":25.0,"key":"SMITH"}],"neow_cost":"NONE","seed_source_timestamp":2906348679331,"circlet_count":0,"master_deck":["AscendersBane","Strike_B","Strike_B","Defend_B","Defend_B","Defend_B","Defend_B","Zap","Dualcast+1","Darkness+1","Defragment+1","Coolheaded","Loop+1","Self Repair","Recycle+1","Multi-Cast","Undo","Skim","Pain"],"special_seed":0,"relics":["Cracked Core","NeowsBlessing","Regal Pillow","Gambling Chip","Orichalcum","Bottled Flame","PreservedInsect","Eternal Feather","WarpedTongs"],"potions_floor_usage":[],"damage_taken":[{"damage":0.0,"enemies":"Small Slimes","floor":1.0,"turns":1.0},{"damage":0.0,"enemies":"Jaw Worm","floor":5.0,"turns":1.0},{"damage":0.0,"enemies":"Lagavulin","floor":7.0,"turns":1.0},{"damage":32.0,"enemies":"3 Sentries","floor":10.0,"turns":5.0},{"damage":2.0,"enemies":"2 Louse","floor":11.0,"turns":2.0},{"damage":10.0,"enemies":"Exordium Thugs","floor":12.0,"turns":5.0},{"damage":12.0,"enemies":"3 Louse","floor":14.0,"turns":5.0},{"damage":7.0,"enemies":"The Guardian","floor":16.0,"turns":12.0},{"damage":10.0,"enemies":"Chosen","floor":18.0,"turns":4.0},{"damage":34.0,"enemies":"3 Byrds","floor":21.0,"turns":8.0},{"damage":25.0,"enemies":"Snake Plant","floor":22.0,"turns":5.0},{"damage":32,"enemies":"Slavers","floor":27,"turns":2}],"seed_played":"-6053756517100702939","potions_obtained":[{"floor":5.0,"key":"Strength Potion"},{"floor":11.0,"key":"Poison Potion"},{"floor":12.0,"key":"PowerPotion"},{"floor":18.0,"key":"SpeedPotion"},{"floor":21.0,"key":"Fire Potion"}],"is_trial":false,"path_per_floor":["M","?","T","?","M","R","E","R","T","E","M","M","$","M","R","B",null,"M","?","?","M","M","R","?","R","T","E"],"character_chosen":"DEFECT","items_purchased":["PreservedInsect","Self Repair"],"campfire_rested":0,"item_purchase_floors":[13,13],"current_hp_per_floor":[64,64,64,69,69,69,69,69,69,37,35,25,25,20,20,20,62,59,59,59,32,14,23,23,32,32,0],"gold":158,"neow_bonus":"THREE_ENEMY_KILL","is_prod":false,"is_daily":false,"chose_seed":false,"campfire_upgraded":5,"win_rate":0,"timestamp":1561436365,"path_taken":["M","?","?","?","M","R","E","R","T","E","M","M","$","?","R","BOSS","M","?","?","M","?","R","?","R","T","E"],"build_version":"2019-01-23","purchased_purges":0,"victory":false,"max_hp_per_floor":[71,71,71,76,76,76,76,76,76,76,76,76,76,76,76,76,76,76,76,76,76,76,76,76,76,76,76],"card_choices":[{"not_picked":["Streamline","Leap","Force Field"],"picked":"SKIP","floor":1.0},{"not_picked":["Streamline","Coolheaded"],"picked":"Darkness","floor":5.0},{"not_picked":["Conserve Battery","Amplify"],"picked":"Defragment","floor":7.0},{"not_picked":["Cold Snap","Rebound"],"picked":"Coolheaded","floor":10.0},{"not_picked":["Sweeping Beam","Conserve Battery"],"picked":"Loop","floor":11.0},{"not_picked":["Streamline","Force Field","Leap"],"picked":"SKIP","floor":12.0},{"not_picked":["Static Discharge","Capacitor"],"picked":"Recycle","floor":14.0},{"not_picked":["All For One","Seek"],"picked":"Multi-Cast","floor":16.0},{"not_picked":["Coolheaded","Conserve Battery"],"picked":"Undo","floor":18.0},{"not_picked":["Cold Snap","Gash"],"picked":"Skim","floor":21.0},{"not_picked":["Recycle","Beam Cell","Barrage"],"picked":"SKIP","floor":22.0}],"player_experience":1996655,"relics_obtained":[{"floor":3.0,"key":"Regal Pillow"},{"floor":7.0,"key":"Gambling Chip"},{"floor":9.0,"key":"Orichalcum"},{"floor":10.0,"key":"Bottled Flame"}],"event_choices":[{"damage_healed":0.0,"max_hp_gain":0.0,"max_hp_loss":0.0,"gold_gain":0.0,"event_name":"Liars Game","player_choice":"Ignored","floor":2.0,"gold_loss":0.0,"damage_taken":0.0},{"damage_healed":0.0,"max_hp_gain":5.0,"max_hp_loss":0.0,"gold_gain":0.0,"event_name":"Big Fish","player_choice":"Donut","floor":4.0,"gold_loss":0.0,"damage_taken":0.0},{"cards_removed":["Strike_B"],"damage_healed":0.0,"max_hp_gain":0.0,"max_hp_loss":0.0,"gold_gain":0.0,"event_name":"Back to Basics","player_choice":"Elegance","floor":19.0,"gold_loss":0.0,"damage_taken":0.0},{"cards_removed":["Strike_B"],"damage_healed":0.0,"max_hp_gain":0.0,"max_hp_loss":0.0,"gold_gain":0.0,"event_name":"Bonfire Elementals","player_choice":"Offered Basic","floor":20.0,"gold_loss":0.0,"damage_taken":0.0},{"damage_healed":0.0,"max_hp_gain":0.0,"max_hp_loss":0.0,"gold_gain":0.0,"event_name":"Accursed Blacksmith","player_choice":"Rummage","floor":24.0,"gold_loss":0.0,"damage_taken":0.0,"relics_obtained":["WarpedTongs"],"cards_obtained":["Pain"]}],"is_beta":false,"boss_relics":[{"not_picked":["Fusion Hammer","FrozenCore"],"picked":"Eternal Feather"}],"items_purged_floors":[],"is_endless":false,"potions_floor_spawned":[5,11,12,14,18,21],"killed_by":"Slavers","ascension_level":20}