{"gold_per_floor":[111,121,136,61,61,61,136,136,136,136,148,148,163,79,79,155,155,169,84,42,42,52,67,67,93,93,93,93,63,95,95],"floor_reached":31,"playtime":806,"items_purged":["Strike_G"],"score":572,"play_id":"43230b77-f186-44f1-bec3-dcc2eef5eb03","local_time":"20190621201144","is_ascension_mode":true,"campfire_choices":[{"data":"Noxious Fumes","floor":6.0,"key":"SMITH"},{"data":"Catalyst","floor":8.0,"key":"SMITH"},{"data":"Neutralize","floor":10.0,"key":"SMITH"},{"data":"Heel Hook","floor":12.0,"key":"SMITH"},{"data":"Well Laid Plans","floor":15.0,"key":"SMITH"},{"data":"Footwork","floor":24.0,"key":"SMITH"},{"floor":27.0,"key":"RECALL"}],"neow_cost":"NONE","seed_source_timestamp":1658426190884486,"circlet_count":0,"master_deck":["AscendersBane","Defend_G","Defend_G","Defend_G","Defend_G","Defend_G","Strike_G","Survivor","Neutralize+1","Catalyst+1","Noxious Fumes+1","Heel Hook+1","Well Laid Plans+1","After Image","Footwork+1"],"special_seed":0,"relics":["Ring of the Snake","NeowsBlessing","Empty Cage","Lantern","Ninja Scroll","Dodecahedron","Blood Vial"],"potions_floor_usage":[30,30],"damage_taken":[{"damage":0.0,"enemies":"2 Louse","floor":1.0,"turns":1.0},{"damage":0.0,"enemies":"Small Slimes","floor":2.0,"turns":1.0},{"damage":0.0,"enemies":"Cultist","floor":3.0,"turns":1.0},{"damage":11.0,"enemies":"3 Louse","floor":11.0,"turns":5.0},{"damage":3.0,"enemies":"Looter","floor":13.0,"turns":5.0},{"damage":28.0,"enemies":"Slime Boss","floor":16.0,"turns":10.0},{"damage":12.0,"enemies":"Spheric Guardian","floor":18.0,"turns":7.0},{"damage":9.0,"enemies":"3 Byrds","floor":22.0,"turns":5.0},{"damage":20.0,"enemies":"Sentry and Sphere","floor":23.0,"turns":7.0},{"damage":0.0,"enemies":"Book of Stabbing","floor":25.0,"turns":8.0},{"damage":17,"enemies":"Slavers","floor":30,"turns":6},{"damage":15,"enemies":"Cultist and Chosen","floor":31,"turns":4}],"seed_played":"-861765284539758495","potions_obtained":[{"floor":1.0,"key":"Block Potion"},{"floor":11.0,"key":"Fire Potion"},{"floor":16.0,"key":"Explosive Potion"},{"floor":22.0,"key":"GamblersBrew"},{"floor":23.0,"key":"EntropicBrew"},{"floor":29,"key":"AttackPotion"},{"floor":29,"key":"Explosive Potion"},{"floor":30,"key":"Weak Potion"}],"is_trial":false,"path_per_floor":["M","M","M","$","?","R","?","R","T","R","M","R","M","$","R","B",null,"M","?","$","?","M","M","R","E","T","R","?","?","E","M"],"character_chosen":"THE_SILENT","items_purchased":["Well Laid Plans","Footwork"],"campfire_rested":0,"item_purchase_floors":[14,20],"current_hp_per_floor":[59,59,59,59,59,59,48,48,48,48,37,37,34,34,34,6,51,39,39,39,66,57,37,37,37,37,37,37,37,20,7],"gold":95,"neow_bonus":"THREE_ENEMY_KILL","is_prod":false,"is_daily":false,"chose_seed":false,"campfire_upgraded":6,"win_rate":0,"timestamp":1561119104,"path_taken":["M","M","M","$","?","R","?","R","T","R","M","R","M","$","R","BOSS","M","?","$","?","M","?","R","E","T","R","?","?","E","?"],"build_version":"2019-01-23","purchased_purges":1,"victory":false,"max_hp_per_floor":[66,66,66,66,66,66,66,66,66,66,66,66,66,66,66,66,66,66,66,66,66,66,66,66,66,66,66,66,66,66,66],"card_choices":[{"not_picked":["Dash","Slice","Poisoned Stab"],"picked":"SKIP","floor":1.0},{"not_picked":["Sucker Punch","Underhanded Strike"],"picked":"Catalyst","floor":2.0},{"not_picked":["PiercingWail","Prepared"],"picked":"Noxious Fumes","floor":3.0},{"not_picked":["Heel Hook","Dagger Spray","Slice"],"picked":"SKIP","floor":11.0},{"not_picked":["Night Terror","Poisoned Stab","Finisher"],"picked":"SKIP","floor":13.0},{"not_picked":["Storm of Steel","Wraith Form v2"],"picked":"After Image","floor":16.0},{"not_picked":["Deflect","Underhanded Strike","Concentrate"],"picked":"SKIP","floor":18.0},{"not_picked":["Blade Dance","Outmaneuver","Quick Slash+1"],"picked":"SKIP","floor":22.0},{"not_picked":["Dagger Spray","Flying Knee","Cloak And Dagger"],"picked":"SKIP","floor":23.0},{"not_picked":["Distraction+1","Choke","Predator"],"picked":"SKIP","floor":25.0},{"not_picked":["Bane","Blade Dance","Predator"],"picked":"SKIP","floor":30}],"player_experience":1965377,"relics_obtained":[{"floor":25.0,"key":"Ninja Scroll"},{"floor":26.0,"key":"Dodecahedron"},{"floor":30,"key":"Blood Vial"}],"event_choices":[{"damage_healed":0.0,"max_hp_gain":0.0,"max_hp_loss":0.0,"gold_gain":0.0,"cards_transformed":["Strike_G"],"event_name":"Living Wall","player_choice":"Change","floor":5.0,"gold_loss":0.0,"damage_taken":0.0,"cards_obtained":["Heel Hook"]},{"damage_healed":0.0,"max_hp_gain":0.0,"max_hp_loss":0.0,"gold_gain":75.0,"event_name":"World of Goop","player_choice":"Gather Gold","floor":7.0,"gold_loss":0.0,"damage_taken":11.0},{"damage_healed":0.0,"max_hp_gain":0.0,"max_hp_loss":0.0,"gold_gain":0.0,"event_name":"Addict","player_choice":"Obtained Relic","floor":19.0,"gold_loss":85.0,"damage_taken":0.0,"relics_obtained":["Lantern"]},{"damage_healed":27.0,"max_hp_gain":0.0,"max_hp_loss":0.0,"gold_gain":0.0,"event_name":"Wheel of Change","player_choice":"Full Heal","floor":21.0,"gold_loss":0.0,"damage_taken":0.0},{"damage_healed":0.0,"max_hp_gain":0.0,"max_hp_loss":0.0,"gold_gain":0.0,"event_name":"Cursed Tome","player_choice":"Ignored","floor":28.0,"gold_loss":0.0,"damage_taken":0.0},{"damage_healed":0,"gold_gain":0,"player_choice":"Bought 2 Potions","damage_taken":0,"max_hp_gain":0,"max_hp_loss":0,"event_name":"The Woman in Blue","floor":29,"gold_loss":0}],"is_beta":false,"boss_relics":[{"not_picked":["Busted Crown","Lizard Tail"],"picked":"Empty Cage"}],"items_purged_floors":[4],"is_endless":false,"potions_floor_spawned":[1,11,16,22,23,30],"killed_by":"Cultist and Chosen","ascension_level":20}