{"gold_per_floor":[119,119,132,147,162,196,170,170,220,240,252,252],"floor_reached":12,"playtime":751,"items_purged":[],"score":82,"play_id":"fd676407-7d8a-4fe5-bb72-d106bf645a8a","local_time":"20190728215204","is_ascension_mode":false,"campfire_choices":[],"neow_cost":"NONE","seed_source_timestamp":251543063854700,"circlet_count":0,"master_deck":["Strike_G","Strike_G","Strike_G","Strike_G","Strike_G","Defend_G","Defend_G","Defend_G","Defend_G","Defend_G","Survivor","Neutralize","Poisoned Stab+1","Distraction","Deadly Poison","Masterful Stab","Deadly Poison","Deflect","Blade Dance"],"relics":["Ring of the Snake","NeowsBlessing","Singing Bowl","Anchor"],"potions_floor_usage":[5,12,12],"damage_taken":[{"damage":0,"enemies":"2 Louse","floor":1,"turns":1},{"damage":0,"enemies":"Jaw Worm","floor":3,"turns":1},{"damage":0,"enemies":"Cultist","floor":4,"turns":1},{"damage":13,"enemies":"Gremlin Gang","floor":5,"turns":5},{"damage":26,"enemies":"Gremlin Nob","floor":6,"turns":4},{"damage":12,"enemies":"Exordium Thugs","floor":10,"turns":6},{"damage":6,"enemies":"Blue Slaver","floor":11,"turns":3},{"damage":15,"enemies":"Lagavulin","floor":12,"turns":5}],"seed_played":"6694032962739628603","potions_obtained":[{"floor":4,"key":"PowerPotion"},{"floor":6,"key":"Dexterity Potion"},{"floor":11,"key":"FearPotion"}],"is_trial":false,"path_per_floor":["M","?","M","M","M","E","?","?","T","M","M","E"],"character_chosen":"THE_SILENT","items_purchased":[],"campfire_rested":0,"item_purchase_floors":[],"current_hp_per_floor":[70,70,70,70,57,31,31,31,31,19,13,0],"gold":252,"neow_bonus":"THREE_ENEMY_KILL","is_prod":false,"is_daily":false,"chose_seed":false,"campfire_upgraded":0,"win_rate":0.0,"timestamp":1564368724,"path_taken":["M","?","M","M","M","E","?","?","T","?","?","E"],"build_version":"2019-07-17","purchased_purges":0,"victory":false,"max_hp_per_floor":[70,70,70,70,70,70,70,70,70,70,70,70],"card_choices":[{"not_picked":["Slice","Deadly Poison"],"picked":"Poisoned Stab","floor":1},{"not_picked":["Reflex","Underhanded Strike"],"picked":"Distraction","floor":3},{"not_picked":["Dodge and Roll","Infinite Blades"],"picked":"Deadly Poison","floor":4},{"not_picked":["Catalyst","Skewer"],"picked":"Masterful Stab","floor":5},{"not_picked":["PiercingWail","Deflect"],"picked":"Deadly Poison","floor":6},{"not_picked":["PiercingWail","Backflip"],"picked":"Deflect","floor":10},{"not_picked":["Reflex","PiercingWail"],"picked":"Blade Dance","floor":11}],"player_experience":172488,"relics_obtained":[{"floor":6,"key":"Singing Bowl"},{"floor":9,"key":"Anchor"}],"event_choices":[{"damage_healed":0,"gold_gain":0,"player_choice":"Grow","damage_taken":0,"max_hp_gain":0,"max_hp_loss":0,"event_name":"Living Wall","floor":2,"gold_loss":0,"cards_upgraded":["Poisoned Stab"]},{"damage_healed":0,"gold_gain":0,"player_choice":"Left Gold","damage_taken":0,"max_hp_gain":0,"max_hp_loss":0,"event_name":"World of Goop","floor":7,"gold_loss":26},{"damage_healed":0,"gold_gain":0,"player_choice":"0 cards matched","damage_taken":0,"max_hp_gain":0,"max_hp_loss":0,"event_name":"Match and Keep!","floor":8,"gold_loss":0,"cards_obtained":[]}],"is_beta":false,"boss_relics":[],"items_purged_floors":[],"is_endless":false,"potions_floor_spawned":[4,6,11],"killed_by":"Lagavulin","ascension_level":0}