{"gold_per_floor":[115,115,135,147,147,177,189,221,248,248,25,68,68,107,107,196,196,220,220,220,235,57,93,93,106,152,190,390,415,448,471,471,570,570,593,70,94,115,138,174,174,210,260,303,303,303,334,402,402,402,402,402,402,0,41,41],"floor_reached":57,"playtime":3985,"items_purged":["Cold Snap+1"],"score":3887,"play_id":"f765c125-645e-4763-b569-9f6108b8461d","local_time":"20190724002331","is_ascension_mode":true,"campfire_choices":[{"data":"Darkness","floor":13.0,"key":"SMITH"},{"data":"Coolheaded","floor":15.0,"key":"SMITH"},{"data":"Heatsinks","floor":24.0,"key":"SMITH"},{"data":"Turbo","floor":32.0,"key":"SMITH"},{"data":"Defragment","floor":46.0,"key":"SMITH"},{"floor":49.0,"key":"RECALL"},{"data":"Steam Power","floor":53.0,"key":"SMITH"}],"neow_cost":"NONE","seed_source_timestamp":451024461791655,"circlet_count":0,"master_deck":["AscendersBane","Zap+1","Dualcast+1","Coolheaded+1","Steam Power+1","Buffer","Compile Driver","Self Repair","White Noise+1","Machine Learning","Fusion+1","Turbo+1","Blizzard+1","Multi-Cast+1","Darkness+1","Recycle+1","Heatsinks+1","Defragment+1","Chaos+1","Loop","Hologram+1","Echo Form","Seek+1","Undo+1","Flash of Steel","Capacitor","Redo+1"],"special_seed":0,"relics":["Pandora\u0027s Box","Dodecahedron","Whetstone","PreservedInsect","Golden Idol","Medical Kit","Bag of Marbles","Toxic Egg 2","Nuclear Battery","Happy Flower","Anchor","Nunchaku","Centennial Puzzle","Black Star","Oddly Smooth Stone","Gremlin Horn","War Paint","Bottled Lightning","Vajra","The Courier","Orichalcum","DataDisk","Juzu Bracelet","Ornamental Fan","Pocketwatch","Unceasing Top","Strawberry","Symbiotic Virus"],"potions_floor_usage":[56,56],"damage_taken":[{"damage":20.0,"enemies":"Small Slimes","floor":1.0,"turns":6.0},{"damage":6.0,"enemies":"Jaw Worm","floor":3.0,"turns":4.0},{"damage":13.0,"enemies":"Cultist","floor":4.0,"turns":5.0},{"damage":22.0,"enemies":"3 Sentries","floor":6.0,"turns":8.0},{"damage":0.0,"enemies":"2 Fungi Beasts","floor":7.0,"turns":3.0},{"damage":0.0,"enemies":"Gremlin Nob","floor":8.0,"turns":4.0},{"damage":0.0,"enemies":"Lagavulin","floor":12.0,"turns":5.0},{"damage":10.0,"enemies":"3 Sentries","floor":14.0,"turns":6.0},{"damage":0.0,"enemies":"Hexaghost","floor":16.0,"turns":7.0},{"damage":0.0,"enemies":"Spheric Guardian","floor":18.0,"turns":3.0},{"damage":34.0,"enemies":"3 Byrds","floor":21.0,"turns":4.0},{"damage":4.0,"enemies":"Book of Stabbing","floor":23.0,"turns":2.0},{"damage":24.0,"enemies":"Snake Plant","floor":25.0,"turns":3.0},{"damage":0.0,"enemies":"Slavers","floor":27.0,"turns":3.0},{"damage":0.0,"enemies":"Snecko","floor":29.0,"turns":3.0},{"damage":13.0,"enemies":"Gremlin Leader","floor":30.0,"turns":2.0},{"damage":6.0,"enemies":"Shelled Parasite and Fungi","floor":31.0,"turns":4.0},{"damage":0.0,"enemies":"Automaton","floor":33.0,"turns":4.0},{"damage":11.0,"enemies":"3 Darklings","floor":35.0,"turns":2.0},{"damage":0.0,"enemies":"Orb Walker","floor":37.0,"turns":2.0},{"damage":21.0,"enemies":"4 Shapes","floor":38.0,"turns":3.0},{"damage":0.0,"enemies":"Transient","floor":39.0,"turns":6.0},{"damage":0.0,"enemies":"Nemesis","floor":40.0,"turns":3.0},{"damage":0.0,"enemies":"Giant Head","floor":42.0,"turns":3.0},{"damage":0.0,"enemies":"Nemesis","floor":44.0,"turns":1.0},{"damage":0.0,"enemies":"Reptomancer","floor":47.0,"turns":3.0},{"damage":0.0,"enemies":"2 Orb Walkers","floor":48.0,"turns":2.0},{"damage":0.0,"enemies":"Awakened One","floor":50.0,"turns":5.0},{"damage":0.0,"enemies":"Time Eater","floor":51.0,"turns":3.0},{"damage":0.0,"enemies":"Shield and Spear","floor":55.0,"turns":3.0},{"damage":0,"enemies":"The Heart","floor":56,"turns":7}],"seed_played":"-8783433949142996853","potions_obtained":[{"floor":3.0,"key":"Ancient Potion"},{"floor":6.0,"key":"Fire Potion"},{"floor":14.0,"key":"Explosive Potion"},{"floor":21.0,"key":"FearPotion"},{"floor":25.0,"key":"Poison Potion"},{"floor":44.0,"key":"Block Potion"}],"is_trial":false,"path_per_floor":["M","?","M","M","?","E","M","E","T","?","$","E","R","E","R","B",null,"M","?","?","M","$","E","R","M","T","E","?","M","E","M","R","B",null,"M","$","M","M","M","E","?","E","T","E","?","R","E","?","R","B","B",null,"R","$","E","B",null],"character_chosen":"DEFECT","items_purchased":["Medical Kit","Defragment","SkillPotion","Chaos+1","Oddly Smooth Stone","Gremlin Horn","Flash of Steel","Unceasing Top","Capacitor"],"campfire_rested":0,"item_purchase_floors":[11,22,22,22,36,36,54,54,54],"current_hp_per_floor":[51,51,52,53,32,17,24,31,31,31,31,38,38,35,35,42,59,64,64,64,37,37,33,33,16,16,23,23,30,17,25,25,32,56,52,52,59,45,52,59,59,64,64,64,61,61,61,61,61,61,61,61,61,61,68,68],"gold":41,"neow_bonus":"BOSS_RELIC","is_prod":false,"is_daily":false,"chose_seed":false,"campfire_upgraded":6,"win_rate":0,"timestamp":1563899011,"path_taken":["M","?","M","M","?","E","M","E","T","?","$","E","R","E","R","BOSS","M","?","?","M","$","E","R","?","T","E","?","?","E","M","R","BOSS","M","$","M","M","M","E","?","E","T","E","?","R","E","?","R","BOSS","BOSS","R","$","E","BOSS"],"build_version":"2019-07-17","purchased_purges":1,"victory":true,"max_hp_per_floor":[71,71,71,71,71,71,71,71,71,64,64,64,64,64,64,64,64,64,64,64,64,64,64,64,64,64,64,64,64,64,64,64,64,64,64,64,64,64,64,64,64,64,64,64,61,61,61,61,61,61,61,61,61,61,68,68],"card_choices":[{"not_picked":["Streamline","Redo","Leap"],"picked":"SKIP","floor":1.0},{"not_picked":["FTL","Force Field"],"picked":"Fusion","floor":3.0},{"not_picked":["Streamline","Sweeping Beam"],"picked":"Turbo","floor":4.0},{"not_picked":["Turbo","Buffer"],"picked":"Blizzard","floor":6.0},{"not_picked":["Turbo","Redo","Cold Snap"],"picked":"SKIP","floor":7.0},{"not_picked":["Turbo","Redo"],"picked":"Cold Snap","floor":7.0},{"not_picked":["Reinforced Body","Chaos"],"picked":"Multi-Cast","floor":8.0},{"not_picked":["Capacitor","Beam Cell"],"picked":"Darkness","floor":12.0},{"not_picked":["Stack","Rip and Tear","Beam Cell"],"picked":"SKIP","floor":14.0},{"not_picked":["Coolheaded+1","Redo+1"],"picked":"Recycle+1","floor":18.0},{"not_picked":["Go for the Eyes","Gash"],"picked":"Heatsinks","floor":21.0},{"not_picked":["Beam Cell+1","Sunder"],"picked":"Loop","floor":23.0},{"not_picked":["Redo+1","Tempest+1"],"picked":"Hologram+1","floor":25.0},{"not_picked":["Redo+1","Tempest+1"],"picked":"Core Surge","floor":27.0},{"not_picked":["White Noise+1","Go for the Eyes","Rebound"],"picked":"SKIP","floor":29.0},{"not_picked":["Rip and Tear","Cold Snap"],"picked":"Echo Form","floor":30.0},{"not_picked":["Darkness+1","Sunder","Sweeping Beam"],"picked":"SKIP","floor":31.0},{"not_picked":["Fission+1","Echo Form"],"picked":"Seek+1","floor":33.0},{"not_picked":["Reinforced Body+1","Rip and Tear","Auto Shields+1"],"picked":"SKIP","floor":35.0},{"not_picked":["Rebound","Scrape","Sweeping Beam"],"picked":"SKIP","floor":37.0},{"not_picked":["Go for the Eyes+1","Barrage","FTL"],"picked":"SKIP","floor":38.0},{"not_picked":["Self Repair","Cold Snap+1"],"picked":"Undo+1","floor":39.0},{"not_picked":["Leap+1","Turbo+1","Core Surge"],"picked":"SKIP","floor":40.0},{"not_picked":["Ball Lightning","Steam+1","Leap+1"],"picked":"SKIP","floor":42.0},{"not_picked":["Gash","Ball Lightning","Barrage"],"picked":"SKIP","floor":44.0},{"not_picked":["Self Repair","Turbo+1","Gash+1"],"picked":"SKIP","floor":47.0},{"not_picked":["Echo Form","Doom and Gloom"],"picked":"Redo+1","floor":55.0}],"player_experience":2067911,"relics_obtained":[{"floor":6.0,"key":"Dodecahedron"},{"floor":8.0,"key":"Whetstone"},{"floor":9.0,"key":"PreservedInsect"},{"floor":12.0,"key":"Bag of Marbles"},{"floor":14.0,"key":"Toxic Egg 2"},{"floor":23.0,"key":"Happy Flower"},{"floor":26.0,"key":"Anchor"},{"floor":27.0,"key":"Nunchaku"},{"floor":30.0,"key":"Centennial Puzzle"},{"floor":40.0,"key":"War Paint"},{"floor":40.0,"key":"Bottled Lightning"},{"floor":42.0,"key":"Vajra"},{"floor":42.0,"key":"The Courier"},{"floor":44.0,"key":"Orichalcum"},{"floor":44.0,"key":"DataDisk"},{"floor":47.0,"key":"Juzu Bracelet"},{"floor":47.0,"key":"Ornamental Fan"},{"floor":48.0,"key":"Pocketwatch"},{"floor":55.0,"key":"Strawberry"},{"floor":55.0,"key":"Symbiotic Virus"}],"event_choices":[{"damage_healed":0.0,"max_hp_gain":0.0,"max_hp_loss":0.0,"gold_gain":0.0,"event_name":"Living Wall","player_choice":"Grow","floor":2.0,"gold_loss":0.0,"damage_taken":0.0,"cards_upgraded":["Zap"]},{"damage_healed":0.0,"max_hp_gain":0.0,"max_hp_loss":0.0,"gold_gain":0.0,"event_name":"Shining Light","player_choice":"Entered Light","floor":5.0,"gold_loss":0.0,"damage_taken":21.0,"cards_upgraded":["Dualcast","Fusion"]},{"damage_healed":0.0,"max_hp_gain":0.0,"max_hp_loss":7.0,"gold_gain":0.0,"event_name":"Golden Idol","player_choice":"Lose Max HP","floor":10.0,"gold_loss":0.0,"damage_taken":0.0,"relics_obtained":["Golden Idol"]},{"damage_healed":0.0,"max_hp_gain":0.0,"max_hp_loss":0.0,"gold_gain":0.0,"event_name":"Cursed Tome","player_choice":"Ignored","floor":19.0,"gold_loss":0.0,"damage_taken":0.0},{"cards_removed":["Hello World"],"damage_healed":0.0,"max_hp_gain":0.0,"max_hp_loss":0.0,"gold_gain":0.0,"event_name":"Back to Basics","player_choice":"Elegance","floor":20.0,"gold_loss":0.0,"damage_taken":0.0},{"damage_healed":0.0,"max_hp_gain":0.0,"max_hp_loss":0.0,"gold_gain":200.0,"event_name":"Wheel of Change","player_choice":"Gold","floor":28.0,"gold_loss":0.0,"damage_taken":0.0},{"cards_removed":["Core Surge"],"damage_healed":0.0,"max_hp_gain":0.0,"max_hp_loss":0.0,"gold_gain":0.0,"event_name":"Falling","player_choice":"Removed Attack","floor":41.0,"gold_loss":0.0,"damage_taken":0.0},{"damage_healed":0.0,"max_hp_gain":0.0,"max_hp_loss":3.0,"gold_gain":0.0,"event_name":"Winding Halls","player_choice":"Max HP","floor":45.0,"gold_loss":0.0,"damage_taken":0.0},{"damage_healed":0.0,"max_hp_gain":0.0,"max_hp_loss":0.0,"gold_gain":0.0,"event_name":"Mysterious Sphere","player_choice":"Fight","floor":48.0,"gold_loss":0.0,"damage_taken":0.0}],"is_beta":false,"boss_relics":[{"not_picked":["Empty Cage","White Beast Statue"],"picked":"Nuclear Battery"},{"not_picked":["Busted Crown","Astrolabe"],"picked":"Black Star"}],"items_purged_floors":[36],"is_endless":false,"potions_floor_spawned":[3,6,7,14,18,21,25,39,44,47,48],"ascension_level":20}