{"gold_per_floor":[112,112,130,144,124,149,149,174,174,174,208,208,224,234,234,234],"floor_reached":16,"playtime":900,"items_purged":[],"score":193,"play_id":"f71a44d2-883f-488a-aa69-777e7550fd13","local_time":"20180726224054","is_ascension_mode":true,"campfire_choices":[{"data":"Body Slam","floor":7,"key":"SMITH"},{"data":"Flex","floor":10,"key":"SMITH"},{"data":"Bash","floor":12,"key":"SMITH"},{"data":"Body Slam","floor":15,"key":"SMITH"}],"neow_cost":"NONE","seed_source_timestamp":460589378028621,"circlet_count":0,"master_deck":["Strike_R","Strike_R","Strike_R","Strike_R","Strike_R","Defend_R","Defend_R","Defend_R","Defend_R","Bash+1","Body Slam+1","Headbutt","Flex+1","Ghostly Armor","Shrug It Off","Warcry","Body Slam+1","Whirlwind"],"relics":["Burning Blood","Regal Pillow","Mango","Self Forming Clay","Letter Opener","Happy Flower"],"potions_floor_usage":[6,6,6],"damage_taken":[{"damage":4,"enemies":"2 Louse","floor":1,"turns":3},{"damage":11,"enemies":"Jaw Worm","floor":3,"turns":6},{"damage":1,"enemies":"Cultist","floor":4,"turns":3},{"damage":12,"enemies":"Gremlin Nob","floor":6,"turns":3},{"damage":35,"enemies":"Lagavulin","floor":8,"turns":8},{"damage":24,"enemies":"3 Sentries","floor":11,"turns":8},{"damage":6,"enemies":"Looter","floor":13,"turns":3},{"damage":0,"enemies":"Lots of Slimes","floor":14,"turns":3},{"damage":62,"enemies":"Slime Boss","floor":16,"turns":8}],"seed_played":"-2816098766115480776","potions_obtained":[{"floor":3,"key":"SteroidPotion"},{"floor":4,"key":"Poison Potion"},{"floor":5,"key":"Weak Potion"},{"floor":8,"key":"Poison Potion"}],"is_trial":false,"path_per_floor":["M","?","M","M","?","E","R","E","T","R","E","R","M","M","R"],"character_chosen":"IRONCLAD","items_purchased":[],"campfire_rested":0,"item_purchase_floors":[],"current_hp_per_floor":[74,79,74,79,79,87,87,58,58,58,40,40,40,46,46,0],"gold":234,"neow_bonus":"RANDOM_COMMON_RELIC","is_prod":false,"is_daily":false,"chose_seed":false,"campfire_upgraded":4,"win_rate":0,"timestamp":1532659254,"path_taken":["M","?","M","M","?","E","R","E","T","R","E","R","?","M","R","BOSS"],"build_version":"2018-07-26","purchased_purges":0,"victory":false,"max_hp_per_floor":[80,85,85,85,85,99,99,99,99,99,99,99,99,99,99,99],"card_choices":[{"not_picked":["Wild Strike","Entrench"],"picked":"Body Slam","floor":1},{"not_picked":["Disarm","Berserk"],"picked":"Headbutt","floor":3},{"not_picked":["Second Wind","Iron Wave"],"picked":"Flex","floor":4},{"not_picked":["Anger","Headbutt"],"picked":"Ghostly Armor","floor":6},{"not_picked":["Anger","Wild Strike"],"picked":"Shrug It Off","floor":8},{"not_picked":["Perfected Strike","Corruption"],"picked":"Warcry","floor":11},{"not_picked":["Armaments","Feel No Pain"],"picked":"Body Slam","floor":13},{"not_picked":["Feel No Pain","Immolate"],"picked":"Whirlwind","floor":14}],"player_experience":349638,"relics_obtained":[{"floor":6,"key":"Mango"},{"floor":8,"key":"Self Forming Clay"},{"floor":9,"key":"Letter Opener"},{"floor":11,"key":"Happy Flower"}],"event_choices":[{"event_name":"Big Fish","player_choice":"Donut","floor":2,"damage_taken":0},{"event_name":"The Woman in Blue","player_choice":"Bought 1 Potion","floor":5,"damage_taken":0}],"is_beta":false,"boss_relics":[],"items_purged_floors":[],"is_endless":false,"potions_floor_spawned":[3,4,8],"killed_by":"Slime Boss","ascension_level":8}