{"gold_per_floor":[117,42,117,117,117,144,155,155,155,181,15,15,15,36,36,130,193,218,218,218,218,218,218,237,252,252,275,298,322,322,336,336,336],"floor_reached":33,"playtime":679,"items_purged":[],"score":560,"play_id":"b17a1285-cf22-4d00-aade-58b512418298","local_time":"20190517195911","is_ascension_mode":true,"campfire_choices":[{"data":"Darkness","floor":8.0,"key":"SMITH"},{"data":"Consume","floor":12.0,"key":"SMITH"},{"data":"Defragment","floor":15.0,"key":"SMITH"},{"data":"Turbo","floor":23.0,"key":"SMITH"},{"data":"Chaos","floor":30.0,"key":"SMITH"},{"data":"Dualcast","floor":32.0,"key":"SMITH"}],"neow_cost":"NONE","seed_source_timestamp":621150891574657,"circlet_count":0,"master_deck":["AscendersBane","Strike_B","Strike_B","Defend_B","Defend_B","Defend_B","Defend_B","Zap","Dualcast+1","Turbo+1","Darkness+1","Ball Lightning+1","Defragment+1","Capacitor","Consume+1","Ball Lightning","Multi-Cast","Glacier","Redo","Recycle","Undo","Chill","Heatsinks","Conserve Battery","Chaos+1"],"special_seed":0,"relics":["Cracked Core","NeowsBlessing","Pantograph","PreservedInsect","Smiling Mask","Meat on the Bone","Golden Idol","Tiny House"],"potions_floor_usage":[],"damage_taken":[{"damage":0.0,"enemies":"2 Louse","floor":1.0,"turns":1.0},{"damage":0.0,"enemies":"3 Sentries","floor":6.0,"turns":2.0},{"damage":0.0,"enemies":"Jaw Worm","floor":7.0,"turns":1.0},{"damage":11.0,"enemies":"Gremlin Nob","floor":10.0,"turns":3.0},{"damage":7.0,"enemies":"Small Slimes","floor":14.0,"turns":4.0},{"damage":35.0,"enemies":"Hexaghost","floor":16.0,"turns":7.0},{"damage":12.0,"enemies":"Chosen","floor":18.0,"turns":3.0},{"damage":23.0,"enemies":"2 Thieves","floor":24.0,"turns":4.0},{"damage":37.0,"enemies":"Snecko","floor":25.0,"turns":5.0},{"damage":14.0,"enemies":"Snake Plant","floor":27.0,"turns":5.0},{"damage":3.0,"enemies":"3 Cultists","floor":28.0,"turns":4.0},{"damage":20.0,"enemies":"Snecko","floor":29.0,"turns":8.0},{"damage":17.0,"enemies":"Snake Plant","floor":31.0,"turns":4.0},{"damage":63,"enemies":"Automaton","floor":33,"turns":6}],"seed_played":"-7476065327585293418","potions_obtained":[{"floor":1.0,"key":"FocusPotion"},{"floor":10.0,"key":"Swift Potion"},{"floor":14.0,"key":"Weak Potion"},{"floor":17.0,"key":"Energy Potion"},{"floor":24.0,"key":"GamblersBrew"},{"floor":29.0,"key":"Weak Potion"}],"is_trial":false,"path_per_floor":["M","?","?","T","?","E","M","R","T","E","$","R","?","M","R","B",null,"M","?","?","?","?","R","M","M","T","M","M","M","R","M","R","B"],"character_chosen":"DEFECT","items_purchased":["Capacitor","Consume"],"campfire_rested":0,"item_purchase_floors":[11,11],"current_hp_per_floor":[64,64,53,53,58,58,58,58,58,47,47,47,47,40,40,42,67,55,55,55,55,55,55,44,19,19,17,26,18,18,13,13,0],"gold":336,"neow_bonus":"THREE_ENEMY_KILL","is_prod":false,"is_daily":false,"chose_seed":false,"campfire_upgraded":6,"win_rate":0,"timestamp":1558094351,"path_taken":["M","?","?","?","?","E","M","R","T","E","$","R","?","M","R","BOSS","M","?","?","?","?","R","?","M","T","M","?","M","R","M","R","BOSS"],"build_version":"2019-01-23","purchased_purges":0,"victory":false,"max_hp_per_floor":[71,71,71,71,76,76,76,76,76,76,76,76,69,69,69,69,74,74,74,74,74,74,74,74,74,74,74,74,74,74,74,74,74],"card_choices":[{"not_picked":["Darkness","Coolheaded"],"picked":"Turbo","floor":1.0},{"not_picked":["Genetic Algorithm","Gash"],"picked":"Darkness","floor":6.0},{"not_picked":["Melter","Lockon"],"picked":"Ball Lightning","floor":7.0},{"not_picked":["Ball Lightning","Leap"],"picked":"Defragment","floor":10.0},{"not_picked":["Gash","Hologram"],"picked":"Ball Lightning","floor":14.0},{"not_picked":["Fission","Reboot"],"picked":"Multi-Cast","floor":16.0},{"not_picked":["Melter","Go for the Eyes"],"picked":"Glacier","floor":17.0},{"not_picked":["Rebound","Ball Lightning"],"picked":"Redo","floor":18.0},{"not_picked":["Ball Lightning","Stack+1"],"picked":"Undo","floor":24.0},{"not_picked":["Static Discharge","Leap+1"],"picked":"Chill","floor":25.0},{"not_picked":["Reprogram","Reinforced Body"],"picked":"Heatsinks","floor":27.0},{"not_picked":["Genetic Algorithm","Machine Learning"],"picked":"Conserve Battery","floor":28.0},{"not_picked":["Sweeping Beam","Streamline"],"picked":"Chaos","floor":29.0},{"not_picked":["Beam Cell","Redo","Doom and Gloom"],"picked":"SKIP","floor":31.0}],"player_experience":1712701,"relics_obtained":[{"floor":4.0,"key":"Pantograph"},{"floor":6.0,"key":"PreservedInsect"},{"floor":9.0,"key":"Smiling Mask"},{"floor":10.0,"key":"Meat on the Bone"}],"event_choices":[{"cards_removed":["Strike_B"],"damage_healed":0.0,"max_hp_gain":0.0,"max_hp_loss":0.0,"gold_gain":0.0,"event_name":"The Cleric","player_choice":"Card Removal","floor":2.0,"gold_loss":75.0,"damage_taken":0.0},{"damage_healed":0.0,"max_hp_gain":0.0,"max_hp_loss":0.0,"gold_gain":75.0,"event_name":"World of Goop","player_choice":"Gather Gold","floor":3.0,"gold_loss":0.0,"damage_taken":11.0},{"damage_healed":0.0,"max_hp_gain":5.0,"max_hp_loss":0.0,"gold_gain":0.0,"event_name":"Big Fish","player_choice":"Donut","floor":5.0,"gold_loss":0.0,"damage_taken":0.0},{"damage_healed":0.0,"max_hp_gain":0.0,"max_hp_loss":7.0,"gold_gain":0.0,"event_name":"Golden Idol","player_choice":"Lose Max HP","floor":13.0,"gold_loss":0.0,"damage_taken":0.0,"relics_obtained":["Golden Idol"]},{"damage_healed":0.0,"max_hp_gain":0.0,"max_hp_loss":0.0,"gold_gain":0.0,"event_name":"Ghosts","player_choice":"Ignored","floor":19.0,"gold_loss":0.0,"damage_taken":0.0},{"damage_healed":0.0,"max_hp_gain":0.0,"max_hp_loss":0.0,"gold_gain":0.0,"event_name":"The Library","player_choice":"Read","floor":20.0,"gold_loss":0.0,"damage_taken":0.0,"cards_obtained":["Recycle"]},{"damage_healed":0.0,"max_hp_gain":0.0,"max_hp_loss":0.0,"gold_gain":0.0,"event_name":"Vampires","player_choice":"Ignored","floor":21.0,"gold_loss":0.0,"damage_taken":0.0},{"cards_removed":["Strike_B"],"damage_healed":0.0,"max_hp_gain":0.0,"max_hp_loss":0.0,"gold_gain":0.0,"event_name":"Back to Basics","player_choice":"Elegance","floor":22.0,"gold_loss":0.0,"damage_taken":0.0}],"is_beta":false,"boss_relics":[{"not_picked":["Eternal Feather","Busted Crown"],"picked":"Tiny House"}],"items_purged_floors":[],"is_endless":false,"potions_floor_spawned":[1,10,14,18,24,29],"killed_by":"Automaton","ascension_level":20}