{"gold_per_floor":[109,109,122,133,17,48,48,48,48,81,81,101,101,111,111,190,190,203,203,203,217,22,22,42,42,66,66,66,84,159,177,177,253,253,273,284,284,284,303,303,331,311,311,311,329,329,132,143,143,143,143,143,143,18,43,43],"floor_reached":57,"playtime":1876,"items_purged":["Strike_B","Rip and Tear","Amplify"],"score":2705,"play_id":"a54cc77b-2522-461f-8c82-d3bf3cb67b9c","local_time":"20190625115906","is_ascension_mode":true,"campfire_choices":[{"data":"Defragment","floor":8.0,"key":"SMITH"},{"data":"Zap","floor":11.0,"key":"SMITH"},{"data":"Defragment","floor":15.0,"key":"SMITH"},{"floor":23.0,"key":"REST"},{"data":"Fission","floor":25.0,"key":"SMITH"},{"data":"Chaos","floor":28.0,"key":"SMITH"},{"data":"Coolheaded","floor":32.0,"key":"SMITH"},{"data":"Dualcast","floor":40.0,"key":"SMITH"},{"data":"Amplify","floor":44.0,"key":"SMITH"},{"floor":46.0,"key":"RECALL"},{"data":"Purity","floor":49.0,"key":"SMITH"},{"data":"Defragment","floor":53.0,"key":"SMITH"}],"neow_cost":"TEN_PERCENT_HP_LOSS","seed_source_timestamp":441372756157,"circlet_count":0,"master_deck":["AscendersBane","Zap+1","Dualcast+1","Ball Lightning","Defragment+1","White Noise","Amplify+1","Ball Lightning","Defragment+1","Meteor Strike","Storm","Skim+1","Conserve Battery","Electrodynamics","Chaos+1","Coolheaded+1","Fission+1","BootSequence+1","Biased Cognition","Skim+1","Coolheaded+1","Defragment+1","Defragment+1","Purity+1"],"special_seed":0,"relics":["FrozenCore","Bird Faced Urn","FaceOfCleric","Matryoshka","PreservedInsect","Singing Bowl","Shuriken","Pandora\u0027s Box","DataDisk","Symbiotic Virus","Mummified Hand","Strawberry","Bag of Preparation","War Paint"],"potions_floor_usage":[56],"damage_taken":[{"damage":0.0,"enemies":"2 Louse","floor":1.0,"turns":2.0},{"damage":1.0,"enemies":"Cultist","floor":3.0,"turns":3.0},{"damage":2.0,"enemies":"Jaw Worm","floor":4.0,"turns":3.0},{"damage":12.0,"enemies":"Lagavulin","floor":6.0,"turns":7.0},{"damage":44.0,"enemies":"Gremlin Nob","floor":10.0,"turns":4.0},{"damage":20.0,"enemies":"3 Louse","floor":12.0,"turns":4.0},{"damage":3.0,"enemies":"2 Fungi Beasts","floor":14.0,"turns":3.0},{"damage":9.0,"enemies":"Hexaghost","floor":16.0,"turns":6.0},{"damage":49.0,"enemies":"Shell Parasite","floor":18.0,"turns":4.0},{"damage":22.0,"enemies":"2 Thieves","floor":21.0,"turns":2.0},{"damage":6.0,"enemies":"Centurion and Healer","floor":24.0,"turns":3.0},{"damage":20.0,"enemies":"Snecko","floor":29.0,"turns":4.0},{"damage":19.0,"enemies":"Snake Plant","floor":31.0,"turns":3.0},{"damage":16.0,"enemies":"Automaton","floor":33.0,"turns":4.0},{"damage":0.0,"enemies":"3 Darklings","floor":35.0,"turns":2.0},{"damage":0.0,"enemies":"Orb Walker","floor":36.0,"turns":2.0},{"damage":0.0,"enemies":"Transient","floor":39.0,"turns":6.0},{"damage":0.0,"enemies":"Reptomancer","floor":41.0,"turns":3.0},{"damage":0.0,"enemies":"Jaw Worm Horde","floor":45.0,"turns":1.0},{"damage":0.0,"enemies":"Writhing Mass","floor":48.0,"turns":2.0},{"damage":55.0,"enemies":"Time Eater","floor":50.0,"turns":8.0},{"damage":74.0,"enemies":"Awakened One","floor":51.0,"turns":10.0},{"damage":11,"enemies":"Shield and Spear","floor":55,"turns":3},{"damage":74,"enemies":"The Heart","floor":56,"turns":6}],"seed_played":"-7477931148436477284","potions_obtained":[{"floor":1.0,"key":"EssenceOfSteel"},{"floor":3.0,"key":"SpeedPotion"},{"floor":21.0,"key":"Weak Potion"},{"floor":31.0,"key":"PowerPotion"},{"floor":33.0,"key":"SteroidPotion"},{"floor":42.0,"key":"Block Potion"},{"floor":55,"key":"Block Potion"}],"is_trial":false,"path_per_floor":["M","?","M","M","$","E","$","R","T","E","R","M","?","M","R","B",null,"M","?","?","M","$","R","M","R","T","?","R","M","T","M","R","B",null,"M","M","?","?","M","R","E","?","T","R","M","R","$","M","R","B","B",null,"R","$","E","B",null],"character_chosen":"DEFECT","items_purchased":["White Noise","Coolheaded","DataDisk","Purity"],"campfire_rested":1,"item_purchase_floors":[5,22,22,47],"current_hp_per_floor":[64,64,64,65,65,55,55,55,55,18,18,5,5,7,7,9,57,21,21,21,10,10,33,40,40,40,40,40,37,37,33,33,30,70,81,85,85,85,88,88,98,98,98,98,99,99,99,102,102,76,27,85,85,85,93,42],"gold":43,"neow_bonus":"ONE_RARE_RELIC","is_prod":false,"is_daily":false,"chose_seed":false,"campfire_upgraded":10,"win_rate":0,"timestamp":1561435146,"path_taken":["M","?","?","M","$","E","$","R","T","E","R","M","?","M","R","BOSS","M","?","?","M","$","R","M","R","T","?","R","M","?","M","R","BOSS","M","M","?","?","?","R","E","?","T","R","M","R","$","M","R","BOSS","BOSS","R","$","E","BOSS"],"build_version":"2019-01-23","purchased_purges":3,"victory":true,"max_hp_per_floor":[64,64,65,66,66,67,67,67,67,70,70,71,71,72,72,73,73,74,74,74,77,77,77,78,78,78,78,78,81,81,82,82,83,83,84,85,85,85,88,88,98,98,98,98,99,99,99,102,102,103,104,104,104,104,107,108],"card_choices":[{"not_picked":["Chill","Stack"],"picked":"Ball Lightning","floor":1.0},{"not_picked":["Lockon","Fusion"],"picked":"Defragment","floor":3.0},{"not_picked":["Gash","Doom and Gloom","FTL"],"picked":"SKIP","floor":4.0},{"not_picked":["Gash","Doom and Gloom","FTL"],"picked":"SKIP","floor":4.0},{"not_picked":["Gash","Steam"],"picked":"Amplify","floor":6.0},{"not_picked":["Scrape","Hello World","Darkness"],"picked":"Singing Bowl","floor":10.0},{"not_picked":["Gash","Melter"],"picked":"Ball Lightning","floor":12.0},{"not_picked":["Rip and Tear","Ball Lightning"],"picked":"Defragment","floor":14.0},{"not_picked":["Reboot","Machine Learning"],"picked":"Meteor Strike","floor":16.0},{"not_picked":["Steam","Compile Driver"],"picked":"Chaos","floor":18.0},{"not_picked":["Gash","Streamline","Aggregate"],"picked":"Singing Bowl","floor":21.0},{"not_picked":["Leap","Gash"],"picked":"Fission","floor":24.0},{"not_picked":["Rebound","Barrage","Sunder"],"picked":"Singing Bowl","floor":29.0},{"not_picked":["Gash","Compile Driver"],"picked":"BootSequence","floor":31.0},{"not_picked":["Seek","Buffer"],"picked":"Biased Cognition","floor":33.0},{"not_picked":["Auto Shields+1","Turbo"],"picked":"Skim+1","floor":35.0},{"not_picked":["Genetic Algorithm+1","Barrage+1"],"picked":"Coolheaded+1","floor":36.0},{"not_picked":["Beam Cell+1","Ball Lightning+1","Rebound"],"picked":"Singing Bowl","floor":39.0},{"not_picked":["Coolheaded","Force Field","Storm"],"picked":"Singing Bowl","floor":41.0},{"not_picked":["Undo","Leap+1"],"picked":"Defragment","floor":45.0},{"not_picked":["White Noise","Go for the Eyes","Leap"],"picked":"Singing Bowl","floor":48.0},{"not_picked":["Genetic Algorithm+1","Cold Snap+1","Hello World"],"picked":"Singing Bowl","floor":55}],"player_experience":1994779,"relics_obtained":[{"floor":6.0,"key":"Matryoshka"},{"floor":9.0,"key":"PreservedInsect"},{"floor":9.0,"key":"Singing Bowl"},{"floor":10.0,"key":"Shuriken"},{"floor":26.0,"key":"Symbiotic Virus"},{"floor":30.0,"key":"Mummified Hand"},{"floor":41.0,"key":"Strawberry"},{"floor":43.0,"key":"Bag of Preparation"},{"floor":55,"key":"War Paint"}],"event_choices":[{"damage_healed":0.0,"max_hp_gain":0.0,"max_hp_loss":0.0,"gold_gain":0.0,"event_name":"FaceTrader","player_choice":"Trade","floor":2.0,"gold_loss":0.0,"damage_taken":0.0,"relics_obtained":["FaceOfCleric"]},{"damage_healed":0.0,"max_hp_gain":0.0,"max_hp_loss":0.0,"gold_gain":0.0,"event_name":"Shining Light","player_choice":"Ignored","floor":13.0,"gold_loss":0.0,"damage_taken":0.0},{"damage_healed":0.0,"max_hp_gain":0.0,"max_hp_loss":0.0,"gold_gain":0.0,"event_name":"Cursed Tome","player_choice":"Ignored","floor":19.0,"gold_loss":0.0,"damage_taken":0.0},{"cards_removed":["Electrodynamics"],"damage_healed":0.0,"max_hp_gain":0.0,"max_hp_loss":0.0,"gold_gain":0.0,"event_name":"Back to Basics","player_choice":"Elegance","floor":20.0,"gold_loss":0.0,"damage_taken":0.0},{"damage_healed":0.0,"max_hp_gain":0.0,"max_hp_loss":0.0,"gold_gain":0.0,"event_name":"Vampires","player_choice":"Ignored","floor":27.0,"gold_loss":0.0,"damage_taken":0.0},{"damage_healed":0.0,"max_hp_gain":0.0,"max_hp_loss":0.0,"gold_gain":0.0,"event_name":"Tomb of Lord Red Mask","player_choice":"Ignored","floor":37.0,"gold_loss":0.0,"damage_taken":0.0},{"damage_healed":0.0,"max_hp_gain":0.0,"max_hp_loss":0.0,"gold_gain":0.0,"event_name":"Duplicator","player_choice":"Copied","floor":38.0,"gold_loss":0.0,"damage_taken":0.0,"cards_obtained":["Defragment"]},{"damage_healed":0.0,"max_hp_gain":0.0,"max_hp_loss":0.0,"gold_gain":0.0,"event_name":"The Woman in Blue","player_choice":"Bought 1 Potion","floor":42.0,"gold_loss":0.0,"damage_taken":0.0}],"is_beta":false,"boss_relics":[{"not_picked":["Orrery","Runic Dome"],"picked":"Pandora\u0027s Box"},{"not_picked":["Sozu","Velvet Choker"],"picked":"FrozenCore"}],"items_purged_floors":[5,47,54],"is_endless":false,"potions_floor_spawned":[1,3,6,12,21,31,33,35,39,55],"ascension_level":20}