{"gold_per_floor":[117,117,117,131,150,177,177,204,229,277,295,35,51,4,4,109,109,126,126,136,148,148,148,166,183,183,201,530,543,121,131,131,231,231,248,8,8,8,34,34,66,66,92,92,108,118,138,13,13,13],"floor_reached":51,"playtime":5597,"items_purged":[],"score":809,"play_id":"d49eb1bb-6fc1-4f93-9298-7b43fea0dfb0","local_time":"20180706010118","is_ascension_mode":false,"campfire_choices":[{"data":"After Image","floor":7,"key":"SMITH"},{"floor":15,"key":"REST"},{"floor":23,"key":"REST"},{"floor":32,"key":"REST"},{"floor":40,"key":"REST"},{"floor":42,"key":"REST"},{"floor":44,"key":"REST"},{"floor":49,"key":"REST"}],"neow_cost":"NONE","seed_source_timestamp":1988306893102476,"circlet_count":0,"master_deck":["Defend_G+1","Defend_G+1","Defend_G+1","Defend_G+1","Defend_G+1","Strike_G+1","Strike_G+1","Strike_G+1","Strike_G+1","Survivor","Neutralize","Noxious Fumes+1","Dagger Throw","Malaise","After Image+1","Prepared","Predator","Footwork","Underhanded Strike+1","Bane+1","Glass Knife+1","Backflip+1","Catalyst+1","Dagger Throw+1","RitualDagger+1","Flying Knee+1","Crippling Poison+1","Dagger Spray+1","Choke+1","Riddle With Holes+1","Finisher+1","Infinite Blades","Swift Strike+1","PiercingWail+1","Flying Knee+1","Night Terror","Terror","Acrobatics+1","Poisoned Stab+1","Dagger Throw+1","Poisoned Stab+1","Poisoned Stab+1","Backstab+1","Crippling Poison+1","Deadly Poison+1","Bouncing Flask+1","Outmaneuver","Leg Sweep+1","Poisoned Stab+1","Adrenaline","PiercingWail","Dodge and Roll+1"],"relics":["Velvet Choker","Anchor","Dream Catcher","Strawberry","Omamori","Molten Egg 2","Fusion Hammer","Toolbox","Old Coin","Ornamental Fan","Orrery","Mummified Hand","Bronze Scales","Pear","Lantern"],"potions_floor_usage":[6,6,6,16,21,29,33,33,33,41,47,50],"damage_taken":[{"damage":0,"enemies":"2 Louse","floor":1,"turns":3},{"damage":0,"enemies":"Small Slimes","floor":4,"turns":4},{"damage":1,"enemies":"Jaw Worm","floor":5,"turns":3},{"damage":4,"enemies":"Gremlin Nob","floor":6,"turns":4},{"damage":15,"enemies":"3 Sentries","floor":8,"turns":8},{"damage":0,"enemies":"2 Fungi Beasts","floor":11,"turns":3},{"damage":5,"enemies":"Gremlin Gang","floor":13,"turns":5},{"damage":34,"enemies":"The Guardian","floor":16,"turns":10},{"damage":0,"enemies":"3 Byrds","floor":18,"turns":5},{"damage":0,"enemies":"Shell Parasite","floor":20,"turns":4},{"damage":3,"enemies":"Cultist and Chosen","floor":21,"turns":6},{"damage":0,"enemies":"Snecko","floor":24,"turns":4},{"damage":0,"enemies":"Snake Plant","floor":25,"turns":4},{"damage":3,"enemies":"Chosen and Byrds","floor":27,"turns":6},{"damage":0,"enemies":"Gremlin Leader","floor":28,"turns":5},{"damage":0,"enemies":"Snecko","floor":29,"turns":3},{"damage":0,"enemies":"Snake Plant","floor":31,"turns":5},{"damage":15,"enemies":"Automaton","floor":33,"turns":7},{"damage":22,"enemies":"3 Shapes","floor":35,"turns":4},{"damage":21,"enemies":"Nemesis","floor":41,"turns":7},{"damage":25,"enemies":"3 Darklings","floor":45,"turns":5},{"damage":12,"enemies":"Sphere and 2 Shapes","floor":46,"turns":5},{"damage":20,"enemies":"Maw","floor":47,"turns":7},{"damage":28,"enemies":"Time Eater","floor":50,"turns":11}],"seed_played":"-4551409439716786709","potions_obtained":[{"floor":1,"key":"Poison Potion"},{"floor":3,"key":"AttackPotion"},{"floor":3,"key":"Explosive Potion"},{"floor":6,"key":"FearPotion"},{"floor":13,"key":"SpeedPotion"},{"floor":16,"key":"Weak Potion"},{"floor":20,"key":"SpeedPotion"},{"floor":27,"key":"GhostInAJar"},{"floor":29,"key":"Explosive Potion"},{"floor":31,"key":"FearPotion"},{"floor":35,"key":"SpeedPotion"},{"floor":41,"key":"FearPotion"},{"floor":46,"key":"Fruit Juice"}],"is_trial":false,"path_per_floor":["M","?","?","M","M","E","R","E","T","T","M","$","M","$","R","B",null,"M","?","M","M","?","R","M","M","T","M","E","M","$","M","R","B",null,"M","$","?","$","T","R","E","R","T","R","M","M","M","$","R","B"],"character_chosen":"THE_SILENT","items_purchased":["Molten Egg 2","Underhanded Strike+1","Ornamental Fan","Infinite Blades","Swift Strike+1","Mummified Hand","Adrenaline","PiercingWail"],"campfire_rested":7,"item_purchase_floors":[12,14,30,30,30,36,48,48],"current_hp_per_floor":[70,70,70,70,69,65,65,50,57,57,57,57,52,52,75,41,77,77,77,77,74,68,77,77,77,77,74,74,74,74,74,77,62,77,55,55,55,55,55,77,66,87,87,87,62,50,35,35,62,34],"gold":13,"neow_bonus":"BOSS_RELIC","is_prod":false,"is_daily":false,"chose_seed":false,"campfire_upgraded":1,"win_rate":0.0,"timestamp":1530853278,"path_taken":["M","?","?","M","M","E","R","E","T","?","M","$","M","?","R","BOSS","M","?","M","M","?","R","M","M","T","?","E","M","$","M","R","BOSS","M","$","?","?","?","R","E","R","T","R","M","?","M","$","R","BOSS"],"build_version":"2018-06-28","purchased_purges":0,"victory":true,"max_hp_per_floor":[70,70,70,70,70,70,70,70,77,77,77,77,77,77,77,77,77,77,77,77,77,77,77,77,77,77,77,77,77,77,77,77,77,77,77,77,77,77,77,77,87,87,87,87,87,87,92,92,92,92],"card_choices":[{"not_picked":["Poisoned Stab","Dagger Spray"],"picked":"Noxious Fumes","floor":1},{"not_picked":["Leg Sweep","Prepared"],"picked":"Dagger Throw","floor":4},{"not_picked":["Expertise","PiercingWail"],"picked":"Malaise","floor":5},{"not_picked":["Riddle With Holes","Acrobatics"],"picked":"After Image","floor":6},{"not_picked":["PiercingWail","Eviscerate"],"picked":"Prepared","floor":8},{"not_picked":["Dagger Spray","Backflip"],"picked":"Predator","floor":11},{"not_picked":["Dagger Throw+1","Deadly Poison"],"picked":"Footwork","floor":13},{"not_picked":["Venomology","Sucker Punch+1"],"picked":"Bane+1","floor":15},{"not_picked":["Tools of the Trade","A Thousand Cuts"],"picked":"Glass Knife+1","floor":16},{"not_picked":["PiercingWail+1","Eviscerate+1"],"picked":"Backflip+1","floor":18},{"not_picked":["Deflect","Distraction"],"picked":"Catalyst+1","floor":20},{"not_picked":["Calculated Gamble","Skewer+1"],"picked":"Dagger Throw+1","floor":21},{"not_picked":["Dagger Throw+1","Underhanded Strike+1"],"picked":"Flying Knee+1","floor":23},{"not_picked":["Escape Plan","Backflip"],"picked":"Crippling Poison+1","floor":24},{"not_picked":["Bullet Time","Prepared"],"picked":"Dagger Spray+1","floor":25},{"not_picked":["Dagger Spray+1","Flying Knee+1"],"picked":"Choke+1","floor":27},{"not_picked":["Bullet Time","Dagger Throw+1"],"picked":"Riddle With Holes+1","floor":28},{"not_picked":["Blur","Blade Dance"],"picked":"Finisher+1","floor":29},{"not_picked":["Deflect","Dagger Throw+1"],"picked":"PiercingWail+1","floor":31},{"not_picked":["Backflip","Skewer+1"],"picked":"Flying Knee+1","floor":32},{"not_picked":["Wraith Form v2","Bullet Time"],"picked":"Night Terror","floor":33},{"not_picked":["Reflex","Heel Hook+1"],"picked":"Terror","floor":34},{"not_picked":["Blade Dance+1","PiercingWail"],"picked":"Acrobatics+1","floor":34},{"not_picked":["Footwork","Heel Hook+1"],"picked":"Poisoned Stab+1","floor":34},{"not_picked":["Deflect","Backflip"],"picked":"Dagger Throw+1","floor":34},{"not_picked":["Footwork","Flying Knee+1"],"picked":"Poisoned Stab+1","floor":34},{"not_picked":["Slice+1","Dagger Spray+1"],"picked":"Poisoned Stab+1","floor":35},{"not_picked":["Poisoned Stab+1","PiercingWail"],"picked":"Backstab+1","floor":40},{"not_picked":["A Thousand Cuts","Adrenaline"],"picked":"Crippling Poison+1","floor":41},{"not_picked":["Dash+1","Prepared+1"],"picked":"Deadly Poison+1","floor":42},{"not_picked":["Dodge and Roll","Dagger Spray+1"],"picked":"Bouncing Flask+1","floor":44},{"not_picked":["Riddle With Holes+1","Escape Plan+1"],"picked":"Outmaneuver","floor":45},{"not_picked":["Deflect","Calculated Gamble+1"],"picked":"Leg Sweep+1","floor":46},{"not_picked":["Infinite Blades","Deadly Poison"],"picked":"Poisoned Stab+1","floor":47},{"not_picked":["Underhanded Strike+1","Backflip"],"picked":"Dodge and Roll+1","floor":49}],"player_experience":21890,"relics_obtained":[{"floor":6,"key":"Anchor"},{"floor":8,"key":"Dream Catcher"},{"floor":9,"key":"Strawberry"},{"floor":10,"key":"Omamori"},{"floor":26,"key":"Toolbox"},{"floor":28,"key":"Old Coin"},{"floor":39,"key":"Bronze Scales"},{"floor":41,"key":"Pear"},{"floor":43,"key":"Lantern"}],"event_choices":[{"event_name":"Living Wall","player_choice":"Grow","floor":2,"damage_taken":0},{"event_name":"The Lab","player_choice":"Got Potions","floor":3,"damage_taken":0},{"event_name":"Back to Basics","player_choice":"Simplicity","floor":19,"damage_taken":0},{"event_name":"Nest","player_choice":"Joined the Cult","floor":22,"damage_taken":0},{"event_name":"Falling","player_choice":"Removed Attack","floor":37,"damage_taken":0}],"boss_relics":[{"not_picked":["Calling Bell","Philosopher\u0027s Stone"],"picked":"Fusion Hammer"},{"not_picked":["Sozu","White Beast Statue"],"picked":"Orrery"}],"items_purged_floors":[],"is_endless":false,"potions_floor_spawned":[1,6,13,16,20,27,28,29,31,35,41,46],"ascension_level":0}