{"gold_per_floor":[365,365,379,379,253,296,296,337,416,430,448,448,448,469,469,565,565,583,583,599,276,276,319,338,357,383,433,477,477,0,23,23,117,117,130,130,5,5,28,72,97,141,141,177,190,190,209,253,265,277,289,301,313,0,40,40],"floor_reached":57,"playtime":2351,"items_purged":["Strike_R","Strike_R","Bash"],"score":3490,"play_id":"510b62db-b37e-4b06-a0c7-56dbc5c1eb9d","local_time":"20190619043423","is_ascension_mode":true,"campfire_choices":[{"data":"Armaments","floor":7.0,"key":"SMITH"},{"data":"True Grit","floor":13.0,"key":"SMITH"},{"data":"Bludgeon","floor":15.0,"key":"SMITH"},{"data":"Entrench","floor":29.0,"key":"SMITH"},{"data":"Burning Pact","floor":32.0,"key":"SMITH"},{"floor":46.0,"key":"REST"},{"floor":49,"key":"RECALL"},{"data":"Battle Trance","floor":53,"key":"SMITH"}],"neow_cost":"PERCENT_DAMAGE","seed_source_timestamp":1427136473475671,"circlet_count":0,"master_deck":["AscendersBane","Defend_R","Defend_R","Defend_R+1","Defend_R","True Grit+1","Armaments+1","Shockwave","Sentinel+1","Burning Pact+1","Barricade+1","Body Slam+1","Evolve+1","Entrench+1","Power Through","Impervious+1","Immolate+1","Havoc+1","Battle Trance+1","Feel No Pain+1","Master of Strategy+1"],"special_seed":0,"relics":["Burning Blood","Golden Idol","Art of War","Frozen Egg 2","Black Star","Ornamental Fan","Dodecahedron","Blood Vial","Bag of Preparation","Singing Bowl","Bag of Marbles","Astrolabe","Question Card","Molten Egg 2","Juzu Bracelet","The Courier","Shuriken","Vajra","Potion Belt","Lantern","MawBank","Anchor","War Paint"],"potions_floor_usage":[55,56,56],"damage_taken":[{"damage":4.0,"enemies":"Small Slimes","floor":1.0,"turns":4.0},{"damage":7.0,"enemies":"Jaw Worm","floor":3.0,"turns":4.0},{"damage":18.0,"enemies":"Lagavulin","floor":6.0,"turns":5.0},{"damage":25.0,"enemies":"Gremlin Nob","floor":8.0,"turns":4.0},{"damage":0.0,"enemies":"2 Louse","floor":10.0,"turns":2.0},{"damage":9.0,"enemies":"Red Slaver","floor":11.0,"turns":5.0},{"damage":0.0,"enemies":"Blue Slaver","floor":14.0,"turns":3.0},{"damage":26.0,"enemies":"The Guardian","floor":16.0,"turns":14.0},{"damage":0.0,"enemies":"Chosen","floor":18.0,"turns":7.0},{"damage":16.0,"enemies":"Shell Parasite","floor":20.0,"turns":10.0},{"damage":24.0,"enemies":"Slavers","floor":23.0,"turns":10.0},{"damage":12.0,"enemies":"Cultist and Chosen","floor":24.0,"turns":7.0},{"damage":8.0,"enemies":"Centurion and Healer","floor":25.0,"turns":9.0},{"damage":16.0,"enemies":"Book of Stabbing","floor":28.0,"turns":7.0},{"damage":0.0,"enemies":"Snecko","floor":31.0,"turns":5.0},{"damage":14.0,"enemies":"Champ","floor":33.0,"turns":8.0},{"damage":36.0,"enemies":"3 Darklings","floor":35.0,"turns":6.0},{"damage":4.0,"enemies":"Orb Walker","floor":39.0,"turns":5.0},{"damage":14.0,"enemies":"Reptomancer","floor":40.0,"turns":6.0},{"damage":5.0,"enemies":"Spire Growth","floor":41.0,"turns":4.0},{"damage":0.0,"enemies":"Giant Head","floor":42.0,"turns":5.0},{"damage":53.0,"enemies":"Reptomancer","floor":44.0,"turns":6.0},{"damage":10.0,"enemies":"Jaw Worm Horde","floor":45.0,"turns":5.0},{"damage":6,"enemies":"Transient","floor":47,"turns":6},{"damage":0,"enemies":"Giant Head","floor":48,"turns":4},{"damage":0,"enemies":"Time Eater","floor":50,"turns":5},{"damage":0,"enemies":"Awakened One","floor":51,"turns":7},{"damage":9,"enemies":"Shield and Spear","floor":55,"turns":8},{"damage":0,"enemies":"The Heart","floor":56,"turns":8}],"seed_played":"-6989990238908660818","potions_obtained":[{"floor":3.0,"key":"Energy Potion"},{"floor":8.0,"key":"Weak Potion"},{"floor":10.0,"key":"Swift Potion"},{"floor":18.0,"key":"SteroidPotion"},{"floor":20.0,"key":"GamblersBrew"},{"floor":25.0,"key":"Fire Potion"},{"floor":31.0,"key":"FearPotion"},{"floor":39.0,"key":"Weak Potion"},{"floor":44.0,"key":"Fruit Juice"},{"floor":45.0,"key":"GamblersBrew"}],"is_trial":false,"path_per_floor":["M","?","M","?","$","E","R","E","T","M","M","?","R","M","R","B",null,"M","T","M","$","?","E","M","M","T","?","E","R","?","M","R","B",null,"M","?","$","?","M","E","M","E","T","E","M","R","M","E","R","B","B",null,"R","$","E","B",null],"character_chosen":"IRONCLAD","items_purchased":["Armaments","Evolve+1","Entrench","Block Potion","Feel No Pain+1","Energy Potion","Swift Potion","Master of Strategy"],"campfire_rested":1,"item_purchase_floors":[5,21,21,21,54,54,54,54],"current_hp_per_floor":[52,52,51,56,56,44,44,25,25,31,28,28,28,34,34,14,58,64,64,54,54,50,32,28,28,28,28,22,22,22,32,32,28,66,40,40,40,40,44,40,45,55,55,12,17,44,48,58,58,66,74,91,91,91,92,98],"gold":40,"neow_bonus":"TWO_FIFTY_GOLD","is_prod":false,"is_daily":false,"chose_seed":false,"campfire_upgraded":6,"win_rate":0,"timestamp":1560890063,"path_taken":["M","?","M","?","$","E","R","E","T","M","M","?","R","M","R","BOSS","M","?","M","$","?","E","?","M","T","?","E","R","?","M","R","BOSS","M","?","$","?","M","E","M","E","T","E","M","R","M","E","R","BOSS","BOSS","R","$","E","BOSS"],"build_version":"2019-01-23","purchased_purges":3,"victory":true,"max_hp_per_floor":[75,68,68,73,73,73,73,73,73,73,73,73,73,73,73,73,73,73,73,73,73,73,73,73,73,73,73,75,75,75,77,77,79,79,81,77,77,77,77,79,81,83,83,85,92,92,94,96,96,96,96,96,96,96,98,98],"card_choices":[{"not_picked":["Blood for Blood","Heavy Blade"],"picked":"True Grit","floor":1.0},{"not_picked":["Cleave","Iron Wave"],"picked":"Bludgeon","floor":3.0},{"not_picked":["Heavy Blade","Carnage"],"picked":"Shockwave","floor":6.0},{"not_picked":["Cleave","Rupture"],"picked":"Sentinel","floor":8.0},{"not_picked":["Armaments","Clothesline"],"picked":"Burning Pact","floor":10.0},{"not_picked":["Perfected Strike","Clash","Intimidate"],"picked":"SKIP","floor":11.0},{"not_picked":["Flex","Twin Strike","Iron Wave"],"picked":"SKIP","floor":14.0},{"not_picked":["Demon Form+1","Fiend Fire"],"picked":"Barricade+1","floor":16.0},{"not_picked":["Twin Strike","Thunderclap","Fire Breathing+1"],"picked":"SKIP","floor":18.0},{"not_picked":["Flex","Wild Strike"],"picked":"Body Slam+1","floor":20.0},{"not_picked":["Clash","Uppercut"],"picked":"Power Through","floor":23.0},{"not_picked":["Clash","Pommel Strike","Thunderclap"],"picked":"SKIP","floor":24.0},{"not_picked":["Reckless Charge","Thunderclap+1","Havoc"],"picked":"SKIP","floor":25.0},{"not_picked":["Reckless Charge+1","Rampage","Entrench"],"picked":"Singing Bowl","floor":28.0},{"not_picked":["Bludgeon","Havoc","Bloodletting"],"picked":"Singing Bowl","floor":31.0},{"not_picked":["Bludgeon","Reaper","Berserk+1"],"picked":"Singing Bowl","floor":33.0},{"not_picked":["Perfected Strike","Armaments","Wild Strike"],"picked":"Singing Bowl","floor":35.0},{"not_picked":["Headbutt","Uppercut+1"],"picked":"Battle Trance","floor":39.0},{"not_picked":["Wild Strike","Headbutt+1","Body Slam"],"picked":"Singing Bowl","floor":40.0},{"not_picked":["Flex","Juggernaut+1","Cleave+1","Wild Strike+1"],"picked":"Singing Bowl","floor":41.0},{"not_picked":["Battle Trance","Corruption+1","Flex","Cleave+1"],"picked":"Singing Bowl","floor":42.0},{"not_picked":["Body Slam+1","True Grit","Searing Blow+1","Entrench"],"picked":"Singing Bowl","floor":44.0},{"not_picked":["Thunderclap+1","Infernal Blade","Whirlwind+1","Uppercut+1"],"picked":"Singing Bowl","floor":45.0},{"not_picked":["Corruption+1","Whirlwind+1","Pommel Strike+1","Evolve+1"],"picked":"Singing Bowl","floor":47},{"not_picked":["Double Tap","Burning Pact+1","Headbutt+1","Thunderclap+1"],"picked":"Singing Bowl","floor":48},{"not_picked":["Whirlwind+1","Carnage+1","Sword Boomerang+1","Heavy Blade+1"],"picked":"Singing Bowl","floor":55}],"player_experience":1933034,"relics_obtained":[{"floor":6.0,"key":"Art of War"},{"floor":8.0,"key":"Frozen Egg 2"},{"floor":19.0,"key":"Ornamental Fan"},{"floor":23.0,"key":"Dodecahedron"},{"floor":23.0,"key":"Blood Vial"},{"floor":26.0,"key":"Bag of Preparation"},{"floor":28.0,"key":"Singing Bowl"},{"floor":28.0,"key":"Bag of Marbles"},{"floor":40.0,"key":"Question Card"},{"floor":40.0,"key":"Molten Egg 2"},{"floor":42.0,"key":"Juzu Bracelet"},{"floor":42.0,"key":"The Courier"},{"floor":43.0,"key":"Shuriken"},{"floor":44.0,"key":"Vajra"},{"floor":44.0,"key":"Potion Belt"},{"floor":48,"key":"Lantern"},{"floor":48,"key":"MawBank"},{"floor":55,"key":"Anchor"},{"floor":55,"key":"War Paint"}],"event_choices":[{"damage_healed":0.0,"max_hp_gain":0.0,"max_hp_loss":7.0,"gold_gain":0.0,"event_name":"Golden Idol","player_choice":"Lose Max HP","floor":2.0,"gold_loss":0.0,"damage_taken":0.0,"relics_obtained":["Golden Idol"]},{"damage_healed":0.0,"max_hp_gain":5.0,"max_hp_loss":0.0,"gold_gain":0.0,"event_name":"Big Fish","player_choice":"Donut","floor":4.0,"gold_loss":0.0,"damage_taken":0.0},{"cards_removed":["Strike_R"],"damage_healed":0.0,"max_hp_gain":0.0,"max_hp_loss":0.0,"gold_gain":0.0,"event_name":"Bonfire Elementals","player_choice":"Offered Basic","floor":12.0,"gold_loss":0.0,"damage_taken":0.0},{"damage_healed":0.0,"max_hp_gain":0.0,"max_hp_loss":0.0,"gold_gain":0.0,"event_name":"The Woman in Blue","player_choice":"Bought 0 Potions","floor":22.0,"gold_loss":0.0,"damage_taken":0.0},{"damage_healed":0.0,"max_hp_gain":0.0,"max_hp_loss":0.0,"gold_gain":50.0,"event_name":"Nest","player_choice":"Stole From Cult","floor":27.0,"gold_loss":0.0,"damage_taken":0.0},{"damage_healed":0.0,"max_hp_gain":0.0,"max_hp_loss":0.0,"gold_gain":0.0,"event_name":"Masked Bandits","player_choice":"Paid Fearfully","floor":30.0,"gold_loss":477.0,"damage_taken":0.0},{"damage_healed":0.0,"max_hp_gain":0.0,"max_hp_loss":4.0,"gold_gain":0.0,"event_name":"Winding Halls","player_choice":"Max HP","floor":36.0,"gold_loss":0.0,"damage_taken":0.0},{"damage_healed":0.0,"max_hp_gain":0.0,"max_hp_loss":0.0,"gold_gain":0.0,"event_name":"Upgrade Shrine","player_choice":"Upgraded","floor":38.0,"gold_loss":0.0,"damage_taken":0.0,"cards_upgraded":["Sentinel"]}],"is_beta":false,"boss_relics":[{"not_picked":["Lizard Tail","Velvet Choker"],"picked":"Black Star"},{"not_picked":["Black Blood","Sozu"],"picked":"Astrolabe"}],"items_purged_floors":[5,21,37],"is_endless":false,"potions_floor_spawned":[3,8,10,18,20,25,31,39,44,45],"ascension_level":20}