{"gold_per_floor":[111,122,141,121,134,134,164,30,81,81,99,99,24,44,44,118,118,136,136,109,21,21,21],"floor_reached":23,"playtime":517,"items_purged":["Strike_B"],"score":382,"play_id":"bf87cd2c-04f5-407f-a1f7-8572599466f4","local_time":"20190618114114","is_ascension_mode":true,"campfire_choices":[{"data":"Zap","floor":6,"key":"SMITH"},{"data":"Dualcast","floor":15,"key":"SMITH"}],"neow_cost":"NONE","seed_source_timestamp":1368954203281710,"circlet_count":0,"master_deck":["AscendersBane","Defend_B","Defend_B","Defend_B","Defend_B","Zap+1","Dualcast+1","Ball Lightning","Skim+1","Streamline","Auto Shields+1","Turbo","Meteor Strike","Coolheaded","Echo Form","Recycle","Sunder"],"relics":["Cracked Core","NeowsBlessing","Pantograph","Potion Belt","Empty Cage"],"potions_floor_usage":[7,14,20],"damage_taken":[{"damage":0,"enemies":"Cultist","floor":1,"turns":1},{"damage":0,"enemies":"Small Slimes","floor":2,"turns":1},{"damage":0,"enemies":"2 Louse","floor":3,"turns":1},{"damage":10,"enemies":"2 Fungi Beasts","floor":5,"turns":3},{"damage":11,"enemies":"Gremlin Nob","floor":7,"turns":3},{"damage":1,"enemies":"Looter","floor":11,"turns":3},{"damage":8,"enemies":"Large Slime","floor":14,"turns":4},{"damage":34,"enemies":"The Guardian","floor":16,"turns":13},{"damage":11,"enemies":"Chosen","floor":18,"turns":4},{"damage":7,"enemies":"2 Thieves","floor":20,"turns":4},{"damage":19,"enemies":"Book of Stabbing","floor":23,"turns":2}],"seed_played":"-2366785367471795658","potions_obtained":[{"floor":3,"key":"LiquidBronze"},{"floor":4,"key":"GamblersBrew"},{"floor":5,"key":"Energy Potion"},{"floor":11,"key":"Explosive Potion"}],"is_trial":false,"path_per_floor":["M","M","M","?","M","R","E","$","T","?","M","?","?","M","R","B",null,"M","?","M","$","?","E"],"character_chosen":"DEFECT","items_purchased":["Turbo","Sunder"],"campfire_rested":0,"item_purchase_floors":[8,21],"current_hp_per_floor":[64,64,64,64,54,54,43,43,43,22,21,44,44,36,36,27,60,49,29,22,22,22,3],"gold":21,"neow_bonus":"THREE_ENEMY_KILL","is_prod":false,"is_daily":false,"chose_seed":false,"campfire_upgraded":2,"win_rate":0,"timestamp":1560829274,"path_taken":["M","?","M","?","?","R","E","$","T","?","M","?","?","M","R","BOSS","M","?","M","$","?","E"],"build_version":"2019-01-23","purchased_purges":1,"victory":false,"max_hp_per_floor":[71,71,71,71,71,71,71,71,71,71,71,71,71,71,71,71,71,71,76,76,76,76,76],"card_choices":[{"not_picked":["Sweeping Beam","Go for the Eyes"],"picked":"Ball Lightning","floor":1},{"not_picked":["Rebound","Consume"],"picked":"Skim","floor":2},{"not_picked":["Blizzard","Leap"],"picked":"Streamline","floor":3},{"not_picked":["Steam","Go for the Eyes","Streamline"],"picked":"SKIP","floor":5},{"not_picked":["Rebound","Go for the Eyes"],"picked":"Auto Shields","floor":7},{"not_picked":["Sweeping Beam","Static Discharge"],"picked":"Meteor Strike","floor":11},{"not_picked":["Go for the Eyes","Redo"],"picked":"Coolheaded","floor":14},{"not_picked":["Amplify","Electrodynamics"],"picked":"Echo Form","floor":16},{"not_picked":["Ball Lightning","Streamline+1","Coolheaded"],"picked":"SKIP","floor":18},{"not_picked":["Capacitor+1","Redo"],"picked":"Recycle","floor":20}],"player_experience":1920927,"relics_obtained":[{"floor":7,"key":"Pantograph"},{"floor":9,"key":"Potion Belt"}],"event_choices":[{"damage_healed":0,"gold_gain":0,"player_choice":"Bought 1 Potion","damage_taken":0,"max_hp_gain":0,"max_hp_loss":0,"event_name":"The Woman in Blue","floor":4,"gold_loss":0},{"damage_healed":0,"gold_gain":0,"player_choice":"Entered Light","damage_taken":21,"max_hp_gain":0,"max_hp_loss":0,"event_name":"Shining Light","floor":10,"gold_loss":0,"cards_upgraded":["Auto Shields","Skim"]},{"damage_healed":23,"gold_gain":0,"player_choice":"Banana","damage_taken":0,"max_hp_gain":0,"max_hp_loss":0,"event_name":"Big Fish","floor":12,"gold_loss":0},{"cards_removed":["Strike_B"],"damage_healed":0,"gold_gain":0,"player_choice":"Card Removal","damage_taken":0,"max_hp_gain":0,"max_hp_loss":0,"event_name":"The Cleric","floor":13,"gold_loss":75},{"damage_healed":0,"gold_gain":0,"player_choice":"Shed Blood","damage_taken":25,"max_hp_gain":5,"max_hp_loss":0,"event_name":"Forgotten Altar","floor":19,"gold_loss":0},{"damage_healed":0,"gold_gain":0,"player_choice":"Ignored","damage_taken":0,"max_hp_gain":0,"max_hp_loss":0,"event_name":"Cursed Tome","floor":22,"gold_loss":0}],"is_beta":false,"boss_relics":[{"not_picked":["Tiny House","Lizard Tail"],"picked":"Empty Cage"}],"items_purged_floors":[8],"is_endless":false,"potions_floor_spawned":[3,5,11],"killed_by":"Book of Stabbing","ascension_level":20}