{"gold_per_floor":[11,23,23,42,61,61,79,79,79,112,112,122,122,137,137,236,236,252,252,266,266],"floor_reached":21,"playtime":1047,"items_purged":[],"score":183,"play_id":"0651b4a4-1aa6-4fb9-8f30-d2a522077112","local_time":"20190216135359","is_ascension_mode":false,"campfire_choices":[{"data":"All Out Attack","floor":6.0,"key":"SMITH"},{"data":"Noxious Fumes","floor":11,"key":"SMITH"},{"data":"Night Terror","floor":13,"key":"SMITH"},{"floor":15,"key":"REST"}],"neow_cost":"NO_GOLD","seed_source_timestamp":0,"circlet_count":0,"master_deck":["Defend_G","Defend_G","Defend_G","Defend_G","Strike_G","Strike_G","Strike_G","Strike_G","Strike_G","Survivor","Neutralize","All Out Attack+1","Sucker Punch","Finisher","Noxious Fumes+1","Night Terror+1","All Out Attack","Bane","Tools of the Trade","Deflect+1","Phantasmal Killer","Poisoned Stab"],"special_seed":0,"relics":["Ring of the Snake","Turnip","Matryoshka","Tough Bandages","Philosopher\u0027s Stone"],"potions_floor_usage":[10,10,10,21],"damage_taken":[{"damage":1.0,"enemies":"Jaw Worm","floor":1.0,"turns":6.0},{"damage":0.0,"enemies":"Cultist","floor":2.0,"turns":3.0},{"damage":0.0,"enemies":"2 Louse","floor":4.0,"turns":2.0},{"damage":3.0,"enemies":"Lots of Slimes","floor":5.0,"turns":2.0},{"damage":0.0,"enemies":"Exordium Wildlife","floor":7.0,"turns":3.0},{"damage":9,"enemies":"3 Sentries","floor":10,"turns":3},{"damage":16,"enemies":"2 Fungi Beasts","floor":12,"turns":4},{"damage":10,"enemies":"3 Louse","floor":14,"turns":3},{"damage":11,"enemies":"Slime Boss","floor":16,"turns":7},{"damage":23,"enemies":"2 Thieves","floor":18,"turns":5},{"damage":24,"enemies":"Spheric Guardian","floor":20,"turns":6},{"damage":40,"enemies":"Snake Plant","floor":21,"turns":4}],"seed_played":"2508477010259026644","potions_obtained":[{"floor":4.0,"key":"Block Potion"},{"floor":5.0,"key":"SkillPotion"},{"floor":7.0,"key":"Strength Potion"},{"floor":20,"key":"Regen Potion"}],"is_trial":false,"path_per_floor":["M","M","$","M","M","R","M","?","T","E","R","M","R","M","R","B",null,"M","?","M","M"],"character_chosen":"THE_SILENT","items_purchased":[],"campfire_rested":1,"item_purchase_floors":[],"current_hp_per_floor":[69,69,69,69,66,66,66,66,66,57,57,41,41,31,52,41,70,47,47,23,0],"gold":266,"neow_bonus":"ONE_RARE_RELIC","is_prod":false,"is_daily":false,"chose_seed":false,"campfire_upgraded":3,"win_rate":0,"timestamp":1550343239,"path_taken":["M","M","$","M","M","R","M","?","T","E","R","M","R","?","R","BOSS","M","?","M","?"],"build_version":"2019-01-23","purchased_purges":0,"victory":false,"max_hp_per_floor":[70,70,70,70,70,70,70,70,70,70,70,70,70,70,70,70,70,70,70,70,70],"card_choices":[{"not_picked":["Bane","Quick Slash"],"picked":"All Out Attack","floor":1.0},{"not_picked":["Reflex","Slice"],"picked":"Sucker Punch","floor":2.0},{"not_picked":["Eviscerate","Outmaneuver","Sucker Punch"],"picked":"SKIP","floor":4.0},{"not_picked":["Dagger Throw","Quick Slash"],"picked":"Finisher","floor":5.0},{"not_picked":["Footwork","Sucker Punch"],"picked":"Noxious Fumes","floor":7.0},{"not_picked":["Poisoned Stab","Malaise"],"picked":"Night Terror","floor":10},{"not_picked":["Endless Agony","Underhanded Strike"],"picked":"All Out Attack","floor":12},{"not_picked":["Dagger Throw","Acrobatics"],"picked":"Bane","floor":14},{"not_picked":["Wraith Form v2","Die Die Die"],"picked":"Tools of the Trade","floor":16},{"not_picked":["Flying Knee","Prepared"],"picked":"Deflect+1","floor":18},{"not_picked":["Expertise+1","Quick Slash"],"picked":"Poisoned Stab","floor":20}],"player_experience":578405,"relics_obtained":[{"floor":9.0,"key":"Matryoshka"},{"floor":10,"key":"Tough Bandages"}],"event_choices":[{"cards_removed":["Defend_G"],"damage_healed":0.0,"max_hp_gain":0.0,"max_hp_loss":0.0,"gold_gain":0.0,"event_name":"Bonfire Elementals","player_choice":"Offered Basic","floor":8.0,"gold_loss":0.0,"damage_taken":0.0},{"damage_healed":0,"gold_gain":0,"player_choice":"1 cards matched","damage_taken":0,"max_hp_gain":0,"max_hp_loss":0,"event_name":"Match and Keep!","floor":19,"gold_loss":0,"cards_obtained":["Phantasmal Killer"]}],"is_beta":false,"boss_relics":[{"not_picked":["WristBlade","Velvet Choker"],"picked":"Philosopher\u0027s Stone"}],"items_purged_floors":[],"is_endless":false,"potions_floor_spawned":[4,5,7,20],"killed_by":"Snake Plant","ascension_level":0}