{"gold_per_floor":[113,113,138,138,69,98,98,130,184,209,7,22,57,132,132,132],"floor_reached":16,"playtime":558,"items_purged":[],"score":286,"play_id":"c4c002f6-7ac3-4203-af58-9b08b2bd8be9","local_time":"20190803015115","is_ascension_mode":true,"campfire_choices":[{"data":"Feed","floor":7,"key":"SMITH"},{"data":"Bash","floor":15,"key":"SMITH"}],"neow_cost":"NONE","seed_source_timestamp":610423259292431,"circlet_count":0,"master_deck":["AscendersBane","Strike_R","Strike_R","Strike_R","Defend_R","Defend_R","Defend_R","Defend_R","Bash+1","Headbutt","Shrug It Off","Feel No Pain","Feed+1","True Grit","Disarm","Shrug It Off"],"relics":["Burning Blood","NeowsBlessing","Singing Bowl","Pear","Lantern","Omamori","OrangePellets","Smiling Mask"],"potions_floor_usage":[13,16],"damage_taken":[{"damage":0,"enemies":"2 Louse","floor":1,"turns":1},{"damage":0,"enemies":"Lagavulin","floor":6,"turns":1},{"damage":2,"enemies":"Gremlin Nob","floor":8,"turns":3},{"damage":16,"enemies":"3 Sentries","floor":10,"turns":20},{"damage":1,"enemies":"Jaw Worm","floor":12,"turns":7},{"damage":20,"enemies":"Lagavulin","floor":13,"turns":11},{"damage":71,"enemies":"Slime Boss","floor":16,"turns":10}],"seed_played":"-5710835522442419393","potions_obtained":[{"floor":8,"key":"Energy Potion"},{"floor":12,"key":"PowerPotion"}],"is_trial":false,"path_per_floor":["M","?","T","?","$","E","R","E","T","E","$","M","E","?","R","B"],"character_chosen":"IRONCLAD","items_purchased":["Feel No Pain","OrangePellets"],"campfire_rested":0,"item_purchase_floors":[5,11],"current_hp_per_floor":[74,67,67,67,67,73,73,89,89,85,85,94,80,69,69,0],"gold":132,"neow_bonus":"THREE_ENEMY_KILL","is_prod":false,"is_daily":false,"chose_seed":false,"campfire_upgraded":2,"win_rate":0,"timestamp":1564811475,"path_taken":["M","?","?","?","?","E","R","E","T","E","$","?","E","?","R","BOSS"],"build_version":"2019-07-17","purchased_purges":0,"victory":false,"max_hp_per_floor":[75,75,75,75,75,75,75,89,89,95,95,99,99,99,99,99],"card_choices":[{"not_picked":["Clash","Twin Strike"],"picked":"Headbutt","floor":1},{"not_picked":["Body Slam","Rage"],"picked":"Feed","floor":6},{"not_picked":["Searing Blow","Headbutt"],"picked":"True Grit","floor":8},{"not_picked":["Blood for Blood","Clash","Havoc"],"picked":"Singing Bowl","floor":10},{"not_picked":["Entrench","Wild Strike"],"picked":"Disarm","floor":12},{"not_picked":["Thunderclap","Pommel Strike"],"picked":"Shrug It Off","floor":13}],"player_experience":1656466,"relics_obtained":[{"floor":6,"key":"Singing Bowl"},{"floor":8,"key":"Pear"},{"floor":9,"key":"Lantern"},{"floor":10,"key":"Omamori"},{"floor":13,"key":"Smiling Mask"}],"event_choices":[{"cards_removed":["Strike_R"],"damage_healed":0,"gold_gain":0,"player_choice":"Card Removal","damage_taken":7,"max_hp_gain":0,"max_hp_loss":0,"event_name":"Golden Wing","floor":2,"gold_loss":0},{"damage_healed":0,"gold_gain":0,"cards_transformed":["Strike_R"],"player_choice":"Change","damage_taken":0,"max_hp_gain":0,"max_hp_loss":0,"event_name":"Living Wall","floor":4,"gold_loss":0,"cards_obtained":["Shrug It Off"]},{"damage_healed":0,"gold_gain":75,"player_choice":"Gather Gold","damage_taken":11,"max_hp_gain":0,"max_hp_loss":0,"event_name":"World of Goop","floor":14,"gold_loss":0}],"is_beta":false,"boss_relics":[],"items_purged_floors":[],"is_endless":false,"potions_floor_spawned":[8,12],"killed_by":"Slime Boss","ascension_level":15}