{"gold_per_floor":[117,117,130,130,32,32,46,46,72,111,134,134,167,237,237,360,360,374,374,473,473,34,34,34,34,58,92,126,126,180,200,200,200],"floor_reached":33,"playtime":1661,"items_purged":["Strike_G","Pain"],"score":316,"play_id":"ff454628-ac95-446a-a842-2cac1e2846fe","local_time":"20190803190428","is_ascension_mode":true,"campfire_choices":[{"data":"Slice","floor":6,"key":"SMITH"},{"floor":15,"key":"REST"},{"data":"1","floor":23,"key":"LIFT"},{"data":"2","floor":24,"key":"LIFT"},{"data":"3","floor":29,"key":"LIFT"},{"floor":32,"key":"REST"}],"neow_cost":"NONE","seed_source_timestamp":758973941057100,"circlet_count":0,"master_deck":["Strike_G","Strike_G","Strike_G","Defend_G","Defend_G","Defend_G","Defend_G","Defend_G","Survivor","Neutralize+1","Heel Hook","Flying Knee","Slice+1","Dodge and Roll","Injury","Bouncing Flask","Outmaneuver","Escape Plan","Dagger Spray","Die Die Die","Injury","Shame","Outmaneuver","Endless Agony","Secret Weapon","Dash+1","Phantasmal Killer","Terror+1"],"relics":["Ring of the Snake","Vajra","Golden Idol","Dream Catcher","Girya","WingedGreaves","The Courier","Calling Bell","Lantern","Darkstone Periapt","Tingsha","PreservedInsect","Enchiridion","Strawberry","Mummified Hand","Anchor","Centennial Puzzle"],"potions_floor_usage":[11,13,16,16,27,28,33],"damage_taken":[{"damage":1,"enemies":"2 Louse","floor":1,"turns":2},{"damage":0,"enemies":"Cultist","floor":3,"turns":4},{"damage":0,"enemies":"Small Slimes","floor":7,"turns":2},{"damage":24,"enemies":"3 Sentries","floor":10,"turns":11},{"damage":7,"enemies":"Exordium Wildlife","floor":11,"turns":4},{"damage":9,"enemies":"Gremlin Nob","floor":13,"turns":4},{"damage":48,"enemies":"Slime Boss","floor":16,"turns":13},{"damage":24,"enemies":"Chosen","floor":18,"turns":5},{"damage":8,"enemies":"Slavers","floor":27,"turns":3},{"damage":2,"enemies":"Gremlin Leader","floor":28,"turns":4},{"damage":27,"enemies":"3 Byrds","floor":31,"turns":3},{"damage":49,"enemies":"Champ","floor":33,"turns":7}],"seed_played":"4154720713525059704","potions_obtained":[{"floor":3,"key":"SteroidPotion"},{"floor":7,"key":"FearPotion"},{"floor":10,"key":"Explosive Potion"},{"floor":13,"key":"LiquidBronze"},{"floor":27,"key":"Regen Potion"},{"floor":31,"key":"GhostInAJar"}],"is_trial":false,"path_per_floor":["M","?","M","?","$","R","M","?","T","E","M","?","E","T","R","B",null,"M","?","?","?","$","R","R","?","T","E","E","R","T","M","R","B"],"character_chosen":"THE_SILENT","items_purchased":["Slice","PreservedInsect","Endless Agony","Secret Weapon","Block Potion"],"campfire_rested":2,"item_purchase_floors":[5,22,22,22,22],"current_hp_per_floor":[69,69,69,69,69,69,69,69,69,45,38,38,29,29,50,2,70,46,46,46,46,46,46,46,30,37,29,39,39,39,12,35,0],"gold":200,"neow_bonus":"RANDOM_COMMON_RELIC","is_prod":false,"is_daily":false,"chose_seed":false,"campfire_upgraded":1,"win_rate":0,"timestamp":1564877068,"path_taken":["M","?","?","?","$","R","M","?","T","E","M","?","E","?","R","BOSS","M","?","?","?","$","R","R","?","T","E","E","R","?","M","R","BOSS"],"build_version":"2019-07-17","purchased_purges":2,"victory":false,"max_hp_per_floor":[70,70,70,70,70,70,70,70,70,70,70,70,70,70,70,70,70,70,70,70,70,70,70,70,70,77,77,77,77,77,77,77,77],"card_choices":[{"not_picked":["Cloak And Dagger","Concentrate"],"picked":"Heel Hook","floor":1},{"not_picked":["Bouncing Flask","Skewer"],"picked":"Flying Knee","floor":3},{"not_picked":["Bane","Well Laid Plans"],"picked":"Dodge and Roll","floor":7},{"not_picked":["Accuracy","Poisoned Stab"],"picked":"Bouncing Flask","floor":10},{"not_picked":["Tactician","Riddle With Holes"],"picked":"Outmaneuver","floor":11},{"not_picked":["A Thousand Cuts","Concentrate"],"picked":"Escape Plan","floor":13},{"not_picked":["Eviscerate","Poisoned Stab"],"picked":"Dagger Spray","floor":15},{"not_picked":["After Image","Tools of the Trade"],"picked":"Die Die Die","floor":16},{"not_picked":["Accuracy","Sucker Punch+1"],"picked":"Outmaneuver","floor":18},{"not_picked":["All Out Attack","Caltrops","Poisoned Stab"],"picked":"SKIP","floor":27},{"not_picked":["Sucker Punch+1","Underhanded Strike"],"picked":"Dash+1","floor":28},{"not_picked":["Deadly Poison+1","Noxious Fumes"],"picked":"Phantasmal Killer","floor":31},{"not_picked":["Deflect","Dagger Spray"],"picked":"Terror+1","floor":32}],"player_experience":221359,"relics_obtained":[{"floor":9,"key":"Dream Catcher"},{"floor":10,"key":"Girya"},{"floor":13,"key":"WingedGreaves"},{"floor":14,"key":"The Courier"},{"floor":17,"key":"Lantern"},{"floor":17,"key":"Darkstone Periapt"},{"floor":17,"key":"Tingsha"},{"floor":25,"key":"Enchiridion"},{"floor":26,"key":"Strawberry"},{"floor":27,"key":"Mummified Hand"},{"floor":28,"key":"Anchor"},{"floor":30,"key":"Centennial Puzzle"}],"event_choices":[{"cards_removed":["Strike_G"],"damage_healed":0,"gold_gain":0,"player_choice":"Purged","damage_taken":0,"max_hp_gain":0,"max_hp_loss":0,"event_name":"Purifier","floor":2,"gold_loss":0},{"damage_healed":0,"gold_gain":0,"player_choice":"Grow","damage_taken":0,"max_hp_gain":0,"max_hp_loss":0,"event_name":"Living Wall","floor":4,"gold_loss":0,"cards_upgraded":["Neutralize"]},{"damage_healed":0,"gold_gain":0,"player_choice":"Take Wound","damage_taken":0,"relics_obtained":["Golden Idol"],"max_hp_gain":0,"max_hp_loss":0,"event_name":"Golden Idol","floor":8,"gold_loss":0,"cards_obtained":["Injury"]},{"damage_healed":0,"gold_gain":0,"player_choice":"Ignored","damage_taken":0,"max_hp_gain":0,"max_hp_loss":0,"event_name":"Shining Light","floor":12,"gold_loss":0},{"damage_healed":0,"gold_gain":0,"player_choice":"Ignored","damage_taken":0,"max_hp_gain":0,"max_hp_loss":0,"event_name":"Ghosts","floor":19,"gold_loss":0},{"damage_healed":0,"gold_gain":99,"player_choice":"Stole From Cult","damage_taken":0,"max_hp_gain":0,"max_hp_loss":0,"event_name":"Nest","floor":20,"gold_loss":0},{"damage_healed":0,"gold_gain":0,"player_choice":"Ignored","damage_taken":0,"max_hp_gain":0,"max_hp_loss":0,"event_name":"Vampires","floor":21,"gold_loss":0},{"damage_healed":0,"gold_gain":0,"player_choice":"Obtained Book","damage_taken":16,"max_hp_gain":0,"max_hp_loss":0,"event_name":"Cursed Tome","floor":25,"gold_loss":0}],"is_beta":false,"boss_relics":[{"not_picked":["Cursed Key","Busted Crown"],"picked":"Calling Bell"}],"items_purged_floors":[5,22],"is_endless":false,"potions_floor_spawned":[3,7,10,13,27,31],"killed_by":"Champ","ascension_level":2}