{"gold_per_floor":[114,114,114,38,51,51,71,71,71,71,71,34,57,73,73,169,169,183,217,242,242,257,257,273,273],"floor_reached":25,"playtime":773,"items_purged":[],"score":386,"play_id":"18cc4119-f954-4f2c-9fd3-02a5283fa499","local_time":"20190604212900","is_ascension_mode":true,"campfire_choices":[{"data":"Catalyst","floor":6.0,"key":"SMITH"},{"data":"Deadly Poison","floor":8.0,"key":"SMITH"},{"data":"Footwork","floor":11.0,"key":"SMITH"},{"data":"Noxious Fumes","floor":15.0,"key":"SMITH"},{"data":"Flechettes","floor":23.0,"key":"SMITH"}],"neow_cost":"TEN_PERCENT_HP_LOSS","seed_source_timestamp":194215397933870,"circlet_count":0,"master_deck":["AscendersBane","Defend_G","Defend_G","Defend_G","Defend_G","Defend_G","Strike_G","Strike_G","Strike_G","Survivor","Neutralize","Deadly Poison+1","Footwork+1","Catalyst+1","Noxious Fumes+1","Flechettes+1","Malaise","PiercingWail","Doppelganger","Footwork","Venomology"],"special_seed":0,"relics":["Ring of the Snake","Golden Idol","Bird Faced Urn","Letter Opener","Coffee Dripper","Red Mask"],"potions_floor_usage":[24],"damage_taken":[{"damage":4.0,"enemies":"Jaw Worm","floor":1.0,"turns":9.0},{"damage":0.0,"enemies":"Cultist","floor":5.0,"turns":5.0},{"damage":0.0,"enemies":"2 Louse","floor":7.0,"turns":4.0},{"damage":2.0,"enemies":"Large Slime","floor":13.0,"turns":6.0},{"damage":12.0,"enemies":"Exordium Thugs","floor":14.0,"turns":7.0},{"damage":10.0,"enemies":"Hexaghost","floor":16.0,"turns":9.0},{"damage":2.0,"enemies":"3 Byrds","floor":18.0,"turns":4.0},{"damage":33.0,"enemies":"Masked Bandits","floor":19.0,"turns":5.0},{"damage":9.0,"enemies":"Shell Parasite","floor":20.0,"turns":6.0},{"damage":18.0,"enemies":"Cultist and Chosen","floor":22.0,"turns":7.0},{"damage":0,"enemies":"Snecko","floor":24,"turns":5},{"damage":12,"enemies":"Shelled Parasite and Fungi","floor":25,"turns":1}],"seed_played":"1163238314398452586","potions_obtained":[{"floor":5.0,"key":"Strength Potion"},{"floor":14.0,"key":"EssenceOfSteel"},{"floor":16.0,"key":"SkillPotion"},{"floor":19.0,"key":"FearPotion"},{"floor":24,"key":"Weak Potion"}],"is_trial":false,"path_per_floor":["M","?","?","$","M","R","M","R","T","$","R","$","M","M","R","B",null,"M","?","M","?","M","R","M","M"],"character_chosen":"THE_SILENT","items_purchased":["Footwork","Noxious Fumes"],"campfire_rested":0,"item_purchase_floors":[4,12],"current_hp_per_floor":[55,54,43,43,45,45,47,47,47,47,47,47,49,41,41,35,49,51,22,17,17,3,3,9,0],"gold":273,"neow_bonus":"REMOVE_TWO","is_prod":false,"is_daily":false,"chose_seed":false,"campfire_upgraded":5,"win_rate":0,"timestamp":1559654940,"path_taken":["M","?","?","?","?","R","M","R","T","$","R","?","M","M","R","BOSS","M","?","M","?","M","R","?","M"],"build_version":"2019-01-23","purchased_purges":0,"victory":false,"max_hp_per_floor":[60,54,54,54,54,54,54,54,54,54,54,54,54,54,54,54,54,54,54,54,54,54,54,54,54],"card_choices":[{"not_picked":["Dodge and Roll","Slice"],"picked":"Deadly Poison","floor":1.0},{"not_picked":["Bouncing Flask","Dagger Spray"],"picked":"Catalyst","floor":5.0},{"not_picked":["Bouncing Flask","Leg Sweep","Dagger Throw"],"picked":"SKIP","floor":7.0},{"not_picked":["Deflect","Finisher"],"picked":"Flechettes","floor":13.0},{"not_picked":["Heel Hook","Flying Knee","Poisoned Stab"],"picked":"SKIP","floor":14.0},{"not_picked":["Phantasmal Killer","Doppelganger"],"picked":"Malaise","floor":16.0},{"not_picked":["Dagger Spray","Bane","Dash"],"picked":"SKIP","floor":18.0},{"not_picked":["Setup","Quick Slash","Cloak And Dagger"],"picked":"SKIP","floor":20.0},{"not_picked":["All Out Attack","Poisoned Stab"],"picked":"Footwork","floor":22.0},{"not_picked":["Sucker Punch+1","Venomology","Blade Dance"],"picked":"SKIP","floor":24},{"not_picked":["Sucker Punch+1","Blade Dance"],"picked":"Venomology","floor":24}],"player_experience":1871788,"relics_obtained":[{"floor":9.0,"key":"Letter Opener"},{"floor":19.0,"key":"Red Mask"}],"event_choices":[{"damage_healed":0.0,"max_hp_gain":0.0,"max_hp_loss":6.0,"gold_gain":0.0,"event_name":"Golden Idol","player_choice":"Lose Max HP","floor":2.0,"gold_loss":0.0,"damage_taken":0.0,"relics_obtained":["Golden Idol"]},{"damage_healed":0.0,"max_hp_gain":0.0,"max_hp_loss":0.0,"gold_gain":0.0,"event_name":"Scrap Ooze","player_choice":"Success","floor":3.0,"gold_loss":0.0,"damage_taken":11.0,"relics_obtained":["Bird Faced Urn"]},{"damage_healed":0.0,"max_hp_gain":0.0,"max_hp_loss":0.0,"gold_gain":0.0,"event_name":"Masked Bandits","player_choice":"Fought Bandits","floor":19.0,"gold_loss":0.0,"damage_taken":0.0},{"damage_healed":0.0,"max_hp_gain":0.0,"max_hp_loss":0.0,"gold_gain":0.0,"event_name":"Match and Keep!","player_choice":"2 cards matched","floor":21.0,"gold_loss":0.0,"damage_taken":0.0,"cards_obtained":["PiercingWail","Doppelganger"]}],"is_beta":false,"boss_relics":[{"not_picked":["Runic Dome","Eternal Feather"],"picked":"Coffee Dripper"}],"items_purged_floors":[],"is_endless":false,"potions_floor_spawned":[5,14,16,18,19,24],"killed_by":"Shelled Parasite and Fungi","ascension_level":20}