{"gold_per_floor":[366,380,395,411,197,197,197,197,274,274,287,318,334,334,334,409,409,420,420,420,420,431,463,478,493,569,569,569,569,569,595,595,667,667,681,681,699,148,163,192,192,192],"floor_reached":42,"playtime":1932,"items_purged":["Strike_G"],"score":816,"play_id":"b836eacd-facd-4935-bc26-bb3ac29d7fcb","local_time":"20190730160751","is_ascension_mode":true,"campfire_choices":[{"data":"Noxious Fumes","floor":6,"key":"SMITH"},{"data":"Leg Sweep","floor":8,"key":"SMITH"},{"data":"Neutralize","floor":10,"key":"SMITH"},{"floor":15,"key":"REST"},{"data":"Corpse Explosion","floor":27,"key":"SMITH"},{"floor":29,"key":"RECALL"},{"data":"Night Terror","floor":32,"key":"SMITH"},{"data":"Bullet Time","floor":41,"key":"SMITH"}],"neow_cost":"TEN_PERCENT_HP_LOSS","seed_source_timestamp":314834089861305,"circlet_count":0,"master_deck":["AscendersBane","Defend_G","Defend_G","Defend_G","Survivor","Neutralize+1","Dagger Throw","Noxious Fumes+1","PiercingWail","Leg Sweep+1","Well Laid Plans+1","Backstab+1","Dash+1","Backflip","Corpse Explosion+1","Acrobatics","Bite","Bite","Bite+1","Heel Hook","Backflip","Night Terror+1","Burst","Transmutation+1","Deflect+1","Swift Strike+1","Doppelganger","Cloak And Dagger+1","Bullet Time+1","Backflip"],"relics":["Ring of the Snake","The Courier","Orichalcum","Coffee Dripper","Whetstone","Tiny Chest","Kunai","Calipers","Astrolabe","Frozen Egg 2","OrangePellets","Pantograph","Ancient Tea Set"],"potions_floor_usage":[2,12,12,23,40],"damage_taken":[{"damage":1,"enemies":"Cultist","floor":1,"turns":5},{"damage":0,"enemies":"Small Slimes","floor":2,"turns":2},{"damage":0,"enemies":"Jaw Worm","floor":3,"turns":5},{"damage":10,"enemies":"2 Fungi Beasts","floor":4,"turns":5},{"damage":7,"enemies":"Large Slime","floor":11,"turns":6},{"damage":14,"enemies":"Gremlin Nob","floor":12,"turns":7},{"damage":3,"enemies":"Exordium Wildlife","floor":13,"turns":5},{"damage":5,"enemies":"The Guardian","floor":16,"turns":14},{"damage":0,"enemies":"3 Byrds","floor":18,"turns":3},{"damage":4,"enemies":"Chosen","floor":22,"turns":5},{"damage":6,"enemies":"Slavers","floor":23,"turns":3},{"damage":9,"enemies":"Centurion and Healer","floor":24,"turns":5},{"damage":6,"enemies":"Snake Plant","floor":25,"turns":5},{"damage":26,"enemies":"Gremlin Leader","floor":31,"turns":7},{"damage":39,"enemies":"Champ","floor":33,"turns":21},{"damage":0,"enemies":"3 Shapes","floor":35,"turns":3},{"damage":2,"enemies":"Orb Walker","floor":37,"turns":4},{"damage":23,"enemies":"Transient","floor":39,"turns":5},{"damage":23,"enemies":"Nemesis","floor":40,"turns":11},{"damage":25,"enemies":"Giant Head","floor":42,"turns":10}],"seed_played":"4851361597288637817","potions_obtained":[{"floor":1,"key":"FearPotion"},{"floor":3,"key":"Fire Potion"},{"floor":11,"key":"SpeedPotion"},{"floor":16,"key":"Fire Potion"},{"floor":18,"key":"SkillPotion"},{"floor":25,"key":"SmokeBomb"},{"floor":31,"key":"LiquidBronze"}],"is_trial":false,"path_per_floor":["M","M","M","M","$","R","?","R","T","R","M","E","M","?","R","B",null,"M","?","?","?","M","E","M","M","T","R","T","R","?","E","R","B",null,"M","?","M","$","M","E","R","E"],"character_chosen":"THE_SILENT","items_purchased":["Well Laid Plans","Backstab","Frozen Egg 2","OrangePellets","Pantograph"],"campfire_rested":1,"item_purchase_floors":[5,5,38,38,38],"current_hp_per_floor":[58,58,58,48,48,48,48,48,48,48,41,27,24,6,24,19,50,50,42,33,33,41,40,42,42,42,42,42,42,32,28,28,19,40,42,42,47,47,26,14,14,0],"gold":192,"neow_bonus":"TWO_FIFTY_GOLD","is_prod":false,"is_daily":false,"chose_seed":false,"campfire_upgraded":6,"win_rate":0,"timestamp":1564517271,"path_taken":["M","?","M","M","?","R","?","R","T","R","M","E","M","?","R","BOSS","M","?","?","?","M","E","?","M","T","R","?","R","?","E","R","BOSS","M","?","M","$","M","E","R","E"],"build_version":"2019-07-17","purchased_purges":1,"victory":false,"max_hp_per_floor":[60,60,60,60,60,60,60,60,60,60,60,60,60,60,60,60,60,60,42,42,42,42,42,42,42,42,42,42,42,47,47,47,47,47,47,47,47,47,47,47,47,47],"card_choices":[{"not_picked":["Flechettes","Accuracy"],"picked":"Dagger Throw","floor":1},{"not_picked":["Slice","PiercingWail"],"picked":"Noxious Fumes","floor":2},{"not_picked":["Bane","Choke"],"picked":"PiercingWail","floor":3},{"not_picked":["Expertise","Choke"],"picked":"Leg Sweep","floor":4},{"not_picked":["Riddle With Holes","Expertise","Slice"],"picked":"SKIP","floor":11},{"not_picked":["Calculated Gamble","Cloak And Dagger"],"picked":"Dash","floor":12},{"not_picked":["Deadly Poison","Poisoned Stab"],"picked":"Backflip","floor":13},{"not_picked":["Glass Knife","After Image"],"picked":"Corpse Explosion","floor":16},{"not_picked":["Backflip","Endless Agony"],"picked":"Acrobatics","floor":18},{"not_picked":["Masterful Stab","Dagger Throw"],"picked":"Heel Hook","floor":22},{"not_picked":["Concentrate","Outmaneuver","Unload"],"picked":"SKIP","floor":23},{"not_picked":["Slice","Finisher"],"picked":"Backflip","floor":24},{"not_picked":["Quick Slash","Deflect","Blade Dance+1"],"picked":"SKIP","floor":25},{"not_picked":["Expertise","Blur"],"picked":"Night Terror","floor":31},{"not_picked":["Unload","Phantasmal Killer"],"picked":"Burst","floor":33},{"not_picked":["Dagger Throw","Slice","Dodge and Roll"],"picked":"SKIP","floor":35},{"not_picked":["Underhanded Strike","Backflip"],"picked":"Cloak And Dagger+1","floor":37},{"not_picked":["Bane","Poisoned Stab","Bullet Time"],"picked":"SKIP","floor":39},{"not_picked":["Bane","Poisoned Stab"],"picked":"Bullet Time","floor":39},{"not_picked":["Tactician","Bouncing Flask"],"picked":"Backflip","floor":40}],"player_experience":1597816,"relics_obtained":[{"floor":9,"key":"The Courier"},{"floor":12,"key":"Orichalcum"},{"floor":23,"key":"Whetstone"},{"floor":26,"key":"Tiny Chest"},{"floor":28,"key":"Kunai"},{"floor":31,"key":"Calipers"},{"floor":40,"key":"Ancient Tea Set"}],"event_choices":[{"damage_healed":0,"gold_gain":0,"player_choice":"Grow","damage_taken":0,"max_hp_gain":0,"max_hp_loss":0,"event_name":"Living Wall","floor":7,"gold_loss":0,"cards_upgraded":["Well Laid Plans"]},{"damage_healed":0,"gold_gain":0,"player_choice":"Entered Light","damage_taken":18,"max_hp_gain":0,"max_hp_loss":0,"event_name":"Shining Light","floor":14,"gold_loss":0,"cards_upgraded":["Backstab","Defend_G"]},{"damage_healed":0,"gold_gain":0,"player_choice":"Became a vampire","damage_taken":0,"max_hp_gain":0,"max_hp_loss":18,"event_name":"Vampires","floor":19,"gold_loss":0,"cards_obtained":["Bite","Bite","Bite","Bite","Bite"]},{"damage_healed":0,"gold_gain":0,"player_choice":"Stopped","damage_taken":9,"max_hp_gain":0,"max_hp_loss":0,"event_name":"Cursed Tome","floor":20,"gold_loss":0},{"damage_healed":0,"gold_gain":0,"player_choice":"Ignored","damage_taken":0,"max_hp_gain":0,"max_hp_loss":0,"event_name":"Ghosts","floor":21,"gold_loss":0},{"damage_healed":0,"gold_gain":0,"player_choice":"Shed Blood","damage_taken":15,"max_hp_gain":5,"max_hp_loss":0,"event_name":"Forgotten Altar","floor":30,"gold_loss":0},{"damage_healed":0,"gold_gain":0,"cards_transformed":["Defend_G"],"player_choice":"Transformed","damage_taken":0,"max_hp_gain":0,"max_hp_loss":0,"event_name":"Transmorgrifier","floor":36,"gold_loss":0,"cards_obtained":["Doppelganger"]}],"is_beta":false,"boss_relics":[{"not_picked":["Lizard Tail","Empty Cage"],"picked":"Coffee Dripper"},{"not_picked":["Philosopher\u0027s Stone","Calling Bell"],"picked":"Astrolabe"}],"items_purged_floors":[5],"is_endless":false,"potions_floor_spawned":[1,3,11,16,18,22,25,31,35],"killed_by":"Giant Head","ascension_level":15}