{"gold_per_floor":[117,135,149,176,176,176,195,236,261,261,186,186,201,10,10,108,108,123,123,123,143,143,143,9,34,34,34,52,52,26,26,26,117,117,133,133,133,466,93,120,120,152,175,175,185,185,204,204,204,204,204,204,204,25,25],"floor_reached":55,"playtime":2325,"items_purged":["Strike_B+1","Gash"],"score":1913,"play_id":"b20fa256-c62f-4819-a0b4-af0b84a8a207","local_time":"20190618110351","is_ascension_mode":true,"campfire_choices":[{"data":"Zap","floor":6.0,"key":"SMITH"},{"data":"Recycle","floor":10.0,"key":"SMITH"},{"data":"Defragment","floor":15.0,"key":"SMITH"},{"data":"Sunder","floor":23.0,"key":"SMITH"},{"data":"Blizzard","floor":27.0,"key":"SMITH"},{"data":"Loop","floor":29.0,"key":"SMITH"},{"data":"Recycle","floor":32.0,"key":"SMITH"},{"floor":41.0,"key":"REST"},{"floor":44.0,"key":"RECALL"},{"data":"Dualcast","floor":46.0,"key":"SMITH"},{"data":"Discovery","floor":49.0,"key":"SMITH"},{"data":"Skim","floor":53.0,"key":"SMITH"}],"neow_cost":"TEN_PERCENT_HP_LOSS","seed_source_timestamp":1363903985449182,"circlet_count":0,"master_deck":["AscendersBane","Zap+1","Dualcast+1","Gash","Loop+1","Turbo","Cold Snap","Conserve Battery","Recycle+1","Defragment+1","Blizzard+1","All For One","Glacier","Sunder+1","Turbo+1","Compile Driver","Glacier","Hologram","Machine Learning","Finesse","Discovery+1","Skim+1","Capacitor","Core Surge"],"special_seed":0,"relics":["Cracked Core","Whetstone","Gambling Chip","Bag of Preparation","Pen Nib","Nuclear Battery","Pear","Empty Cage","OrangePellets","Torii","Ginger"],"potions_floor_usage":[],"damage_taken":[{"damage":0.0,"enemies":"Cultist","floor":1.0,"turns":3.0},{"damage":2.0,"enemies":"Jaw Worm","floor":2.0,"turns":2.0},{"damage":3.0,"enemies":"2 Louse","floor":3.0,"turns":3.0},{"damage":4.0,"enemies":"Looter","floor":7.0,"turns":3.0},{"damage":14.0,"enemies":"Lagavulin","floor":8.0,"turns":7.0},{"damage":7.0,"enemies":"Exordium Wildlife","floor":13.0,"turns":3.0},{"damage":19.0,"enemies":"The Guardian","floor":16.0,"turns":10.0},{"damage":0.0,"enemies":"Chosen","floor":18.0,"turns":3.0},{"damage":6.0,"enemies":"Shell Parasite","floor":21.0,"turns":4.0},{"damage":12.0,"enemies":"Shelled Parasite and Fungi","floor":25.0,"turns":6.0},{"damage":12.0,"enemies":"Cultist and Chosen","floor":28.0,"turns":8.0},{"damage":18.0,"enemies":"Automaton","floor":33.0,"turns":7.0},{"damage":1.0,"enemies":"Orb Walker","floor":35.0,"turns":3.0},{"damage":29.0,"enemies":"Reptomancer","floor":40.0,"turns":8.0},{"damage":0.0,"enemies":"Giant Head","floor":42.0,"turns":5.0},{"damage":0.0,"enemies":"3 Darklings","floor":45.0,"turns":5.0},{"damage":2.0,"enemies":"4 Shapes","floor":47.0,"turns":3.0},{"damage":10.0,"enemies":"Donu and Deca","floor":50.0,"turns":9.0},{"damage":13.0,"enemies":"Time Eater","floor":51.0,"turns":22.0},{"damage":45,"enemies":"Shield and Spear","floor":55,"turns":5}],"seed_played":"7243375821683483916","potions_obtained":[{"floor":3.0,"key":"Block Potion"},{"floor":8.0,"key":"AttackPotion"},{"floor":13.0,"key":"PowerPotion"},{"floor":16.0,"key":"PowerPotion"},{"floor":25.0,"key":"Strength Potion"},{"floor":33.0,"key":"SkillPotion"},{"floor":40.0,"key":"Strength Potion"},{"floor":42.0,"key":"Block Potion"}],"is_trial":false,"path_per_floor":["M","M","M","T","?","R","M","E","T","R","?","T","M","$","R","B",null,"M","?","?","M","?","R","$","M","T","R","M","R","$","?","R","B",null,"M","?","?","?","$","E","R","E","T","R","M","R","M","?","R","B","B",null,"R","$","E"],"character_chosen":"DEFECT","items_purchased":["Defragment","Blizzard","Compile Driver","Glacier","Hologram","Skim","OrangePellets","Capacitor","Ancient Potion"],"campfire_rested":1,"item_purchase_floors":[14,14,24,24,30,39,39,39,54],"current_hp_per_floor":[64,62,59,59,58,58,54,40,40,40,40,40,33,33,33,14,47,47,47,47,41,41,41,41,29,39,39,27,27,27,27,27,9,53,52,52,42,42,42,13,33,33,33,33,33,33,31,31,31,21,8,53,53,53,8],"gold":25,"neow_bonus":"TRANSFORM_TWO_CARDS","is_prod":false,"is_daily":false,"chose_seed":false,"campfire_upgraded":10,"win_rate":0,"timestamp":1560827031,"path_taken":["M","M","M","?","?","R","M","E","T","R","?","?","?","$","R","BOSS","M","?","?","M","?","R","$","?","T","R","M","R","$","?","R","BOSS","BOSS","M","?","?","?","?","E","R","E","T","R","M","R","?","?","R","BOSS","BOSS","R","$","E"],"build_version":"2019-01-23","purchased_purges":2,"victory":false,"max_hp_per_floor":[64,64,64,64,58,58,58,58,58,58,58,58,58,58,58,58,58,58,58,58,58,58,58,58,58,68,68,68,68,68,68,68,68,68,68,68,68,68,68,68,68,68,68,68,68,68,68,68,68,68,68,68,68,68,68],"card_choices":[{"not_picked":["Barrage","Scrape"],"picked":"Loop","floor":1.0},{"not_picked":["Consume","Steam"],"picked":"Turbo","floor":2.0},{"not_picked":["Gash","Genetic Algorithm"],"picked":"Cold Snap","floor":3.0},{"not_picked":["Steam","Hello World"],"picked":"Conserve Battery","floor":7.0},{"not_picked":["Rainbow","Sunder"],"picked":"Recycle","floor":8.0},{"not_picked":["Lockon","Gash","Hello World"],"picked":"SKIP","floor":13.0},{"not_picked":["Rainbow","Hyperbeam"],"picked":"All For One","floor":16.0},{"not_picked":["Skim","Beam Cell"],"picked":"Glacier","floor":18.0},{"not_picked":["Self Repair","Steam"],"picked":"Turbo+1","floor":21.0},{"not_picked":["Streamline","Barrage+1","Go for the Eyes"],"picked":"SKIP","floor":25.0},{"not_picked":["Auto Shields","Stack","Cold Snap+1"],"picked":"SKIP","floor":28.0},{"not_picked":["Buffer","Rainbow"],"picked":"Machine Learning","floor":33.0},{"not_picked":["Aggregate","Rip and Tear+1","Cold Snap"],"picked":"SKIP","floor":35.0},{"not_picked":["Bandage Up","Good Instincts"],"picked":"Finesse","floor":37.0},{"not_picked":["Forethought","Purity"],"picked":"Discovery","floor":37.0},{"not_picked":["Double Energy","Turbo","Static Discharge+1"],"picked":"SKIP","floor":40.0},{"not_picked":["Gash+1","Cold Snap"],"picked":"Core Surge","floor":42.0},{"not_picked":["Steam","Go for the Eyes","Conserve Battery"],"picked":"SKIP","floor":45.0},{"not_picked":["Rebound+1","Stack","Leap"],"picked":"SKIP","floor":47.0}],"player_experience":1917598,"relics_obtained":[{"floor":4.0,"key":"Whetstone"},{"floor":8.0,"key":"Gambling Chip"},{"floor":9.0,"key":"Bag of Preparation"},{"floor":12.0,"key":"Pen Nib"},{"floor":26.0,"key":"Pear"},{"floor":40.0,"key":"Torii"},{"floor":42.0,"key":"Ginger"}],"event_choices":[{"damage_healed":0.0,"max_hp_gain":0.0,"max_hp_loss":6.0,"gold_gain":0.0,"event_name":"Golden Idol","player_choice":"Lose Max HP","floor":5.0,"gold_loss":0.0,"damage_taken":0.0,"relics_obtained":["Golden Idol"]},{"cards_removed":["Lockon"],"damage_healed":0.0,"max_hp_gain":0.0,"max_hp_loss":0.0,"gold_gain":0.0,"event_name":"The Cleric","player_choice":"Card Removal","floor":11.0,"gold_loss":75.0,"damage_taken":0.0},{"damage_healed":0.0,"max_hp_gain":0.0,"max_hp_loss":0.0,"gold_gain":0.0,"event_name":"The Library","player_choice":"Read","floor":19.0,"gold_loss":0.0,"damage_taken":0.0,"cards_obtained":["Sunder"]},{"damage_healed":0.0,"max_hp_gain":0.0,"max_hp_loss":0.0,"gold_gain":0.0,"event_name":"Vampires","player_choice":"Ignored","floor":20.0,"gold_loss":0.0,"damage_taken":0.0},{"cards_removed":["Strike_B"],"damage_healed":0.0,"max_hp_gain":0.0,"max_hp_loss":0.0,"gold_gain":0.0,"event_name":"Purifier","player_choice":"Purged","floor":22.0,"gold_loss":0.0,"damage_taken":0.0},{"damage_healed":0.0,"max_hp_gain":0.0,"max_hp_loss":0.0,"gold_gain":0.0,"cards_transformed":["Defend_B","Defend_B"],"event_name":"Drug Dealer","player_choice":"Became Test Subject","floor":31.0,"gold_loss":0.0,"damage_taken":0.0,"cards_obtained":["Recycle","Gash"]},{"cards_removed":["Recycle"],"damage_healed":0.0,"max_hp_gain":0.0,"max_hp_loss":0.0,"gold_gain":0.0,"event_name":"Falling","player_choice":"Removed Skill","floor":36.0,"gold_loss":0.0,"damage_taken":0.0},{"damage_healed":0.0,"max_hp_gain":0.0,"max_hp_loss":0.0,"gold_gain":0.0,"event_name":"SensoryStone","player_choice":"Memory 3","floor":37.0,"gold_loss":0.0,"damage_taken":10.0},{"damage_healed":0.0,"max_hp_gain":0.0,"max_hp_loss":0.0,"gold_gain":333.0,"event_name":"The Moai Head","player_choice":"Gave Idol","floor":38.0,"relics_lost":["Golden Idol"],"gold_loss":0.0,"damage_taken":0.0},{"damage_healed":0.0,"max_hp_gain":0.0,"max_hp_loss":0.0,"gold_gain":0.0,"event_name":"Tomb of Lord Red Mask","player_choice":"Ignored","floor":48.0,"gold_loss":0.0,"damage_taken":0.0}],"is_beta":false,"boss_relics":[{"not_picked":["White Beast Statue","Astrolabe"],"picked":"Nuclear Battery"},{"not_picked":["Cursed Key","Fusion Hammer"],"picked":"Empty Cage"}],"items_purged_floors":[14,54],"is_endless":false,"potions_floor_spawned":[3,8,13,16,25,33,40,42],"killed_by":"Shield and Spear","ascension_level":20}