{"gold_per_floor":[118,42,42,109,127,162,175,175,175,194,11,11],"floor_reached":12,"playtime":434,"items_purged":[],"score":140,"play_id":"80807525-53e0-41c5-ada5-388503582296","local_time":"20190803014053","is_ascension_mode":true,"campfire_choices":[{"data":"Havoc","floor":8,"key":"SMITH"}],"neow_cost":"PERCENT_DAMAGE","seed_source_timestamp":609925074957941,"circlet_count":0,"master_deck":["AscendersBane","Strike_R","Strike_R","Strike_R","Strike_R","Strike_R","Defend_R","Defend_R","Defend_R","Defend_R","Bash","Reaper","Headbutt","Inflame","Havoc+1","Dropkick","Clothesline","True Grit","Havoc","Dropkick"],"relics":["Burning Blood","SsserpentHead","Paper Frog","Torii","Omamori"],"potions_floor_usage":[10],"damage_taken":[{"damage":20,"enemies":"Small Slimes","floor":1,"turns":4},{"damage":1,"enemies":"Cultist","floor":4,"turns":3},{"damage":10,"enemies":"Jaw Worm","floor":5,"turns":5},{"damage":51,"enemies":"Lagavulin","floor":6,"turns":8},{"damage":10,"enemies":"Blue Slaver","floor":7,"turns":4},{"damage":2,"enemies":"Looter","floor":10,"turns":5},{"damage":31,"enemies":"3 Sentries","floor":12,"turns":6}],"seed_played":"-6260958847016946275","potions_obtained":[{"floor":4,"key":"Swift Potion"}],"is_trial":false,"path_per_floor":["M","$","?","M","M","E","M","R","T","M","$","E"],"character_chosen":"IRONCLAD","items_purchased":["Inflame","Omamori","Dropkick"],"campfire_rested":0,"item_purchase_floors":[2,11,11],"current_hp_per_floor":[40,40,40,45,50,14,10,10,10,14,14,0],"gold":11,"neow_bonus":"THREE_RARE_CARDS","is_prod":false,"is_daily":false,"chose_seed":false,"campfire_upgraded":1,"win_rate":0,"timestamp":1564810853,"path_taken":["M","$","?","?","M","E","M","R","T","M","$","E"],"build_version":"2019-07-17","purchased_purges":0,"victory":false,"max_hp_per_floor":[75,75,75,75,75,75,75,75,75,75,75,75],"card_choices":[{"not_picked":["Offering","Impervious"],"picked":"Reaper","floor":0},{"not_picked":["Heavy Blade","Warcry"],"picked":"Headbutt","floor":1},{"not_picked":["Seeing Red","Heavy Blade"],"picked":"Havoc","floor":4},{"not_picked":["Iron Wave","Sword Boomerang"],"picked":"Dropkick","floor":5},{"not_picked":["Barricade","Sword Boomerang"],"picked":"Clothesline","floor":6},{"not_picked":["Searing Blow","Carnage"],"picked":"True Grit","floor":7},{"not_picked":["Warcry","Anger"],"picked":"Havoc","floor":10}],"player_experience":1655988,"relics_obtained":[{"floor":6,"key":"Paper Frog"},{"floor":9,"key":"Torii"}],"event_choices":[{"damage_healed":0,"gold_gain":0,"player_choice":"Trade","damage_taken":0,"relics_obtained":["SsserpentHead"],"max_hp_gain":0,"max_hp_loss":0,"event_name":"FaceTrader","floor":3,"gold_loss":0}],"is_beta":false,"boss_relics":[],"items_purged_floors":[],"is_endless":false,"potions_floor_spawned":[4],"killed_by":"3 Sentries","ascension_level":15}