{"gold_per_floor":[118,88,13,24,24,53,53,71,71,90,120,136,136,36,36,113,113,130,5,5,15,30,64,64,64],"floor_reached":25,"playtime":764,"items_purged":["Strike_B","Strike_B","Strike_B"],"score":536,"play_id":"97c8764c-3953-4a16-8a29-a363099091b8","local_time":"20190730150032","is_ascension_mode":true,"campfire_choices":[{"data":"Zap","floor":7,"key":"SMITH"},{"data":"Sweeping Beam","floor":13,"key":"SMITH"},{"data":"Fission","floor":15,"key":"SMITH"},{"data":"Defragment","floor":24,"key":"SMITH"}],"neow_cost":"NONE","seed_source_timestamp":311963615481937,"circlet_count":0,"master_deck":["AscendersBane","Strike_B","Defend_B","Defend_B","Defend_B","Defend_B","Zap+1","Dualcast","Glacier","Fission+1","Sweeping Beam+1","Ball Lightning","Buffer","Go for the Eyes","Creative AI","Sweeping Beam","Compile Driver","Echo Form","Defragment+1"],"relics":["Cracked Core","NeowsBlessing","Pocketwatch","Darkstone Periapt","Cables","Bottled Flame","Coffee Dripper","Sundial"],"potions_floor_usage":[10,16,25],"damage_taken":[{"damage":0,"enemies":"2 Louse","floor":1,"turns":1},{"damage":0,"enemies":"Cultist","floor":4,"turns":1},{"damage":0,"enemies":"Lagavulin","floor":6,"turns":1},{"damage":2,"enemies":"Jaw Worm","floor":8,"turns":4},{"damage":0,"enemies":"Lots of Slimes","floor":10,"turns":4},{"damage":38,"enemies":"Gremlin Nob","floor":11,"turns":5},{"damage":7,"enemies":"Exordium Wildlife","floor":12,"turns":4},{"damage":0,"enemies":"Slime Boss","floor":16,"turns":10},{"damage":7,"enemies":"Chosen","floor":18,"turns":4},{"damage":13,"enemies":"2 Thieves","floor":21,"turns":3},{"damage":10,"enemies":"Snake Plant","floor":22,"turns":6},{"damage":24,"enemies":"Gremlin Leader","floor":23,"turns":7},{"damage":25,"enemies":"Slavers","floor":25,"turns":2}],"seed_played":"-738858366513111820","potions_obtained":[{"floor":2,"key":"LiquidBronze"},{"floor":2,"key":"Energy Potion"},{"floor":6,"key":"Block Potion"},{"floor":12,"key":"FocusPotion"},{"floor":23,"key":"Weak Potion"}],"is_trial":false,"path_per_floor":["M","?","$","M","?","E","R","M","T","M","E","M","R","$","R","B",null,"M","$","?","M","M","E","R","E"],"character_chosen":"DEFECT","items_purchased":[],"campfire_rested":0,"item_purchase_floors":[],"current_hp_per_floor":[64,64,64,64,64,64,64,62,62,62,24,17,17,17,17,17,58,51,51,71,58,48,24,24,0],"gold":64,"neow_bonus":"THREE_ENEMY_KILL","is_prod":false,"is_daily":false,"chose_seed":false,"campfire_upgraded":4,"win_rate":0,"timestamp":1564513232,"path_taken":["M","?","?","M","?","E","R","?","T","M","E","M","R","$","R","BOSS","M","$","?","M","M","E","R","E"],"build_version":"2019-07-17","purchased_purges":3,"victory":false,"max_hp_per_floor":[71,71,71,71,71,71,71,71,71,71,71,71,71,71,71,71,71,71,71,71,71,71,71,71,71],"card_choices":[{"not_picked":["Stack","Steam"],"picked":"Rebound","floor":1},{"not_picked":["Beam Cell","Turbo"],"picked":"Glacier","floor":4},{"not_picked":["Reprogram","Coolheaded"],"picked":"Fission","floor":6},{"not_picked":["Compile Driver","Steam"],"picked":"Sweeping Beam","floor":8},{"not_picked":["Sweeping Beam","Gash"],"picked":"Ball Lightning","floor":10},{"not_picked":["Hologram","Heatsinks"],"picked":"Buffer","floor":11},{"not_picked":["Heatsinks","Streamline"],"picked":"Go for the Eyes","floor":12},{"not_picked":["Hyperbeam","Core Surge"],"picked":"Creative AI","floor":16},{"not_picked":["Go for the Eyes","Leap"],"picked":"Sweeping Beam","floor":18},{"not_picked":["Hologram","Consume"],"picked":"Compile Driver","floor":21},{"not_picked":["Beam Cell","Streamline"],"picked":"Echo Form","floor":22},{"not_picked":["Undo","Recycle"],"picked":"Defragment","floor":23}],"player_experience":1594976,"relics_obtained":[{"floor":6,"key":"Darkstone Periapt"},{"floor":9,"key":"Cables"},{"floor":11,"key":"Bottled Flame"},{"floor":23,"key":"Sundial"}],"event_choices":[{"damage_healed":0,"gold_gain":0,"player_choice":"Bought 2 Potions","damage_taken":0,"max_hp_gain":0,"max_hp_loss":0,"event_name":"The Woman in Blue","floor":2,"gold_loss":0},{"cards_removed":["Rebound"],"damage_healed":0,"gold_gain":0,"player_choice":"Gave Card","damage_taken":0,"relics_obtained":["Pocketwatch"],"max_hp_gain":0,"max_hp_loss":0,"event_name":"WeMeetAgain","floor":5,"gold_loss":0},{"damage_healed":20,"gold_gain":0,"player_choice":"Full Heal","damage_taken":0,"max_hp_gain":0,"max_hp_loss":0,"event_name":"Wheel of Change","floor":20,"gold_loss":0}],"is_beta":false,"boss_relics":[{"not_picked":["Eternal Feather","Black Star"],"picked":"Coffee Dripper"}],"items_purged_floors":[3,14,19],"is_endless":false,"potions_floor_spawned":[6,12,23],"killed_by":"Slavers","ascension_level":15}