{"gold_per_floor":[114,61,72,72,89,117,117,144,144,174,99,129,29,9],"floor_reached":14,"playtime":316,"items_purged":["Strike_B","Strike_B"],"score":212,"play_id":"f16f6f0e-ebde-4c06-84ce-1269f8d95779","local_time":"20190604015129","is_ascension_mode":true,"campfire_choices":[{"data":"Zap","floor":7.0,"key":"SMITH"}],"neow_cost":"NONE","seed_source_timestamp":124124192122825,"circlet_count":0,"master_deck":["AscendersBane","Strike_B","Strike_B","Defend_B","Defend_B","Defend_B","Defend_B","Zap+1","Dualcast","Undo+1","Ball Lightning","Coolheaded","Turbo+1","Echo Form","Compile Driver","Self Repair"],"special_seed":0,"relics":["Cracked Core","NeowsBlessing","Art of War","Emotion Chip","Pantograph","Matryoshka","War Paint"],"potions_floor_usage":[],"damage_taken":[{"damage":0.0,"enemies":"Jaw Worm","floor":1.0,"turns":1.0},{"damage":0.0,"enemies":"Cultist","floor":3.0,"turns":1.0},{"damage":0.0,"enemies":"2 Louse","floor":5.0,"turns":1.0},{"damage":30.0,"enemies":"Gremlin Nob","floor":6.0,"turns":5.0},{"damage":20.0,"enemies":"3 Sentries","floor":8.0,"turns":8.0},{"damage":8.0,"enemies":"Gremlin Nob","floor":10.0,"turns":3.0},{"damage":1,"enemies":"Exordium Thugs","floor":14,"turns":2}],"seed_played":"8814744647037996311","potions_obtained":[{"floor":1.0,"key":"Ancient Potion"},{"floor":6.0,"key":"FocusPotion"},{"floor":8.0,"key":"Swift Potion"}],"is_trial":false,"path_per_floor":["M","$","M","?","M","E","R","E","T","E","$","?","$","M"],"character_chosen":"DEFECT","items_purchased":["Ball Lightning"],"campfire_rested":0,"item_purchase_floors":[2],"current_hp_per_floor":[64,64,64,64,64,34,34,14,14,6,6,6,6,5],"gold":9,"neow_bonus":"THREE_ENEMY_KILL","is_prod":false,"is_daily":false,"chose_seed":false,"campfire_upgraded":1,"win_rate":0,"timestamp":1559584289,"path_taken":["M","$","M","?","M","E","R","E","T","E","?","?","$","M"],"build_version":"2019-01-23","purchased_purges":2,"victory":false,"max_hp_per_floor":[71,71,71,71,71,71,71,71,71,71,71,71,71,71],"card_choices":[{"not_picked":["Gash","Stack"],"picked":"Undo","floor":1.0},{"not_picked":["Darkness","Gash"],"picked":"Coolheaded","floor":3.0},{"not_picked":["Gash","Coolheaded"],"picked":"Turbo","floor":5.0},{"not_picked":["Leap","Chaos"],"picked":"Echo Form","floor":6.0},{"not_picked":["Leap","Stack","Compile Driver"],"picked":"SKIP","floor":8.0},{"not_picked":["Leap","Stack"],"picked":"Compile Driver","floor":8.0},{"not_picked":["Coolheaded","Redo"],"picked":"Self Repair","floor":10.0}],"player_experience":1859462,"relics_obtained":[{"floor":4.0,"key":"Art of War"},{"floor":6.0,"key":"Emotion Chip"},{"floor":8.0,"key":"Pantograph"},{"floor":9.0,"key":"Matryoshka"},{"floor":10.0,"key":"War Paint"}],"event_choices":[{"damage_healed":0.0,"max_hp_gain":0.0,"max_hp_loss":0.0,"gold_gain":0.0,"event_name":"Wheel of Change","player_choice":"Relic","floor":4.0,"gold_loss":0.0,"damage_taken":0.0},{"damage_healed":0.0,"max_hp_gain":0.0,"max_hp_loss":0.0,"gold_gain":30.0,"event_name":"Dead Adventurer","player_choice":"Searched \u00272\u0027 times","floor":12.0,"gold_loss":0.0,"damage_taken":0.0}],"is_beta":false,"boss_relics":[],"items_purged_floors":[11,13],"is_endless":false,"potions_floor_spawned":[1,6,8],"killed_by":"Exordium Thugs","ascension_level":20}