{"gold_per_floor":[113,188,199,219,219,245,245,265,291,320,331,359,290,302,302,399,399,413,413,413,429,16,45,45,58,58,58,91,57,86,98,98,98],"floor_reached":33,"playtime":2024,"items_purged":["Doubt"],"score":494,"play_id":"de61d156-fa68-48ec-bf8b-19aca429887e","local_time":"20180723032841","is_ascension_mode":true,"campfire_choices":[{"data":"Footwork","floor":15,"key":"SMITH"},{"data":"Cloak And Dagger","floor":24,"key":"SMITH"},{"data":"Cloak And Dagger","floor":27,"key":"SMITH"},{"data":"Footwork","floor":32,"key":"SMITH"}],"neow_cost":"NONE","seed_source_timestamp":131071196349081,"circlet_count":0,"master_deck":["Defend_G","Defend_G","Defend_G","Defend_G","Defend_G","Strike_G","Strike_G","Strike_G","Strike_G","Strike_G","Survivor","Neutralize","Flying Knee","Infinite Blades","Quick Slash","Blade Dance","Footwork+1","Poisoned Stab","Crippling Poison","Glass Knife","Infinite Blades","Backflip","Cloak And Dagger+1","After Image","Regret","Decay","Prepared+1","Noxious Fumes","Catalyst+1","Adrenaline","Backflip","Cloak And Dagger+1","Backstab","Leg Sweep","PiercingWail","Footwork+1"],"relics":["WristBlade","Mummified Hand","Mercury Hourglass","FaceOfCleric","Snake Skull","Blood Vial","MawBank","Calling Bell","Juzu Bracelet","Kunai","Du-Vu Doll","Bronze Scales","Art of War","Dream Catcher","Bottled Flame","Ninja Scroll"],"potions_floor_usage":[6,10,16,16,21,30,30,33],"damage_taken":[{"damage":3,"enemies":"2 Louse","floor":1,"turns":4},{"damage":2,"enemies":"Small Slimes","floor":3,"turns":4},{"damage":0,"enemies":"Cultist","floor":4,"turns":4},{"damage":17,"enemies":"3 Sentries","floor":6,"turns":7},{"damage":9,"enemies":"Red Slaver","floor":8,"turns":4},{"damage":8,"enemies":"Gremlin Nob","floor":10,"turns":3},{"damage":1,"enemies":"Exordium Thugs","floor":11,"turns":3},{"damage":9,"enemies":"Lagavulin","floor":12,"turns":6},{"damage":0,"enemies":"Looter","floor":14,"turns":2},{"damage":3,"enemies":"The Guardian","floor":16,"turns":6},{"damage":4,"enemies":"Spheric Guardian","floor":18,"turns":3},{"damage":12,"enemies":"2 Thieves","floor":21,"turns":3},{"damage":27,"enemies":"Book of Stabbing","floor":23,"turns":5},{"damage":2,"enemies":"Centurion and Healer","floor":25,"turns":5},{"damage":0,"enemies":"Gremlin Leader","floor":28,"turns":5},{"damage":0,"enemies":"Slavers","floor":30,"turns":2},{"damage":7,"enemies":"Snake Plant","floor":31,"turns":3},{"damage":53,"enemies":"Collector","floor":33,"turns":7}],"seed_played":"-92820866345129199","potions_obtained":[{"floor":4,"key":"Explosive Potion"},{"floor":8,"key":"SkillPotion"},{"floor":11,"key":"Block Potion"},{"floor":12,"key":"SpeedPotion"},{"floor":14,"key":"PowerPotion"},{"floor":23,"key":"SkillPotion"},{"floor":25,"key":"SkillPotion"},{"floor":30,"key":"FearPotion"}],"is_trial":false,"path_per_floor":["M","?","M","M","T","E","?","M","T","E","M","E","$","M","R","B",null,"M","?","?","M","$","E","R","M","T","R","E","$","E","M","R"],"character_chosen":"THE_SILENT","items_purchased":["Infinite Blades","Backflip","Adrenaline","Backflip","Bronze Scales","Leg Sweep"],"campfire_rested":0,"item_purchase_floors":[13,13,22,22,22,29],"current_hp_per_floor":[67,56,54,54,54,37,37,29,29,22,24,18,18,21,21,21,62,61,61,61,52,52,28,28,29,29,29,32,32,35,31,31,0],"gold":98,"neow_bonus":"BOSS_RELIC","is_prod":false,"is_daily":false,"chose_seed":false,"campfire_upgraded":4,"win_rate":0,"timestamp":1532330921,"path_taken":["M","?","M","?","?","E","?","M","T","E","?","E","$","M","R","BOSS","M","?","?","M","$","E","R","M","T","R","E","$","E","M","R","BOSS"],"build_version":"2018-07-19v2","purchased_purges":1,"victory":false,"max_hp_per_floor":[70,70,70,70,70,70,70,71,71,72,73,74,74,75,75,76,76,77,77,77,78,78,79,79,80,80,80,81,81,82,83,83,83],"card_choices":[{"not_picked":["Catalyst","Underhanded Strike"],"picked":"Flying Knee","floor":1},{"not_picked":["Quick Slash","Skewer"],"picked":"Infinite Blades","floor":3},{"not_picked":["Acrobatics","Heel Hook"],"picked":"Quick Slash","floor":4},{"not_picked":["Dagger Spray","Expertise"],"picked":"Blade Dance","floor":6},{"not_picked":["Underhanded Strike","Backflip"],"picked":"Footwork","floor":8},{"not_picked":["Quick Slash","Endless Agony"],"picked":"Poisoned Stab","floor":10},{"not_picked":["Heel Hook","Sucker Punch"],"picked":"Crippling Poison","floor":11},{"not_picked":["Flying Knee","Dagger Spray"],"picked":"Glass Knife","floor":12},{"not_picked":["Sucker Punch","Setup"],"picked":"Cloak And Dagger","floor":14},{"not_picked":["Burst","Bullet Time"],"picked":"After Image","floor":16},{"not_picked":["Deadly Poison","Reflex"],"picked":"Prepared+1","floor":18},{"not_picked":["Reflex+1","Poisoned Stab+1"],"picked":"Catalyst+1","floor":21},{"not_picked":["Deflect+1","Glass Knife"],"picked":"Cloak And Dagger","floor":23},{"not_picked":["Cloak And Dagger","Flechettes"],"picked":"Backstab","floor":25},{"not_picked":["Phantasmal Killer","Deflect","Masterful Stab"],"picked":"SKIP","floor":28},{"not_picked":["Crippling Poison","Acrobatics+1"],"picked":"PiercingWail","floor":30},{"not_picked":["Heel Hook","Deflect"],"picked":"Footwork","floor":31}],"player_experience":259940,"relics_obtained":[{"floor":5,"key":"Mummified Hand"},{"floor":6,"key":"Mercury Hourglass"},{"floor":9,"key":"Snake Skull"},{"floor":10,"key":"Blood Vial"},{"floor":12,"key":"MawBank"},{"floor":17,"key":"Juzu Bracelet"},{"floor":17,"key":"Kunai"},{"floor":17,"key":"Du-Vu Doll"},{"floor":23,"key":"Art of War"},{"floor":26,"key":"Dream Catcher"},{"floor":28,"key":"Bottled Flame"},{"floor":30,"key":"Ninja Scroll"}],"event_choices":[{"event_name":"World of Goop","player_choice":"Gather Gold","floor":2,"damage_taken":0},{"event_name":"FaceTrader","player_choice":"Trade","floor":7,"damage_taken":0},{"event_name":"The Library","player_choice":"Read","floor":19,"damage_taken":0},{"event_name":"Drug Dealer","player_choice":"Ignored","floor":20,"damage_taken":0}],"is_beta":false,"boss_relics":[{"not_picked":["Empty Cage","Orrery"],"picked":"Calling Bell"}],"items_purged_floors":[22],"is_endless":false,"potions_floor_spawned":[4,8,11,12,14,23,25,30],"killed_by":"Collector","ascension_level":5}