{"gold_per_floor":[111,111,111,126,150,150,150,164,213,225,235,249,249,265,265,363,363,378,401,2,13,33,33,49,65,89,102,102,120,120,120],"floor_reached":31,"playtime":1965,"items_purged":[],"score":233,"play_id":"b6ef4e97-506a-4d40-a3d0-4f11f7a5a43e","local_time":"20190703055136","is_ascension_mode":false,"campfire_choices":[{"data":"Cleave","floor":6,"key":"SMITH"},{"data":"Fire Breathing","floor":15,"key":"SMITH"},{"floor":23,"key":"REST"},{"floor":28,"key":"REST"}],"neow_cost":"NONE","seed_source_timestamp":1135405680396200,"circlet_count":0,"master_deck":["Strike_R","Strike_R","Strike_R","Strike_R","Defend_R","Defend_R","Defend_R","Defend_R","Bash+1","Cleave+1","Spot Weakness","Whirlwind","Flex","Anger","Shrug It Off","Fire Breathing+1","Berserk","Armaments","Iron Wave","Cleave","Uppercut","Cleave+1","Flex","Anger+1","Heavy Blade"],"relics":["Burning Blood","NeowsBlessing","Bronze Scales","Blood Vial","White Beast Statue","Strawberry","Bag of Marbles","ClockworkSouvenir","Bag of Preparation"],"potions_floor_usage":[16,16,22,24,27,27,27,31],"damage_taken":[{"damage":0,"enemies":"Jaw Worm","floor":1,"turns":1},{"damage":0,"enemies":"2 Louse","floor":4,"turns":1},{"damage":0,"enemies":"Cultist","floor":8,"turns":1},{"damage":1,"enemies":"2 Fungi Beasts","floor":10,"turns":2},{"damage":13,"enemies":"Red Slaver","floor":11,"turns":3},{"damage":5,"enemies":"Gremlin Gang","floor":12,"turns":2},{"damage":14,"enemies":"Blue Slaver","floor":14,"turns":3},{"damage":34,"enemies":"Slime Boss","floor":16,"turns":8},{"damage":10,"enemies":"Chosen","floor":18,"turns":4},{"damage":27,"enemies":"Spheric Guardian","floor":21,"turns":4},{"damage":33,"enemies":"Shelled Parasite and Fungi","floor":22,"turns":5},{"damage":27,"enemies":"Sentry and Sphere","floor":24,"turns":4},{"damage":37,"enemies":"Centurion and Healer","floor":25,"turns":3},{"damage":12,"enemies":"Chosen and Byrds","floor":27,"turns":5},{"damage":32,"enemies":"Snake Plant","floor":29,"turns":3},{"damage":20,"enemies":"Centurion and Healer","floor":31,"turns":1}],"seed_played":"-2092744220632842994","potions_obtained":[{"floor":8,"key":"Strength Potion"},{"floor":11,"key":"Poison Potion"},{"floor":12,"key":"FearPotion"},{"floor":16,"key":"PowerPotion"},{"floor":18,"key":"Strength Potion"},{"floor":22,"key":"Dexterity Potion"},{"floor":24,"key":"GamblersBrew"},{"floor":27,"key":"Ancient Potion"},{"floor":29,"key":"Swift Potion"}],"is_trial":false,"path_per_floor":["M","?","?","M","T","R","?","M","T","M","M","M","?","M","R","B",null,"M","T","$","M","M","R","M","M","T","M","R","M","?","M"],"character_chosen":"IRONCLAD","items_purchased":["Iron Wave","Bag of Marbles","ClockworkSouvenir"],"campfire_rested":2,"item_purchase_floors":[20,20,20],"current_hp_per_floor":[80,80,80,80,80,80,80,80,80,80,73,76,76,70,70,44,80,76,83,83,64,39,65,46,17,17,13,39,15,15,0],"gold":120,"neow_bonus":"THREE_ENEMY_KILL","is_prod":false,"is_daily":false,"chose_seed":false,"campfire_upgraded":2,"win_rate":0.0,"timestamp":1562151096,"path_taken":["M","?","?","M","?","R","?","M","T","M","?","M","?","M","R","BOSS","M","?","$","M","M","R","M","?","T","M","R","M","?","M"],"build_version":"2019-07-01","purchased_purges":0,"victory":false,"max_hp_per_floor":[80,80,80,80,80,80,80,80,80,80,80,80,80,80,80,80,80,80,87,87,87,87,87,87,87,87,87,87,87,87,87],"card_choices":[{"not_picked":["Pommel Strike","Headbutt"],"picked":"Cleave","floor":1},{"not_picked":["Perfected Strike","Heavy Blade"],"picked":"Spot Weakness","floor":4},{"not_picked":["Iron Wave","Shockwave"],"picked":"Whirlwind","floor":8},{"not_picked":["Pummel","Hemokinesis"],"picked":"Flex","floor":10},{"not_picked":["Perfected Strike","Shockwave"],"picked":"Anger","floor":11},{"not_picked":["Rupture","Disarm"],"picked":"Shrug It Off","floor":12},{"not_picked":["Shrug It Off","Demon Form"],"picked":"Fire Breathing","floor":14},{"not_picked":["Barricade","Offering"],"picked":"Berserk","floor":16},{"not_picked":["Sword Boomerang","Pommel Strike+1"],"picked":"Armaments","floor":18},{"not_picked":["Rupture","Metallicize"],"picked":"Cleave","floor":21},{"not_picked":["Disarm+1","Clash"],"picked":"Uppercut","floor":22},{"not_picked":["Clothesline","Warcry+1"],"picked":"Cleave+1","floor":24},{"not_picked":["Warcry","Corruption"],"picked":"Flex","floor":25},{"not_picked":["Bloodletting","Inflame"],"picked":"Anger+1","floor":27},{"not_picked":["Thunderclap","Twin Strike+1"],"picked":"Heavy Blade","floor":29}],"player_experience":7613,"relics_obtained":[{"floor":5,"key":"Bronze Scales"},{"floor":9,"key":"Blood Vial"},{"floor":19,"key":"Strawberry"},{"floor":26,"key":"Bag of Preparation"}],"event_choices":[{"damage_healed":0,"gold_gain":0,"player_choice":"Ignored","damage_taken":0,"max_hp_gain":0,"max_hp_loss":0,"event_name":"Golden Wing","floor":2,"gold_loss":0},{"damage_healed":0,"gold_gain":0,"player_choice":"Ignored","damage_taken":0,"max_hp_gain":0,"max_hp_loss":0,"event_name":"Shining Light","floor":3,"gold_loss":0},{"damage_healed":0,"gold_gain":0,"player_choice":"Forge","damage_taken":0,"max_hp_gain":0,"max_hp_loss":0,"event_name":"Accursed Blacksmith","floor":7,"gold_loss":0,"cards_upgraded":["Bash"]},{"damage_healed":0,"gold_gain":0,"player_choice":"Bought 0 Potions","damage_taken":0,"max_hp_gain":0,"max_hp_loss":0,"event_name":"The Woman in Blue","floor":13,"gold_loss":0},{"cards_removed":["Strike_R"],"damage_healed":0,"gold_gain":0,"player_choice":"Purged","damage_taken":0,"max_hp_gain":0,"max_hp_loss":0,"event_name":"Purifier","floor":30,"gold_loss":0}],"is_beta":false,"boss_relics":[{"not_picked":["Cursed Key","Snecko Eye"],"picked":"White Beast Statue"}],"items_purged_floors":[],"is_endless":false,"potions_floor_spawned":[8,11,12,16,18,21,22,24,25,27,29],"killed_by":"Centurion and Healer","ascension_level":0}