{"gold_per_floor":[114,114,125,21,21,21,75,106,194,171,208,220,232,273,285,401,413,437,253,253,253,265,290,290,321,348,348,364,364,279,310,310,408,408,428,237,251,251,267,267,280,280,280,315,70,70,100,116,116,116],"floor_reached":51,"playtime":5073,"items_purged":["Blade Dance"],"score":1325,"play_id":"058777b8-f220-447d-9189-2caa2ed3ccd4","local_time":"20190806005933","is_ascension_mode":true,"campfire_choices":[{"floor":6.0,"key":"REST"},{"data":"Burst","floor":13.0,"key":"SMITH"},{"floor":15.0,"key":"REST"},{"floor":24.0,"key":"REST"},{"floor":27.0,"key":"REST"},{"floor":29.0,"key":"REST"},{"floor":32.0,"key":"DIG"},{"floor":40.0,"key":"REST"},{"data":"A Thousand Cuts","floor":42.0,"key":"SMITH"},{"floor":46.0,"key":"DIG"},{"data":"Burst","floor":49.0,"key":"SMITH"}],"neow_cost":"NONE","seed_source_timestamp":0,"circlet_count":0,"master_deck":["AscendersBane","Survivor","Neutralize+1","Bouncing Flask+1","Calculated Gamble","Deadly Poison","Burst+1","Setup+1","Deflect","Finisher+1","Malaise","Terror","Cloak And Dagger","PiercingWail","Catalyst","Infinite Blades","Escape Plan","Burst+1","Blade Dance","Infinite Blades+1","Bane+1","Escape Plan","A Thousand Cuts+1","Envenom","Crippling Poison","Infinite Blades","Cloak And Dagger","Cloak And Dagger+1","Bane+1"],"special_seed":0,"relics":["Pandora\u0027s Box","Ancient Tea Set","MawBank","Ornamental Fan","Gambling Chip","Centennial Puzzle","Black Star","TwistedFunnel","Art of War","Letter Opener","PreservedInsect","Gremlin Horn","Smiling Mask","Shovel","Strawberry","Anchor","Snake Skull","WristBlade","Whetstone","FaceOfCleric","Dream Catcher","Juzu Bracelet","Dead Branch","Vajra","Thread and Needle","Mercury Hourglass","Orichalcum"],"potions_floor_usage":[50,50],"damage_taken":[{"damage":9.0,"enemies":"Jaw Worm","floor":1.0,"turns":4.0},{"damage":2.0,"enemies":"2 Louse","floor":3.0,"turns":3.0},{"damage":0.0,"enemies":"Gremlin Nob","floor":8.0,"turns":2.0},{"damage":40.0,"enemies":"3 Sentries","floor":11.0,"turns":7.0},{"damage":23.0,"enemies":"Gremlin Nob","floor":14.0,"turns":4.0},{"damage":0.0,"enemies":"Slime Boss","floor":16.0,"turns":7.0},{"damage":0.0,"enemies":"Chosen","floor":18.0,"turns":2.0},{"damage":0.0,"enemies":"Spheric Guardian","floor":22.0,"turns":3.0},{"damage":32.0,"enemies":"Gremlin Leader","floor":23.0,"turns":8.0},{"damage":26.0,"enemies":"Slavers","floor":25.0,"turns":4.0},{"damage":0.0,"enemies":"Cultist and Chosen","floor":28.0,"turns":3.0},{"damage":14.0,"enemies":"Book of Stabbing","floor":31.0,"turns":4.0},{"damage":48.0,"enemies":"Champ","floor":33.0,"turns":9.0},{"damage":0.0,"enemies":"Orb Walker","floor":35.0,"turns":3.0},{"damage":21.0,"enemies":"3 Darklings","floor":37.0,"turns":4.0},{"damage":16.0,"enemies":"Writhing Mass","floor":39.0,"turns":7.0},{"damage":0.0,"enemies":"4 Shapes","floor":41.0,"turns":3.0},{"damage":0.0,"enemies":"Giant Head","floor":44.0,"turns":5.0},{"damage":5.0,"enemies":"Nemesis","floor":47.0,"turns":5.0},{"damage":1.0,"enemies":"Jaw Worm Horde","floor":48.0,"turns":3.0},{"damage":38,"enemies":"Time Eater","floor":50,"turns":8}],"seed_played":"6940545055487507532","potions_obtained":[{"floor":3.0,"key":"AttackPotion"},{"floor":8.0,"key":"Energy Potion"},{"floor":16.0,"key":"Ancient Potion"},{"floor":22.0,"key":"Fire Potion"},{"floor":31.0,"key":"Block Potion"},{"floor":33.0,"key":"Ancient Potion"},{"floor":35.0,"key":"Regen Potion"},{"floor":41.0,"key":"GhostInAJar"}],"is_trial":false,"path_per_floor":["M","?","M","$","?","R","T","E","T","?","E","?","R","E","R","B",null,"M","$","?","?","M","E","R","E","T","R","M","R","?","E","R","B",null,"M","$","M","?","M","R","M","R","T","E","$","R","E","M","R","B",null],"character_chosen":"THE_SILENT","items_purchased":["Blade Dance","Fire Potion","TwistedFunnel","Whetstone","Infinite Blades","Vajra","Energy Potion"],"campfire_rested":6,"item_purchase_floors":[4,4,19,36,36,45,45],"current_hp_per_floor":[54,40,38,38,31,52,52,52,52,69,29,52,52,29,50,50,65,65,65,65,65,65,33,54,28,28,49,49,70,70,63,63,15,62,62,62,50,50,35,58,59,59,59,60,60,60,56,56,56,19],"gold":116,"neow_bonus":"BOSS_RELIC","is_prod":false,"is_daily":false,"chose_seed":false,"campfire_upgraded":3,"win_rate":0,"timestamp":1565067573,"path_taken":["M","?","M","$","?","R","?","E","T","?","E","?","R","E","R","BOSS","M","$","?","?","M","E","R","E","T","R","M","R","?","E","R","BOSS","M","$","M","?","M","R","?","R","T","E","$","R","E","M","R","BOSS"],"build_version":"2019-07-17","purchased_purges":1,"victory":true,"max_hp_per_floor":[70,70,70,70,70,70,70,70,70,70,70,70,70,70,70,70,70,70,70,70,70,70,70,70,70,70,70,70,70,70,77,77,77,77,77,77,77,77,78,78,79,79,79,80,80,80,81,82,82,83],"card_choices":[{"not_picked":["PiercingWail","Prepared"],"picked":"Cloak And Dagger","floor":1.0},{"not_picked":["Acrobatics","Accuracy"],"picked":"PiercingWail","floor":3.0},{"not_picked":["Dagger Spray","Bane"],"picked":"Catalyst","floor":8.0},{"not_picked":["Underhanded Strike","Tactician"],"picked":"Infinite Blades","floor":11.0},{"not_picked":["Predator","Concentrate"],"picked":"Escape Plan","floor":14.0},{"not_picked":["Grand Finale","Die Die Die"],"picked":"Burst","floor":16.0},{"not_picked":["Heel Hook+1","Dodge and Roll"],"picked":"Blade Dance","floor":18.0},{"not_picked":["Setup","Dagger Spray"],"picked":"Infinite Blades+1","floor":22.0},{"not_picked":["Finisher+1","Flying Knee"],"picked":"Bane+1","floor":23.0},{"not_picked":["Poisoned Stab","Dagger Throw+1","Underhanded Strike"],"picked":"SKIP","floor":25.0},{"not_picked":["Unload","Dagger Spray+1"],"picked":"Escape Plan","floor":28.0},{"not_picked":["Finisher","PiercingWail"],"picked":"A Thousand Cuts","floor":31.0},{"not_picked":["Malaise","Doppelganger"],"picked":"Envenom","floor":33.0},{"not_picked":["Dagger Spray+1","Sucker Punch"],"picked":"Crippling Poison","floor":35.0},{"not_picked":["Flying Knee","Deadly Poison+1"],"picked":"Cloak And Dagger","floor":37.0},{"not_picked":["Prepared","Dagger Spray"],"picked":"Cloak And Dagger+1","floor":39.0},{"not_picked":["Sucker Punch+1","Slice","Expertise"],"picked":"SKIP","floor":41.0},{"not_picked":["Underhanded Strike","Endless Agony+1","Quick Slash"],"picked":"SKIP","floor":44.0},{"not_picked":["Flechettes+1","Venomology","Dagger Spray+1"],"picked":"SKIP","floor":47.0},{"not_picked":["Blade Dance","Heel Hook+1"],"picked":"Bane+1","floor":48.0}],"player_experience":135133,"relics_obtained":[{"floor":7.0,"key":"Ancient Tea Set"},{"floor":8.0,"key":"MawBank"},{"floor":9.0,"key":"Ornamental Fan"},{"floor":11.0,"key":"Gambling Chip"},{"floor":14.0,"key":"Centennial Puzzle"},{"floor":23.0,"key":"Art of War"},{"floor":23.0,"key":"Letter Opener"},{"floor":25.0,"key":"PreservedInsect"},{"floor":25.0,"key":"Gremlin Horn"},{"floor":26.0,"key":"Smiling Mask"},{"floor":31.0,"key":"Strawberry"},{"floor":31.0,"key":"Anchor"},{"floor":32.0,"key":"Snake Skull"},{"floor":43.0,"key":"Dream Catcher"},{"floor":44.0,"key":"Juzu Bracelet"},{"floor":44.0,"key":"Dead Branch"},{"floor":46.0,"key":"Thread and Needle"},{"floor":47.0,"key":"Mercury Hourglass"},{"floor":47.0,"key":"Orichalcum"}],"event_choices":[{"damage_healed":0.0,"max_hp_gain":0.0,"max_hp_loss":0.0,"gold_gain":0.0,"event_name":"Shining Light","player_choice":"Entered Light","floor":2.0,"gold_loss":0.0,"damage_taken":14.0,"cards_upgraded":["Setup","Bouncing Flask"]},{"cards_removed":["Reflex"],"damage_healed":0.0,"max_hp_gain":0.0,"max_hp_loss":0.0,"gold_gain":0.0,"event_name":"Golden Wing","player_choice":"Card Removal","floor":5.0,"gold_loss":0.0,"damage_taken":7.0},{"damage_healed":17.0,"max_hp_gain":0.0,"max_hp_loss":0.0,"gold_gain":0.0,"event_name":"The Cleric","player_choice":"Healed","floor":10.0,"gold_loss":35.0,"damage_taken":0.0},{"damage_healed":23.0,"max_hp_gain":0.0,"max_hp_loss":0.0,"gold_gain":0.0,"event_name":"Big Fish","player_choice":"Banana","floor":12.0,"gold_loss":0.0,"damage_taken":0.0},{"damage_healed":0.0,"max_hp_gain":0.0,"max_hp_loss":0.0,"gold_gain":0.0,"event_name":"Vampires","player_choice":"Ignored","floor":20.0,"gold_loss":0.0,"damage_taken":0.0},{"damage_healed":0.0,"max_hp_gain":0.0,"max_hp_loss":0.0,"gold_gain":0.0,"event_name":"Beggar","player_choice":"Ignored","floor":21.0,"gold_loss":0.0,"damage_taken":0.0},{"damage_healed":0.0,"max_hp_gain":0.0,"max_hp_loss":0.0,"gold_gain":0.0,"event_name":"Addict","player_choice":"Obtained Relic","floor":30.0,"gold_loss":85.0,"damage_taken":0.0,"relics_obtained":["Shovel"]},{"damage_healed":0.0,"max_hp_gain":0.0,"max_hp_loss":0.0,"gold_gain":0.0,"event_name":"FaceTrader","player_choice":"Trade","floor":38.0,"gold_loss":0.0,"damage_taken":0.0,"relics_obtained":["FaceOfCleric"]}],"is_beta":false,"boss_relics":[{"not_picked":["Ectoplasm","Coffee Dripper"],"picked":"Black Star"},{"not_picked":["Lizard Tail","Sozu"],"picked":"WristBlade"}],"items_purged_floors":[45],"is_endless":false,"potions_floor_spawned":[3,8,16,22,31,33,35,41],"ascension_level":10}