{"gold_per_floor":[15,35,35,35,35,55,73,87,87,87,87,87,123,142,142,261,261,284,383,383,402,422,422,442,442,442,442,442,465,465],"floor_reached":30,"playtime":3208,"items_purged":[],"score":302,"play_id":"114c5fbb-4d42-4c14-9021-9fa34e64dc6a","local_time":"20190522103033","is_ascension_mode":true,"campfire_choices":[{"data":"Juggernaut","floor":10,"key":"SMITH"},{"floor":12,"key":"REST"},{"data":"Body Slam","floor":15,"key":"SMITH"},{"data":"Body Slam","floor":23,"key":"SMITH"},{"floor":25,"key":"REST"},{"data":"Infernal Blade","floor":27,"key":"SMITH"}],"neow_cost":"NO_GOLD","seed_source_timestamp":42774643688864,"circlet_count":0,"master_deck":["Strike_R","Strike_R","Defend_R","Defend_R+1","Defend_R+1","Defend_R","Bash","Juggernaut+1","Infernal Blade+1","Ghostly Armor","Rage","Rampage","Body Slam+1","Inflame","Double Tap","Seeing Red","Exhume","Shrug It Off","Body Slam+1","Reaper"],"relics":["Burning Blood","Shuriken","Golden Idol","Ornamental Fan","War Paint","Sundial","Empty Cage","Mummified Hand"],"potions_floor_usage":[13,14,16,16,18],"damage_taken":[{"damage":6,"enemies":"Small Slimes","floor":1,"turns":3},{"damage":15,"enemies":"Jaw Worm","floor":2,"turns":5},{"damage":0,"enemies":"2 Louse","floor":6,"turns":2},{"damage":15,"enemies":"2 Fungi Beasts","floor":7,"turns":4},{"damage":8,"enemies":"Blue Slaver","floor":8,"turns":4},{"damage":5,"enemies":"Gremlin Nob","floor":13,"turns":3},{"damage":12,"enemies":"Gremlin Gang","floor":14,"turns":5},{"damage":24,"enemies":"Hexaghost","floor":16,"turns":8},{"damage":5,"enemies":"Shell Parasite","floor":18,"turns":4},{"damage":17,"enemies":"Spheric Guardian","floor":21,"turns":5},{"damage":31,"enemies":"Cultist and Chosen","floor":22,"turns":8},{"damage":31,"enemies":"Shelled Parasite and Fungi","floor":24,"turns":4},{"damage":22,"enemies":"Centurion and Healer","floor":29,"turns":6},{"damage":28,"enemies":"Snake Plant","floor":30,"turns":2}],"seed_played":"-3802329767900120374","potions_obtained":[{"floor":1,"key":"GamblersBrew"},{"floor":7,"key":"Fire Potion"},{"floor":13,"key":"Poison Potion"},{"floor":14,"key":"GamblersBrew"},{"floor":16,"key":"Weak Potion"},{"floor":21,"key":"Dexterity Potion"},{"floor":29,"key":"FearPotion"}],"is_trial":false,"path_per_floor":["M","M","?","?","?","M","M","M","T","R","T","R","E","M","R","B",null,"M","?","?","M","M","R","M","R","T","R","?","M","M"],"character_chosen":"IRONCLAD","items_purchased":[],"campfire_rested":2,"item_purchase_floors":[],"current_hp_per_floor":[72,63,56,53,53,59,50,48,48,48,48,70,71,65,65,47,67,68,68,68,57,32,32,7,29,29,29,29,21,0],"gold":465,"neow_bonus":"THREE_RARE_CARDS","is_prod":false,"is_daily":false,"chose_seed":false,"campfire_upgraded":4,"win_rate":0,"timestamp":1558535433,"path_taken":["M","M","?","?","?","M","M","M","T","R","?","R","E","M","R","BOSS","M","?","?","M","?","R","M","R","T","R","?","M","M"],"build_version":"2019-01-23","purchased_purges":0,"victory":false,"max_hp_per_floor":[80,80,80,80,74,74,74,74,74,74,74,74,74,74,74,74,74,74,74,74,74,74,74,74,74,74,74,74,74,74],"card_choices":[{"not_picked":["Fiend Fire","Limit Break"],"picked":"Juggernaut","floor":0},{"not_picked":["Fire Breathing","Havoc","Anger"],"picked":"SKIP","floor":1},{"not_picked":["Sword Boomerang","True Grit"],"picked":"Infernal Blade","floor":2},{"not_picked":["Armaments","Warcry"],"picked":"Ghostly Armor","floor":6},{"not_picked":["Armaments","Second Wind"],"picked":"Rage","floor":7},{"not_picked":["Sentinel","Pommel Strike"],"picked":"Rampage","floor":8},{"not_picked":["Clothesline","Havoc"],"picked":"Body Slam","floor":13},{"not_picked":["Sword Boomerang","Evolve"],"picked":"Inflame","floor":14},{"not_picked":["Impervious","Offering"],"picked":"Double Tap","floor":16},{"not_picked":["Clash+1","True Grit"],"picked":"Seeing Red","floor":18},{"not_picked":["Warcry","Rampage"],"picked":"Shrug It Off","floor":21},{"not_picked":["Hemokinesis","Blood for Blood+1"],"picked":"Body Slam","floor":22},{"not_picked":["Rupture+1","Clash"],"picked":"Reaper","floor":24},{"not_picked":["Clash","Rampage","Headbutt"],"picked":"SKIP","floor":29}],"player_experience":1018406,"relics_obtained":[{"floor":9,"key":"Ornamental Fan"},{"floor":11,"key":"War Paint"},{"floor":13,"key":"Sundial"},{"floor":26,"key":"Mummified Hand"}],"event_choices":[{"cards_removed":["Strike_R"],"damage_healed":0,"gold_gain":0,"player_choice":"Card Removal","damage_taken":7,"max_hp_gain":0,"max_hp_loss":0,"event_name":"Golden Wing","floor":3,"gold_loss":0},{"damage_healed":0,"gold_gain":0,"player_choice":"Success","damage_taken":3,"relics_obtained":["Shuriken"],"max_hp_gain":0,"max_hp_loss":0,"event_name":"Scrap Ooze","floor":4,"gold_loss":0},{"damage_healed":0,"gold_gain":0,"player_choice":"Lose Max HP","damage_taken":0,"relics_obtained":["Golden Idol"],"max_hp_gain":0,"max_hp_loss":6,"event_name":"Golden Idol","floor":5,"gold_loss":0},{"damage_healed":0,"gold_gain":99,"player_choice":"Stole From Cult","damage_taken":0,"max_hp_gain":0,"max_hp_loss":0,"event_name":"Nest","floor":19,"gold_loss":0},{"damage_healed":0,"gold_gain":0,"player_choice":"1 cards matched","damage_taken":0,"max_hp_gain":0,"max_hp_loss":0,"event_name":"Match and Keep!","floor":20,"gold_loss":0,"cards_obtained":["Exhume"]},{"damage_healed":0,"gold_gain":0,"player_choice":"Ignored","damage_taken":0,"max_hp_gain":0,"max_hp_loss":0,"event_name":"Cursed Tome","floor":28,"gold_loss":0}],"is_beta":false,"boss_relics":[{"not_picked":["Runic Cube","Runic Dome"],"picked":"Empty Cage"}],"items_purged_floors":[],"is_endless":false,"potions_floor_spawned":[1,7,13,14,16,21,29],"killed_by":"Snake Plant","ascension_level":6}