{"gold_per_floor":[110,127,127,127,147,147,147,159,171,64,93,104,125,145,145,217,217,230,230,186,204,224,224,149,167,167,167,184,209,19,19,19,95,95,108,108,122,122,122,157,32,32,32,42,52,86,105,120,120,120,120,120,120,13,45,45],"floor_reached":57,"playtime":4698,"items_purged":["Strike_G","Strike_G+1","Defend_G","Defend_G"],"score":2993,"play_id":"1211b927-c962-476c-b579-2112149a770f","local_time":"20190607181937","is_ascension_mode":true,"campfire_choices":[{"data":"Neutralize","floor":6.0,"key":"SMITH"},{"floor":15.0,"key":"REST"},{"data":"Tactician","floor":23.0,"key":"SMITH"},{"data":"A Thousand Cuts","floor":27.0,"key":"SMITH"},{"data":"Acrobatics","floor":32.0,"key":"SMITH"},{"floor":49,"key":"RECALL"},{"floor":53,"key":"REST"}],"neow_cost":"NONE","seed_source_timestamp":438235709206771,"circlet_count":0,"master_deck":["AscendersBane","Defend_G","Defend_G","Survivor+1","Neutralize+1","Endless Agony+1","After Image","Footwork","Tactician+1","Malaise","Acrobatics+1","Acrobatics+1","A Thousand Cuts+1","Bullet Time","Well Laid Plans","Well Laid Plans"],"special_seed":0,"relics":["Ring of the Snake","NeowsBlessing","WarpedTongs","MawBank","Dodecahedron","Bag of Preparation","Odd Mushroom","Busted Crown","Bronze Scales","Ice Cream","Gambling Chip","Orrery","Dream Catcher","Sundial","Smiling Mask","Whetstone"],"potions_floor_usage":[56,56],"damage_taken":[{"damage":0.0,"enemies":"2 Louse","floor":1.0,"turns":1.0},{"damage":0.0,"enemies":"Cultist","floor":2.0,"turns":1.0},{"damage":0.0,"enemies":"Jaw Worm","floor":5.0,"turns":1.0},{"damage":22.0,"enemies":"3 Sentries","floor":11.0,"turns":15.0},{"damage":4.0,"enemies":"3 Louse","floor":12.0,"turns":3.0},{"damage":21.0,"enemies":"The Mushroom Lair","floor":13.0,"turns":8.0},{"damage":0.0,"enemies":"Red Slaver","floor":14.0,"turns":5.0},{"damage":11.0,"enemies":"The Guardian","floor":16.0,"turns":26.0},{"damage":12.0,"enemies":"Spheric Guardian","floor":18.0,"turns":10.0},{"damage":0.0,"enemies":"2 Thieves","floor":20.0,"turns":5.0},{"damage":6.0,"enemies":"Snake Plant","floor":21.0,"turns":11.0},{"damage":2.0,"enemies":"Shelled Parasite and Fungi","floor":22.0,"turns":10.0},{"damage":5.0,"enemies":"Chosen and Byrds","floor":25.0,"turns":13.0},{"damage":0.0,"enemies":"Centurion and Healer","floor":28.0,"turns":7.0},{"damage":2.0,"enemies":"Book of Stabbing","floor":29.0,"turns":6.0},{"damage":0.0,"enemies":"Champ","floor":33.0,"turns":3.0},{"damage":4.0,"enemies":"3 Darklings","floor":35.0,"turns":4.0},{"damage":0.0,"enemies":"Orb Walker","floor":37.0,"turns":4.0},{"damage":0.0,"enemies":"Giant Head","floor":40.0,"turns":3.0},{"damage":0,"enemies":"Sphere and 2 Shapes","floor":44,"turns":3},{"damage":0,"enemies":"Spire Growth","floor":45,"turns":2},{"damage":0,"enemies":"Reptomancer","floor":46,"turns":3},{"damage":0,"enemies":"Maw","floor":47,"turns":6},{"damage":0,"enemies":"Sphere and 2 Shapes","floor":48,"turns":1},{"damage":0,"enemies":"Awakened One","floor":50,"turns":5},{"damage":3,"enemies":"Time Eater","floor":51,"turns":16},{"damage":0,"enemies":"Shield and Spear","floor":55,"turns":2},{"damage":16,"enemies":"The Heart","floor":56,"turns":7}],"seed_played":"-6261491710386038724","potions_obtained":[{"floor":12.0,"key":"Regen Potion"},{"floor":14.0,"key":"SkillPotion"},{"floor":16.0,"key":"GamblersBrew"},{"floor":25.0,"key":"Explosive Potion"},{"floor":28.0,"key":"SpeedPotion"},{"floor":44,"key":"Ancient Potion"}],"is_trial":false,"path_per_floor":["M","M","?","?","M","R","?","?","T","$","E","M","?","M","R","B",null,"M","?","M","M","M","R","?","M","T","R","M","E","$","T","R","B",null,"M","$","M","$","?","E","$","T","T","M","M","E","M","M","R","B","B",null,"R","$","E","B",null],"character_chosen":"THE_SILENT","items_purchased":["Footwork","Well Laid Plans","AttackPotion"],"campfire_rested":2,"item_purchase_floors":[10,30,54],"current_hp_per_floor":[59,59,39,39,39,39,39,39,39,39,17,13,7,7,26,15,53,41,41,41,35,33,33,33,28,28,28,28,26,26,26,26,26,56,52,52,52,52,52,52,52,52,52,52,52,52,52,52,52,52,49,62,66,66,66,50],"gold":45,"neow_bonus":"THREE_ENEMY_KILL","is_prod":false,"is_daily":false,"chose_seed":false,"campfire_upgraded":4,"win_rate":0,"timestamp":1559902777,"path_taken":["M","M","?","?","?","R","?","?","T","$","E","?","?","M","R","BOSS","M","?","M","M","?","R","?","M","T","R","?","E","$","?","R","BOSS","M","$","M","$","?","E","$","?","T","M","?","E","M","M","R","BOSS","BOSS","R","$","E","BOSS"],"build_version":"2019-01-23","purchased_purges":4,"victory":true,"max_hp_per_floor":[66,66,66,66,66,66,66,66,66,66,66,66,66,66,66,66,66,66,66,66,66,66,66,66,66,66,66,66,66,66,66,66,66,66,66,66,66,66,66,66,66,66,66,66,66,66,66,66,66,66,66,66,66,66,66,66],"card_choices":[{"not_picked":["Dagger Throw","Backflip","Slice"],"picked":"SKIP","floor":1.0},{"not_picked":["Cloak And Dagger","Distraction"],"picked":"Endless Agony","floor":2.0},{"not_picked":["Cloak And Dagger","Underhanded Strike"],"picked":"After Image","floor":5.0},{"not_picked":["Skewer","Dagger Throw","Prepared"],"picked":"SKIP","floor":11.0},{"not_picked":["Dodge and Roll","Infinite Blades","Quick Slash"],"picked":"SKIP","floor":12.0},{"not_picked":["Dagger Throw","Underhanded Strike"],"picked":"Tactician","floor":14.0},{"not_picked":["Storm of Steel","Envenom"],"picked":"Malaise","floor":16.0},{"not_picked":["Riddle With Holes"],"picked":"SKIP","floor":18.0},{"not_picked":[],"picked":"Acrobatics","floor":20.0},{"not_picked":[],"picked":"Acrobatics+1","floor":21.0},{"not_picked":["PiercingWail"],"picked":"SKIP","floor":22.0},{"not_picked":["Dodge and Roll"],"picked":"SKIP","floor":25.0},{"not_picked":["Heel Hook+1"],"picked":"SKIP","floor":28.0},{"not_picked":["Heel Hook"],"picked":"SKIP","floor":29.0},{"not_picked":["Expertise"],"picked":"SKIP","floor":35.0},{"not_picked":["Deflect"],"picked":"SKIP","floor":37.0},{"not_picked":["Cloak And Dagger"],"picked":"SKIP","floor":40.0},{"not_picked":["Quick Slash"],"picked":"SKIP","floor":44},{"not_picked":["Blur"],"picked":"SKIP","floor":45},{"not_picked":["Poisoned Stab"],"picked":"SKIP","floor":46},{"not_picked":["Acrobatics"],"picked":"SKIP","floor":47},{"not_picked":["Dagger Spray"],"picked":"SKIP","floor":48},{"not_picked":[],"picked":"Well Laid Plans","floor":55}],"player_experience":1899104,"relics_obtained":[{"floor":9.0,"key":"Dodecahedron"},{"floor":11.0,"key":"Bag of Preparation"},{"floor":13.0,"key":"Odd Mushroom"},{"floor":26.0,"key":"Bronze Scales"},{"floor":29.0,"key":"Ice Cream"},{"floor":31.0,"key":"Gambling Chip"},{"floor":40.0,"key":"Dream Catcher"},{"floor":42,"key":"Sundial"},{"floor":46,"key":"Smiling Mask"},{"floor":55,"key":"Whetstone"}],"event_choices":[{"damage_healed":0.0,"max_hp_gain":0.0,"max_hp_loss":0.0,"gold_gain":0.0,"event_name":"Shining Light","player_choice":"Entered Light","floor":3.0,"gold_loss":0.0,"damage_taken":20.0,"cards_upgraded":["Survivor","Strike_G"]},{"damage_healed":0.0,"max_hp_gain":0.0,"max_hp_loss":0.0,"gold_gain":0.0,"event_name":"Accursed Blacksmith","player_choice":"Rummage","floor":4.0,"gold_loss":0.0,"damage_taken":0.0,"relics_obtained":["WarpedTongs"],"cards_obtained":["Pain"]},{"damage_healed":0.0,"max_hp_gain":0.0,"max_hp_loss":0.0,"gold_gain":0.0,"event_name":"Dead Adventurer","player_choice":"Searched \u00271\u0027 times","floor":7.0,"gold_loss":0.0,"damage_taken":0.0,"relics_obtained":["MawBank"]},{"cards_removed":["Pain"],"damage_healed":0.0,"max_hp_gain":0.0,"max_hp_loss":0.0,"gold_gain":0.0,"event_name":"Purifier","player_choice":"Purged","floor":8.0,"gold_loss":0.0,"damage_taken":0.0},{"damage_healed":0.0,"max_hp_gain":0.0,"max_hp_loss":0.0,"gold_gain":0.0,"event_name":"Mushrooms","player_choice":"Fought Mushrooms","floor":13.0,"gold_loss":0.0,"damage_taken":0.0},{"cards_removed":["Strike_G"],"damage_healed":0.0,"max_hp_gain":0.0,"max_hp_loss":0.0,"gold_gain":0.0,"event_name":"Bonfire Elementals","player_choice":"Offered Basic","floor":19.0,"gold_loss":0.0,"damage_taken":0.0},{"damage_healed":0.0,"max_hp_gain":0.0,"max_hp_loss":0.0,"gold_gain":0.0,"cards_transformed":["Strike_G","Strike_G"],"event_name":"Designer","player_choice":"Transformed Cards","floor":24.0,"gold_loss":75.0,"damage_taken":0.0,"cards_obtained":["A Thousand Cuts","Bullet Time"]},{"cards_removed":["Defend_G"],"damage_healed":0.0,"max_hp_gain":0.0,"max_hp_loss":0.0,"gold_gain":0.0,"event_name":"Falling","player_choice":"Removed Skill","floor":39.0,"gold_loss":0.0,"damage_taken":0.0}],"is_beta":false,"boss_relics":[{"not_picked":["Velvet Choker","WristBlade"],"picked":"Busted Crown"},{"not_picked":["Fusion Hammer","HoveringKite"],"picked":"Orrery"}],"items_purged_floors":[10,30,41,54],"is_endless":false,"potions_floor_spawned":[12,14,16,25,28,29,44,45,47],"ascension_level":20}