{"gold_per_floor":[111,23,98,98,115,115,147,147,223,249,36,52,52,52],"floor_reached":14,"playtime":174,"items_purged":["Strike_B"],"score":242,"play_id":"8dc43fcc-cfc5-4ae4-bdac-3d4dfe016732","local_time":"20190719153855","is_ascension_mode":true,"campfire_choices":[{"data":"Defragment","floor":6,"key":"SMITH"},{"data":"Zap","floor":8,"key":"SMITH"}],"neow_cost":"NONE","seed_source_timestamp":79016494336008,"circlet_count":0,"master_deck":["AscendersBane","Strike_B","Strike_B","Defend_B","Defend_B","Defend_B","Defend_B","Zap+1","Dualcast","Heatsinks","Defragment+1","Meteor Strike","Hello World","Multi-Cast","Compile Driver","Self Repair","Panacea","Sunder"],"relics":["Cracked Core","NeowsBlessing","Matryoshka","Mercury Hourglass","Tiny Chest","Question Card","Strawberry"],"potions_floor_usage":[10],"damage_taken":[{"damage":0,"enemies":"Jaw Worm","floor":1,"turns":1},{"damage":0,"enemies":"2 Louse","floor":5,"turns":1},{"damage":0,"enemies":"3 Sentries","floor":7,"turns":1},{"damage":29,"enemies":"Gremlin Nob","floor":10,"turns":4},{"damage":10,"enemies":"Small Slimes","floor":12,"turns":3},{"damage":15,"enemies":"3 Sentries","floor":14,"turns":3}],"seed_played":"6689494039453157473","potions_obtained":[{"floor":7,"key":"Weak Potion"}],"is_trial":false,"path_per_floor":["M","$","?","?","M","R","E","R","T","E","$","M","?","E"],"character_chosen":"DEFECT","items_purchased":["Defragment","Self Repair","Panacea"],"campfire_rested":0,"item_purchase_floors":[2,11,11],"current_hp_per_floor":[64,64,53,53,53,53,53,53,53,24,24,21,17,2],"gold":52,"neow_bonus":"THREE_ENEMY_KILL","is_prod":false,"is_daily":false,"chose_seed":false,"campfire_upgraded":2,"win_rate":0,"timestamp":1563521935,"path_taken":["M","$","?","?","M","R","E","R","T","E","$","M","?","E"],"build_version":"2019-07-17","purchased_purges":1,"victory":false,"max_hp_per_floor":[71,71,71,71,71,71,71,71,71,71,71,71,78,78],"card_choices":[{"not_picked":["Redo","Fusion"],"picked":"Heatsinks","floor":1},{"not_picked":["Force Field","Leap"],"picked":"Hello World","floor":5},{"not_picked":["Reprogram","Force Field"],"picked":"Multi-Cast","floor":7},{"not_picked":["Streamline","Beam Cell"],"picked":"Compile Driver","floor":10},{"not_picked":["Gash","Doom and Gloom","Go for the Eyes"],"picked":"Sunder","floor":12}],"player_experience":2037556,"relics_obtained":[{"floor":7,"key":"Matryoshka"},{"floor":9,"key":"Mercury Hourglass"},{"floor":9,"key":"Tiny Chest"},{"floor":10,"key":"Question Card"}],"event_choices":[{"damage_healed":0,"gold_gain":75,"player_choice":"Gather Gold","damage_taken":11,"max_hp_gain":0,"max_hp_loss":0,"event_name":"World of Goop","floor":3,"gold_loss":0},{"damage_healed":0,"gold_gain":0,"cards_transformed":["Strike_B"],"player_choice":"Change","damage_taken":0,"max_hp_gain":0,"max_hp_loss":0,"event_name":"Living Wall","floor":4,"gold_loss":0,"cards_obtained":["Meteor Strike"]},{"damage_healed":0,"gold_gain":0,"player_choice":"Success","damage_taken":11,"relics_obtained":["Strawberry"],"max_hp_gain":0,"max_hp_loss":0,"event_name":"Scrap Ooze","floor":13,"gold_loss":0}],"is_beta":false,"boss_relics":[],"items_purged_floors":[11],"is_endless":false,"potions_floor_spawned":[7],"killed_by":"3 Sentries","ascension_level":20}