{"gold_per_floor":[117,117,127,10,23,23,84,94,168,133,145,175,202,202,202,298,298,318,331,331,21,21,21,21],"floor_reached":24,"playtime":832,"items_purged":["Pain"],"score":193,"play_id":"a33b09e4-f4fe-48ac-a550-7df36600efc4","local_time":"20190423190416","is_ascension_mode":false,"campfire_choices":[{"data":"Loop","floor":6.0,"key":"SMITH"},{"floor":15.0,"key":"REST"},{"data":"White Noise","floor":23,"key":"SMITH"}],"neow_cost":"NONE","seed_source_timestamp":90832224143266,"circlet_count":0,"master_deck":["Strike_B","Strike_B","Strike_B","Defend_B","Defend_B","Defend_B","Defend_B","Zap","Dualcast","Biased Cognition","Ball Lightning","Loop+1","White Noise+1","Coolheaded","Melter","Turbo","BootSequence","Thunder Strike","Shame","Blizzard","Self Repair"],"special_seed":0,"relics":["Cracked Core","Anchor","The Courier","Odd Mushroom","Ancient Tea Set","Calling Bell","Pantograph","Du-Vu Doll","Nloth\u0027s Gift","Bottled Lightning","Spirit Poop"],"potions_floor_usage":[],"damage_taken":[{"damage":1.0,"enemies":"Cultist","floor":1.0,"turns":3.0},{"damage":3.0,"enemies":"Small Slimes","floor":3.0,"turns":3.0},{"damage":3.0,"enemies":"Jaw Worm","floor":5.0,"turns":3.0},{"damage":10.0,"enemies":"Gremlin Nob","floor":7.0,"turns":3.0},{"damage":0.0,"enemies":"Looter","floor":8.0,"turns":2.0},{"damage":0.0,"enemies":"Large Slime","floor":11.0,"turns":4.0},{"damage":8.0,"enemies":"The Mushroom Lair","floor":12.0,"turns":3.0},{"damage":26.0,"enemies":"Lagavulin","floor":13.0,"turns":4.0},{"damage":6.0,"enemies":"Hexaghost","floor":16.0,"turns":7.0},{"damage":0,"enemies":"Spheric Guardian","floor":18,"turns":1},{"damage":14,"enemies":"Chosen","floor":19,"turns":6},{"damage":62,"enemies":"Slavers","floor":24,"turns":4}],"seed_played":"-6898643899933191141","potions_obtained":[{"floor":3.0,"key":"Swift Potion"},{"floor":8.0,"key":"Weak Potion"},{"floor":11.0,"key":"FocusPotion"},{"floor":13.0,"key":"Weak Potion"}],"is_trial":false,"path_per_floor":["M","?","M","$","M","R","?","M","T","?","M","?","E","?","R","B",null,"M","M","?","$","?","R","E"],"character_chosen":"DEFECT","items_purchased":["Loop","White Noise","Bottled Lightning","Self Repair"],"campfire_rested":1,"item_purchase_floors":[4,4,21,21],"current_hp_per_floor":[74,67,64,64,61,61,51,51,51,69,69,61,35,35,57,51,75,75,61,61,61,61,61,0],"gold":21,"neow_bonus":"ONE_RANDOM_RARE_CARD","is_prod":false,"is_daily":false,"chose_seed":false,"campfire_upgraded":2,"win_rate":0,"timestamp":1556060656,"path_taken":["M","?","M","$","M","R","?","M","T","?","?","?","E","?","R","BOSS","M","M","?","$","?","R","E"],"build_version":"2019-01-23","purchased_purges":1,"victory":false,"max_hp_per_floor":[75,75,75,75,75,75,75,75,75,75,75,75,75,75,75,75,75,75,75,75,75,75,75,75],"card_choices":[{"not_picked":["Leap","Go for the Eyes","Gash"],"picked":"SKIP","floor":1.0},{"not_picked":["Compile Driver","Beam Cell"],"picked":"Ball Lightning","floor":3.0},{"not_picked":["Hologram","Beam Cell","Rebound"],"picked":"SKIP","floor":5.0},{"not_picked":["Reinforced Body","Leap"],"picked":"Coolheaded","floor":7.0},{"not_picked":["Sunder","Beam Cell"],"picked":"Melter","floor":8.0},{"not_picked":["Glacier","All For One"],"picked":"Turbo","floor":11.0},{"not_picked":["Leap","Compile Driver"],"picked":"BootSequence","floor":12.0},{"not_picked":["Rebound","Sunder","Fusion"],"picked":"SKIP","floor":13.0},{"not_picked":["Reboot","Machine Learning"],"picked":"Thunder Strike","floor":16.0},{"not_picked":["Streamline","Hello World","Gash+1"],"picked":"SKIP","floor":18},{"not_picked":["Steam Power","Hologram"],"picked":"Blizzard","floor":19}],"player_experience":889587,"relics_obtained":[{"floor":7.0,"key":"Anchor"},{"floor":9.0,"key":"The Courier"},{"floor":12.0,"key":"Odd Mushroom"},{"floor":13.0,"key":"Ancient Tea Set"},{"floor":17.0,"key":"Orichalcum"},{"floor":17.0,"key":"Pantograph"},{"floor":17.0,"key":"Du-Vu Doll"}],"event_choices":[{"cards_removed":["Strike_B"],"damage_healed":0.0,"max_hp_gain":0.0,"max_hp_loss":0.0,"gold_gain":0.0,"event_name":"Golden Wing","player_choice":"Card Removal","floor":2.0,"gold_loss":0.0,"damage_taken":7.0},{"damage_healed":0.0,"max_hp_gain":0.0,"max_hp_loss":0.0,"gold_gain":0.0,"event_name":"Dead Adventurer","player_choice":"Searched \u00271\u0027 times","floor":7.0,"gold_loss":0.0,"damage_taken":0.0},{"damage_healed":18.0,"max_hp_gain":0.0,"max_hp_loss":0.0,"gold_gain":0.0,"event_name":"The Cleric","player_choice":"Healed","floor":10.0,"gold_loss":35.0,"damage_taken":0.0},{"damage_healed":0.0,"max_hp_gain":0.0,"max_hp_loss":0.0,"gold_gain":0.0,"event_name":"Mushrooms","player_choice":"Fought Mushrooms","floor":12.0,"gold_loss":0.0,"damage_taken":0.0},{"damage_healed":0.0,"max_hp_gain":0.0,"max_hp_loss":0.0,"gold_gain":0.0,"event_name":"Shining Light","player_choice":"Ignored","floor":14.0,"gold_loss":0.0,"damage_taken":0.0},{"damage_healed":0,"gold_gain":0,"player_choice":"Traded Relic","damage_taken":0,"relics_obtained":["Nloth\u0027s Gift"],"max_hp_gain":0,"max_hp_loss":0,"event_name":"N\u0027loth","floor":20,"relics_lost":["Orichalcum"],"gold_loss":0},{"cards_removed":["Doubt"],"damage_healed":0,"gold_gain":0,"player_choice":"Offered Curse","damage_taken":0,"relics_obtained":["Spirit Poop"],"max_hp_gain":0,"max_hp_loss":0,"event_name":"Bonfire Elementals","floor":22,"gold_loss":0}],"is_beta":false,"boss_relics":[{"not_picked":["Snecko Eye","Coffee Dripper"],"picked":"Calling Bell"}],"items_purged_floors":[21],"is_endless":false,"potions_floor_spawned":[3,8,11,13],"killed_by":"Slavers","ascension_level":0}