{"gold_per_floor":[114,114,114,127,139,139,171,187,187,187,187,187,198,82,82,156,156],"floor_reached":17,"playtime":373,"items_purged":["Strike_B"],"score":410,"play_id":"097c7afa-d64e-4f97-be67-85c6baccddfd","local_time":"20190618160638","is_ascension_mode":true,"campfire_choices":[{"data":"Chaos","floor":6.0,"key":"SMITH"},{"data":"Coolheaded","floor":10.0,"key":"SMITH"},{"data":"Defragment","floor":15,"key":"SMITH"}],"neow_cost":"NONE","seed_source_timestamp":1384920991507449,"circlet_count":0,"master_deck":["AscendersBane","Defend_B","Defend_B","Defend_B","Defend_B","Zap","Dualcast","Chaos+1","Rip and Tear","Coolheaded+1","Ball Lightning","Buffer","Hologram","Beam Cell","Defragment+1","Meteor Strike"],"special_seed":0,"relics":["Empty Cage","Sundial","Shuriken"],"potions_floor_usage":[],"damage_taken":[{"damage":6.0,"enemies":"Jaw Worm","floor":1.0,"turns":6.0},{"damage":1.0,"enemies":"Small Slimes","floor":4.0,"turns":3.0},{"damage":6.0,"enemies":"Cultist","floor":5.0,"turns":6.0},{"damage":10.0,"enemies":"Lagavulin","floor":7.0,"turns":5.0},{"damage":24.0,"enemies":"Exordium Wildlife","floor":8.0,"turns":4.0},{"damage":0,"enemies":"Looter","floor":13,"turns":3},{"damage":0,"enemies":"Slime Boss","floor":16,"turns":7}],"seed_played":"-8602042687618425137","potions_obtained":[{"floor":4.0,"key":"FocusPotion"},{"floor":12,"key":"Swift Potion"}],"is_trial":false,"path_per_floor":["M","?","?","M","M","R","E","M","T","R","?","?","M","$","R","B",null],"character_chosen":"DEFECT","items_purchased":["Defragment"],"campfire_rested":0,"item_purchase_floors":[14],"current_hp_per_floor":[58,58,58,57,51,51,41,17,17,17,17,17,17,17,17,17,17],"gold":156,"neow_bonus":"BOSS_RELIC","is_prod":false,"is_daily":false,"chose_seed":true,"campfire_upgraded":3,"win_rate":0,"timestamp":1560845198,"path_taken":["M","?","?","M","?","R","E","M","T","R","?","?","?","$","R","BOSS"],"build_version":"2019-01-23","purchased_purges":1,"victory":false,"max_hp_per_floor":[71,71,71,71,71,71,71,71,71,71,71,71,71,71,71,71,71],"card_choices":[{"not_picked":["Go for the Eyes","Streamline"],"picked":"Chaos","floor":1.0},{"not_picked":["Sweeping Beam","Loop"],"picked":"Coolheaded","floor":4.0},{"not_picked":["Coolheaded","Redo"],"picked":"Ball Lightning","floor":5.0},{"not_picked":["Coolheaded","Steam Power"],"picked":"Buffer","floor":7.0},{"not_picked":["Beam Cell","Conserve Battery"],"picked":"Hologram","floor":8.0},{"not_picked":["Beam Cell","Melter","Streamline"],"picked":"SKIP","floor":13},{"not_picked":["Melter","Streamline"],"picked":"Beam Cell","floor":13},{"not_picked":["Echo Form","Machine Learning"],"picked":"Meteor Strike","floor":16}],"player_experience":1924325,"relics_obtained":[{"floor":7.0,"key":"Sundial"},{"floor":9.0,"key":"Shuriken"}],"event_choices":[{"damage_healed":0.0,"max_hp_gain":0.0,"max_hp_loss":0.0,"gold_gain":0.0,"event_name":"Liars Game","player_choice":"Ignored","floor":2.0,"gold_loss":0.0,"damage_taken":0.0},{"damage_healed":0.0,"max_hp_gain":0.0,"max_hp_loss":0.0,"gold_gain":0.0,"cards_transformed":["Strike_B"],"event_name":"Transmorgrifier","player_choice":"Transformed","floor":3.0,"gold_loss":0.0,"damage_taken":0.0,"cards_obtained":["Rip and Tear"]},{"damage_healed":0,"gold_gain":0,"player_choice":"Searched \u00270\u0027 times","damage_taken":0,"max_hp_gain":0,"max_hp_loss":0,"event_name":"Dead Adventurer","floor":11,"gold_loss":0},{"damage_healed":0,"gold_gain":0,"player_choice":"Got Potions","damage_taken":0,"max_hp_gain":0,"max_hp_loss":0,"event_name":"Lab","floor":12,"gold_loss":0}],"is_beta":false,"boss_relics":[],"items_purged_floors":[14],"is_endless":false,"potions_floor_spawned":[4,13,16],"ascension_level":20}