{"gold_per_floor":[126,151,174,205,167,204,216,242,254,266,335,347,359,371,383,492,504,529,551,563,575,587],"floor_reached":22,"playtime":766,"items_purged":[],"score":239,"play_id":"c73ea6fd-69ca-4f6e-a5fa-d9c44d2b6592","local_time":"20190521104418","is_ascension_mode":true,"campfire_choices":[{"data":"Whirlwind","floor":7,"key":"SMITH"},{"data":"Armaments","floor":10,"key":"SMITH"},{"floor":12,"key":"REST"},{"data":"Double Tap","floor":15,"key":"SMITH"}],"neow_cost":"NONE","seed_source_timestamp":84883246965543,"circlet_count":0,"master_deck":["Strike_R","Strike_R","Strike_R","Strike_R","Strike_R","Defend_R","Defend_R","Defend_R","Bash","Cleave","Whirlwind+1","Double Tap+1","Armaments+1","Disarm","Parasite","Inflame","Flex","Decay"],"relics":["Burning Blood","MawBank","Bottled Flame","Dodecahedron","Singing Bowl","Fusion Hammer"],"potions_floor_usage":[11,16],"damage_taken":[{"damage":4,"enemies":"Small Slimes","floor":1,"turns":4},{"damage":13,"enemies":"Jaw Worm","floor":2,"turns":4},{"damage":1,"enemies":"Cultist","floor":3,"turns":3},{"damage":6,"enemies":"Exordium Wildlife","floor":4,"turns":3},{"damage":33,"enemies":"Gremlin Nob","floor":6,"turns":4},{"damage":10,"enemies":"Large Slime","floor":8,"turns":4},{"damage":20,"enemies":"3 Sentries","floor":11,"turns":3},{"damage":51,"enemies":"Hexaghost","floor":16,"turns":11},{"damage":22,"enemies":"Spheric Guardian","floor":18,"turns":4},{"damage":24,"enemies":"Shell Parasite","floor":19,"turns":4},{"damage":39,"enemies":"Snake Plant","floor":22,"turns":2}],"seed_played":"-9127423318513519628","potions_obtained":[{"floor":2,"key":"LiquidBronze"},{"floor":8,"key":"FearPotion"},{"floor":11,"key":"Ancient Potion"}],"is_trial":false,"path_per_floor":["M","M","M","M","?","E","R","M","T","R","?","R","?","$","R","B",null,"M","M","?","?","M"],"character_chosen":"IRONCLAD","items_purchased":[],"campfire_rested":1,"item_purchase_floors":[],"current_hp_per_floor":[74,67,72,72,72,45,45,41,41,41,29,53,73,73,73,30,71,55,37,37,37,0],"gold":587,"neow_bonus":"RANDOM_COMMON_RELIC","is_prod":false,"is_daily":false,"chose_seed":false,"campfire_upgraded":3,"win_rate":0,"timestamp":1558449858,"path_taken":["M","M","M","M","?","E","R","M","T","R","?","R","?","?","R","BOSS","M","?","?","?","M"],"build_version":"2019-01-23","purchased_purges":0,"victory":false,"max_hp_per_floor":[80,80,80,80,80,80,80,80,80,80,82,82,82,82,82,84,84,84,84,84,84,84],"card_choices":[{"not_picked":["Twin Strike","Havoc"],"picked":"Cleave","floor":1},{"not_picked":["Heavy Blade","Cleave"],"picked":"Whirlwind","floor":2},{"not_picked":["Twin Strike","Perfected Strike"],"picked":"Double Tap","floor":3},{"not_picked":["Ghostly Armor","Thunderclap"],"picked":"Armaments","floor":4},{"not_picked":["Thunderclap","Burning Pact"],"picked":"Disarm","floor":6},{"not_picked":["Heavy Blade","Headbutt","Hemokinesis"],"picked":"SKIP","floor":8},{"not_picked":["Clothesline","True Grit","Shrug It Off"],"picked":"Singing Bowl","floor":11},{"not_picked":["Bludgeon","Barricade","Dark Embrace"],"picked":"Singing Bowl","floor":16},{"not_picked":["Havoc+1","Hemokinesis"],"picked":"Inflame","floor":18},{"not_picked":["Hemokinesis+1","Sentinel"],"picked":"Flex","floor":19}],"player_experience":1014058,"relics_obtained":[{"floor":6,"key":"Bottled Flame"},{"floor":9,"key":"Dodecahedron"},{"floor":11,"key":"Singing Bowl"}],"event_choices":[{"cards_removed":["Defend_R"],"damage_healed":0,"gold_gain":0,"player_choice":"Card Removal","damage_taken":0,"max_hp_gain":0,"max_hp_loss":0,"event_name":"The Cleric","floor":5,"gold_loss":50},{"damage_healed":0,"gold_gain":0,"player_choice":"Searched \u00271\u0027 times","damage_taken":0,"max_hp_gain":0,"max_hp_loss":0,"event_name":"Dead Adventurer","floor":11,"gold_loss":0},{"damage_healed":20,"gold_gain":0,"player_choice":"Healed and dodged fight","damage_taken":0,"max_hp_gain":0,"max_hp_loss":0,"event_name":"Mushrooms","floor":13,"gold_loss":0,"cards_obtained":["Parasite"]},{"damage_healed":0,"gold_gain":0,"player_choice":"Smashed Altar","damage_taken":0,"max_hp_gain":0,"max_hp_loss":0,"event_name":"Forgotten Altar","floor":20,"gold_loss":0,"cards_obtained":["Decay"]},{"damage_healed":0,"gold_gain":0,"player_choice":"Ignored","damage_taken":0,"max_hp_gain":0,"max_hp_loss":0,"event_name":"Cursed Tome","floor":21,"gold_loss":0}],"is_beta":false,"boss_relics":[{"not_picked":["Lizard Tail","Black Blood"],"picked":"Fusion Hammer"}],"items_purged_floors":[],"is_endless":false,"potions_floor_spawned":[2,8,11],"killed_by":"Snake Plant","ascension_level":6}