{"gold_per_floor":[111,129,129,139,58,92,92,92,115,144,158,158,185,150,150,150],"floor_reached":16,"playtime":1336,"items_purged":[],"score":153,"play_id":"379d70d0-e754-4636-a908-f5c3b82da868","local_time":"20180724223436","is_ascension_mode":true,"campfire_choices":[{"data":"Doppelganger","floor":8,"key":"SMITH"},{"data":"Poisoned Stab","floor":12,"key":"SMITH"},{"data":"Cloak And Dagger","floor":15,"key":"SMITH"}],"neow_cost":"","seed_source_timestamp":286943052651251,"circlet_count":0,"master_deck":["Defend_G","Defend_G","Defend_G","Defend_G","Defend_G","Strike_G","Strike_G","Strike_G","Strike_G","Strike_G","Survivor","Neutralize","PiercingWail","Sucker Punch","Crippling Poison","Poisoned Stab+1","Neutralize","Cloak And Dagger+1","Well Laid Plans","Doppelganger+1","Leg Sweep","Leg Sweep","Catalyst"],"relics":["Ring of the Snake","Regal Pillow","Darkstone Periapt","Orichalcum","Dream Catcher","Nunchaku"],"potions_floor_usage":[10],"damage_taken":[{"damage":1,"enemies":"Small Slimes","floor":1,"turns":5},{"damage":0,"enemies":"Cultist","floor":2,"turns":4},{"damage":4,"enemies":"2 Louse","floor":4,"turns":2},{"damage":10,"enemies":"3 Sentries","floor":6,"turns":9},{"damage":14,"enemies":"Lagavulin","floor":10,"turns":8},{"damage":0,"enemies":"2 Fungi Beasts","floor":11,"turns":3},{"damage":8,"enemies":"3 Sentries","floor":13,"turns":12},{"damage":38,"enemies":"Slime Boss","floor":16,"turns":12}],"seed_played":"-1712337461722518963","potions_obtained":[{"floor":6,"key":"Block Potion"},{"floor":11,"key":"SmokeBomb"}],"is_trial":false,"path_per_floor":["M","M","?","M","$","E","?","R","T","E","M","R","E","?","R"],"character_chosen":"THE_SILENT","items_purchased":["Well Laid Plans"],"campfire_rested":0,"item_purchase_floors":[5],"current_hp_per_floor":[62,62,62,58,58,48,41,41,41,27,27,27,19,36,36,0],"gold":150,"neow_bonus":"","is_prod":false,"is_daily":false,"chose_seed":false,"campfire_upgraded":3,"win_rate":0,"timestamp":1532486076,"path_taken":["M","M","?","M","$","E","?","R","T","E","?","R","E","?","R","BOSS"],"build_version":"2018-07-19v2","purchased_purges":0,"victory":false,"max_hp_per_floor":[70,70,70,70,70,70,70,70,70,70,70,70,70,70,70,70],"card_choices":[{"not_picked":["Acrobatics","Choke"],"picked":"PiercingWail","floor":1},{"not_picked":["Endless Agony","Outmaneuver"],"picked":"Sucker Punch","floor":2},{"not_picked":["Skewer","Sucker Punch"],"picked":"Cloak And Dagger","floor":4},{"not_picked":["Flying Knee","Escape Plan"],"picked":"Doppelganger","floor":6},{"not_picked":["Heel Hook","Blur"],"picked":"Leg Sweep","floor":10},{"not_picked":["Poisoned Stab","Skewer"],"picked":"Leg Sweep","floor":11},{"not_picked":["Skewer","Prepared"],"picked":"Catalyst","floor":13}],"player_experience":301637,"relics_obtained":[{"floor":6,"key":"Regal Pillow"},{"floor":9,"key":"Orichalcum"},{"floor":10,"key":"Dream Catcher"},{"floor":13,"key":"Nunchaku"}],"event_choices":[{"event_name":"Match and Keep!","player_choice":"3 cards matched","floor":3,"damage_taken":0},{"event_name":"Scrap Ooze","player_choice":"success","floor":7,"damage_taken":7},{"event_name":"The Cleric","player_choice":"Healed","floor":14,"damage_taken":0}],"is_beta":false,"boss_relics":[],"items_purged_floors":[],"is_endless":false,"potions_floor_spawned":[6,11],"killed_by":"Slime Boss","ascension_level":6}