{"gold_per_floor":[110,35,45,45,45,45,68,86,86,101,101,125,156,2,2,2],"floor_reached":16,"playtime":550,"items_purged":["Strike_G"],"score":175,"play_id":"fd0ab407-a9d1-47c2-aa37-dfc41f149b39","local_time":"20181007131545","is_ascension_mode":true,"campfire_choices":[{"data":"Neutralize","floor":6,"key":"SMITH"},{"data":"Sucker Punch","floor":11,"key":"SMITH"},{"floor":15,"key":"REST"}],"neow_cost":"NONE","seed_source_timestamp":1976516074108839,"circlet_count":0,"master_deck":["Defend_G","Defend_G","Defend_G","Defend_G","Defend_G+1","Strike_G","Strike_G","Strike_G","Survivor+1","Neutralize+1","AscendersBane","Bouncing Flask","Sucker Punch+1","Quick Slash","Dagger Spray","All Out Attack","Blur","Backstab"],"relics":["Ring of the Snake","Blood Vial","Golden Idol","Bag of Preparation","Mummified Hand","War Paint"],"potions_floor_usage":[13,16,16],"damage_taken":[{"damage":0,"enemies":"Small Slimes","floor":1,"turns":5},{"damage":4,"enemies":"2 Louse","floor":3,"turns":4},{"damage":4,"enemies":"Cultist","floor":8,"turns":3},{"damage":10,"enemies":"Red Slaver","floor":10,"turns":5},{"damage":7,"enemies":"Exordium Wildlife","floor":12,"turns":4},{"damage":20,"enemies":"Gremlin Nob","floor":13,"turns":4},{"damage":28,"enemies":"Slime Boss","floor":16,"turns":9}],"seed_played":"7066475910575697332","potions_obtained":[{"floor":3,"key":"Weak Potion"},{"floor":12,"key":"Explosive Potion"},{"floor":13,"key":"GhostInAJar"}],"is_trial":false,"path_per_floor":["M","?","M","$","?","R","T","M","T","M","R","M","E","$","R"],"character_chosen":"THE_SILENT","items_purchased":["Backstab"],"campfire_rested":1,"item_purchase_floors":[14],"current_hp_per_floor":[61,61,59,59,36,36,36,34,34,26,26,21,3,3,22,0],"gold":2,"neow_bonus":"RANDOM_COMMON_RELIC","is_prod":false,"is_daily":false,"chose_seed":false,"campfire_upgraded":2,"win_rate":0,"timestamp":1538932545,"path_taken":["M","?","?","?","?","R","?","?","T","?","R","M","E","$","R","BOSS"],"build_version":"2018-10-04v2","purchased_purges":1,"victory":false,"max_hp_per_floor":[66,66,66,66,66,66,66,66,66,66,66,66,66,66,66,66],"card_choices":[{"not_picked":["Deflect","Quick Slash"],"picked":"Bouncing Flask","floor":1},{"not_picked":["Reflex","Accuracy"],"picked":"Sucker Punch","floor":3},{"not_picked":["PiercingWail","Predator"],"picked":"Quick Slash","floor":8},{"not_picked":["Underhanded Strike","Bouncing Flask"],"picked":"Dagger Spray","floor":10},{"not_picked":["Deadly Poison","Finisher"],"picked":"All Out Attack","floor":12},{"not_picked":["Underhanded Strike","Accuracy"],"picked":"Blur","floor":13}],"player_experience":822104,"relics_obtained":[{"floor":7,"key":"Bag of Preparation"},{"floor":9,"key":"Mummified Hand"},{"floor":13,"key":"War Paint"}],"event_choices":[{"event_name":"The Cleric","player_choice":"Card Removal","floor":2,"damage_taken":0},{"event_name":"Golden Idol","player_choice":"Take Damage","floor":5,"damage_taken":0}],"is_beta":false,"boss_relics":[],"items_purged_floors":[14],"is_endless":false,"potions_floor_spawned":[3,12,13],"killed_by":"Slime Boss","ascension_level":15}