{"gold_per_floor":[111,123,19,37,37,37,65,65,113,141,153,153,153,166,166,166],"floor_reached":16,"playtime":411,"items_purged":[],"score":220,"play_id":"94a014f5-becb-4317-ac71-3f20384b95e2","local_time":"20190719140525","is_ascension_mode":true,"campfire_choices":[{"data":"Barrage","floor":6,"key":"SMITH"},{"data":"Coolheaded","floor":8,"key":"SMITH"},{"data":"Zap","floor":13,"key":"SMITH"},{"data":"Turbo","floor":15,"key":"SMITH"}],"neow_cost":"NONE","seed_source_timestamp":73177010682708,"circlet_count":0,"master_deck":["AscendersBane","Strike_B","Strike_B","Strike_B+1","Strike_B+1","Defend_B","Defend_B","Defend_B","Defend_B","Zap+1","Dualcast","Tempest","Coolheaded+1","Turbo+1","Barrage+1","Conserve Battery","Electrodynamics","Ball Lightning","White Noise"],"relics":["Sozu","Whetstone","Centennial Puzzle","PreservedInsect"],"potions_floor_usage":[],"damage_taken":[{"damage":0,"enemies":"Cultist","floor":1,"turns":3},{"damage":14,"enemies":"Small Slimes","floor":2,"turns":4},{"damage":7,"enemies":"Jaw Worm","floor":4,"turns":3},{"damage":31,"enemies":"Lagavulin","floor":7,"turns":6},{"damage":11,"enemies":"3 Sentries","floor":10,"turns":7},{"damage":3,"enemies":"Gremlin Gang","floor":11,"turns":2},{"damage":1,"enemies":"Blue Slaver","floor":14,"turns":2},{"damage":13,"enemies":"Hexaghost","floor":16,"turns":7}],"seed_played":"3237687670998390862","potions_obtained":[],"is_trial":false,"path_per_floor":["M","M","$","M","?","R","E","R","T","E","M","?","R","M","R","B"],"character_chosen":"DEFECT","items_purchased":["Turbo","Barrage"],"campfire_rested":0,"item_purchase_floors":[3,3],"current_hp_per_floor":[64,50,50,43,66,66,35,35,35,24,21,11,11,10,10,0],"gold":166,"neow_bonus":"BOSS_RELIC","is_prod":false,"is_daily":false,"chose_seed":false,"campfire_upgraded":4,"win_rate":0,"timestamp":1563516325,"path_taken":["M","?","$","M","?","R","E","R","T","E","M","?","R","?","R","BOSS"],"build_version":"2019-07-17","purchased_purges":0,"victory":false,"max_hp_per_floor":[71,71,71,71,71,71,71,71,71,71,71,71,71,71,71,71],"card_choices":[{"not_picked":["Reinforced Body","Compile Driver"],"picked":"Tempest","floor":1},{"not_picked":["Steam","Cold Snap"],"picked":"Coolheaded","floor":2},{"not_picked":["Sweeping Beam","Go for the Eyes","Reprogram"],"picked":"SKIP","floor":4},{"not_picked":["Steam","Barrage"],"picked":"Conserve Battery","floor":7},{"not_picked":["Coolheaded","Rebound"],"picked":"Electrodynamics","floor":10},{"not_picked":["Coolheaded","Conserve Battery"],"picked":"Ball Lightning","floor":11},{"not_picked":["Storm","Go for the Eyes"],"picked":"White Noise","floor":14}],"player_experience":2033026,"relics_obtained":[{"floor":7,"key":"Whetstone"},{"floor":9,"key":"Centennial Puzzle"},{"floor":10,"key":"PreservedInsect"}],"event_choices":[{"damage_healed":23,"gold_gain":0,"player_choice":"Banana","damage_taken":0,"max_hp_gain":0,"max_hp_loss":0,"event_name":"Big Fish","floor":5,"gold_loss":0},{"damage_healed":0,"gold_gain":0,"player_choice":"Damaged","damage_taken":10,"max_hp_gain":0,"max_hp_loss":0,"event_name":"Wheel of Change","floor":12,"gold_loss":0}],"is_beta":false,"boss_relics":[],"items_purged_floors":[],"is_endless":false,"potions_floor_spawned":[1],"killed_by":"Hexaghost","ascension_level":20}