{"gold_per_floor":[110,285,61,61,72,72,107,107,107,136,136,90,100,117,117,222,222,239,266,366,384,62,62,74,87,87,87,87],"floor_reached":28,"playtime":1079,"items_purged":["Doubt","Regret"],"score":251,"play_id":"c2133bea-cf42-4a20-a546-cf538f024f2b","local_time":"20190317005914","is_ascension_mode":false,"campfire_choices":[{"data":"Sunder","floor":6,"key":"SMITH"},{"data":"Streamline","floor":8,"key":"SMITH"},{"data":"Lockon","floor":15,"key":"SMITH"},{"floor":23,"key":"REST"},{"floor":27,"key":"REST"}],"neow_cost":"NONE","seed_source_timestamp":336959128091606,"circlet_count":0,"master_deck":["Strike_B","Strike_B","Strike_B","Defend_B","Defend_B","Defend_B","Defend_B","Zap","Dualcast","Streamline+1","Self Repair","Sunder+1","Stack","Redo","Capacitor","Fission","Leap","Steam","Lockon+1","Buffer","Static Discharge","Sweeping Beam+1","Streamline","White Noise","Stack"],"relics":["Cracked Core","NeowsBlessing","Potion Belt","Juzu Bracelet","Orichalcum","Ancient Tea Set","Eternal Feather","FossilizedHelix","Pear","DataDisk","Happy Flower"],"potions_floor_usage":[10,20,20],"damage_taken":[{"damage":0,"enemies":"2 Louse","floor":1,"turns":1},{"damage":0,"enemies":"Small Slimes","floor":5,"turns":1},{"damage":0,"enemies":"Gremlin Nob","floor":7,"turns":1},{"damage":8,"enemies":"3 Sentries","floor":10,"turns":6},{"damage":0,"enemies":"Cultist","floor":13,"turns":3},{"damage":6,"enemies":"Blue Slaver","floor":14,"turns":2},{"damage":69,"enemies":"Hexaghost","floor":16,"turns":11},{"damage":20,"enemies":"Shell Parasite","floor":18,"turns":7},{"damage":27,"enemies":"Colosseum Slavers","floor":20,"turns":5},{"damage":33,"enemies":"Colosseum Nobs","floor":20,"turns":4},{"damage":18,"enemies":"3 Byrds","floor":21,"turns":2},{"damage":24,"enemies":"Centurion and Healer","floor":24,"turns":5},{"damage":40,"enemies":"Cultist and Chosen","floor":25,"turns":7},{"damage":65,"enemies":"Book of Stabbing","floor":28,"turns":6}],"seed_played":"8024066791797964605","potions_obtained":[{"floor":5,"key":"SkillPotion"},{"floor":13,"key":"Fire Potion"},{"floor":14,"key":"FocusPotion"},{"floor":21,"key":"FairyPotion"},{"floor":24,"key":"GamblersBrew"}],"is_trial":false,"path_per_floor":["M","?","$","?","M","R","E","R","T","E","?","$","M","M","R","B",null,"M","T","?","M","$","R","M","M","T","R","E"],"character_chosen":"DEFECT","items_purchased":["Self Repair","Sunder","Leap","DataDisk","White Noise"],"campfire_rested":2,"item_purchase_floors":[3,3,12,22,22],"current_hp_per_floor":[75,75,75,75,75,75,75,75,75,74,74,74,75,75,75,13,75,62,62,26,15,15,52,35,15,15,55,0],"gold":87,"neow_bonus":"THREE_ENEMY_KILL","is_prod":false,"is_daily":false,"chose_seed":false,"campfire_upgraded":3,"win_rate":0,"timestamp":1552798754,"path_taken":["M","?","$","?","M","R","E","R","T","E","?","$","M","M","R","BOSS","M","?","?","M","?","R","M","M","T","R","E"],"build_version":"2019-01-23","purchased_purges":2,"victory":false,"max_hp_per_floor":[75,75,75,75,75,75,75,75,75,75,75,75,75,75,75,75,75,75,75,85,85,85,85,85,85,85,85,85],"card_choices":[{"not_picked":["Conserve Battery","Sweeping Beam"],"picked":"Streamline","floor":1},{"not_picked":["Go for the Eyes","Barrage"],"picked":"Stack","floor":5},{"not_picked":["Hologram","Cold Snap"],"picked":"Redo","floor":7},{"not_picked":["Ball Lightning","Coolheaded"],"picked":"Capacitor","floor":10},{"not_picked":["Coolheaded","Rebound"],"picked":"Steam","floor":13},{"not_picked":["Coolheaded","Gash"],"picked":"Lockon","floor":14},{"not_picked":["Meteor Strike","Core Surge"],"picked":"Buffer","floor":16},{"not_picked":["Hologram","Redo"],"picked":"Static Discharge","floor":18},{"not_picked":["Beam Cell","Reinforced Body"],"picked":"Sweeping Beam+1","floor":20},{"not_picked":["Heatsinks","Fusion"],"picked":"Streamline","floor":21},{"not_picked":["Leap","Rip and Tear"],"picked":"Stack","floor":24},{"not_picked":["Stack","Hologram","Go for the Eyes"],"picked":"SKIP","floor":25}],"player_experience":733005,"relics_obtained":[{"floor":7,"key":"Juzu Bracelet"},{"floor":9,"key":"Orichalcum"},{"floor":10,"key":"Ancient Tea Set"},{"floor":20,"key":"FossilizedHelix"},{"floor":20,"key":"Pear"},{"floor":26,"key":"Happy Flower"}],"event_choices":[{"damage_healed":0,"gold_gain":175,"player_choice":"AGREE","damage_taken":0,"max_hp_gain":0,"max_hp_loss":0,"event_name":"Liars Game","floor":2,"gold_loss":0,"cards_obtained":["Doubt"]},{"damage_healed":0,"gold_gain":0,"player_choice":"Box","damage_taken":0,"relics_obtained":["Potion Belt"],"max_hp_gain":0,"max_hp_loss":0,"event_name":"Big Fish","floor":4,"gold_loss":0,"cards_obtained":["Regret"]},{"damage_healed":0,"gold_gain":0,"cards_transformed":["Strike_B"],"player_choice":"Transformed","damage_taken":0,"max_hp_gain":0,"max_hp_loss":0,"event_name":"Transmorgrifier","floor":11,"gold_loss":0,"cards_obtained":["Fission"]},{"damage_healed":0,"gold_gain":0,"player_choice":"Fight","damage_taken":0,"max_hp_gain":0,"max_hp_loss":0,"event_name":"Colosseum","floor":20,"gold_loss":0},{"damage_healed":0,"gold_gain":0,"player_choice":"Fought Nobs","damage_taken":0,"max_hp_gain":0,"max_hp_loss":0,"event_name":"Colosseum","floor":20,"gold_loss":0}],"is_beta":false,"boss_relics":[{"not_picked":["Runic Dome","Tiny House"],"picked":"Eternal Feather"}],"items_purged_floors":[3,22],"is_endless":false,"potions_floor_spawned":[5,13,14,20,21,24],"killed_by":"Book of Stabbing","ascension_level":0}