{"gold_per_floor":[110,110,110,120,120,120,161,1,1,1,19,19,40,71,71,71],"floor_reached":16,"playtime":407,"items_purged":["Strike_G"],"score":316,"play_id":"4d09b959-a73e-4b91-b175-15678c52acb5","local_time":"20181027184937","is_ascension_mode":true,"campfire_choices":[{"data":"Neutralize","floor":6,"key":"SMITH"},{"data":"Glass Knife","floor":12,"key":"SMITH"},{"data":"Bouncing Flask","floor":15,"key":"SMITH"}],"neow_cost":"NONE","seed_source_timestamp":18884942203270,"circlet_count":0,"master_deck":["Defend_G","Defend_G","Defend_G","Defend_G","Defend_G","Strike_G","Strike_G","Strike_G","Survivor","Neutralize+1","AscendersBane","Poisoned Stab","Storm of Steel","Bouncing Flask+1","Dagger Throw","Glass Knife+1","PiercingWail","Backflip","Escape Plan"],"relics":["Ring of the Snake","NeowsBlessing","Bag of Marbles","Golden Idol","Paper Crane","Pen Nib","Snake Skull"],"potions_floor_usage":[14,16],"damage_taken":[{"damage":0,"enemies":"Small Slimes","floor":1,"turns":1},{"damage":0,"enemies":"2 Louse","floor":4,"turns":1},{"damage":0,"enemies":"3 Sentries","floor":7,"turns":1},{"damage":0,"enemies":"Cultist","floor":11,"turns":2},{"damage":0,"enemies":"Large Slime","floor":13,"turns":3},{"damage":0,"enemies":"Lagavulin","floor":14,"turns":6},{"damage":22,"enemies":"Slime Boss","floor":16,"turns":8}],"seed_played":"4745627538680832434","potions_obtained":[{"floor":4,"key":"SneckoOil"},{"floor":11,"key":"EssenceOfSteel"}],"is_trial":false,"path_per_floor":["M","?","?","M","?","R","E","$","T","$","M","R","M","E","R"],"character_chosen":"THE_SILENT","items_purchased":["Glass Knife"],"campfire_rested":0,"item_purchase_floors":[8],"current_hp_per_floor":[59,59,41,41,18,18,18,18,18,18,18,18,18,18,18,0],"gold":71,"neow_bonus":"THREE_ENEMY_KILL","is_prod":false,"is_daily":false,"chose_seed":false,"campfire_upgraded":3,"win_rate":0,"timestamp":1540680577,"path_taken":["M","?","?","?","?","R","E","$","T","$","M","R","M","E","R","BOSS"],"build_version":"2018-10-25v2","purchased_purges":1,"victory":false,"max_hp_per_floor":[66,66,66,66,66,66,66,66,66,66,66,66,66,66,66,66],"card_choices":[{"not_picked":["Deflect","Prepared"],"picked":"Poisoned Stab","floor":1},{"not_picked":["Deadly Poison","Concentrate"],"picked":"Bouncing Flask","floor":4},{"not_picked":["Choke","Terror"],"picked":"Dagger Throw","floor":7},{"not_picked":["Blade Dance","Expertise"],"picked":"PiercingWail","floor":11},{"not_picked":["Terror","Dagger Throw"],"picked":"Backflip","floor":13},{"not_picked":["Dagger Spray","PiercingWail"],"picked":"Escape Plan","floor":14}],"player_experience":1002826,"relics_obtained":[{"floor":7,"key":"Paper Crane"},{"floor":9,"key":"Pen Nib"},{"floor":14,"key":"Snake Skull"}],"event_choices":[{"damage_healed":0,"gold_gain":0,"cards_transformed":["Strike_G"],"player_choice":"Change","damage_taken":0,"max_hp_gain":0,"max_hp_loss":0,"event_name":"Living Wall","floor":2,"gold_loss":0,"cards_obtained":["Storm of Steel"]},{"damage_healed":0,"gold_gain":0,"player_choice":"Success","damage_taken":18,"relics_obtained":["Bag of Marbles"],"max_hp_gain":0,"max_hp_loss":0,"event_name":"Scrap Ooze","floor":3,"gold_loss":0},{"damage_healed":0,"gold_gain":0,"player_choice":"Take Damage","damage_taken":23,"relics_obtained":["Golden Idol"],"max_hp_gain":0,"max_hp_loss":0,"event_name":"Golden Idol","floor":5,"gold_loss":0}],"is_beta":false,"boss_relics":[],"items_purged_floors":[8],"is_endless":false,"potions_floor_spawned":[4,11],"killed_by":"Slime Boss","ascension_level":20}