{"gold_per_floor":[116,191,191,26,37,37,63,82,82,105,105,52,52,52,52,52],"floor_reached":16,"playtime":187,"items_purged":["Strike_B"],"score":246,"play_id":"cfeabffa-ea33-4d9c-8c83-c4bab4fa7f2d","local_time":"20190719154335","is_ascension_mode":true,"campfire_choices":[{"data":"Sunder","floor":6,"key":"SMITH"},{"data":"Zap","floor":11,"key":"SMITH"},{"data":"Dualcast","floor":15,"key":"SMITH"}],"neow_cost":"NONE","seed_source_timestamp":79293941125729,"circlet_count":0,"master_deck":["AscendersBane","Strike_B","Strike_B","Strike_B","Defend_B","Defend_B","Defend_B","Defend_B","Zap+1","Dualcast+1","Sunder+1","BootSequence+1","Conserve Battery","Machine Learning","Capacitor","Turbo+1"],"relics":["Cracked Core","NeowsBlessing","Symbiotic Virus","Happy Flower","Odd Mushroom"],"potions_floor_usage":[14],"damage_taken":[{"damage":0,"enemies":"Jaw Worm","floor":1,"turns":1},{"damage":0,"enemies":"Small Slimes","floor":5,"turns":1},{"damage":0,"enemies":"Gremlin Nob","floor":7,"turns":1},{"damage":0,"enemies":"2 Louse","floor":8,"turns":2},{"damage":15,"enemies":"The Mushroom Lair","floor":10,"turns":4},{"damage":0,"enemies":"Large Slime","floor":14,"turns":4},{"damage":0,"enemies":"The Guardian","floor":16,"turns":2}],"seed_played":"371275832789533573","potions_obtained":[{"floor":1,"key":"SmokeBomb"}],"is_trial":false,"path_per_floor":["M","?","?","$","M","R","E","M","T","?","R","$","?","M","R","B"],"character_chosen":"DEFECT","items_purchased":["BootSequence","Turbo"],"campfire_rested":0,"item_purchase_floors":[4,12],"current_hp_per_floor":[64,53,53,53,53,53,53,53,53,38,38,38,17,17,17,17],"gold":52,"neow_bonus":"THREE_ENEMY_KILL","is_prod":false,"is_daily":false,"chose_seed":false,"campfire_upgraded":3,"win_rate":0,"timestamp":1563522215,"path_taken":["M","?","?","$","M","R","E","M","T","?","R","$","?","M","R","BOSS"],"build_version":"2019-07-17","purchased_purges":1,"victory":false,"max_hp_per_floor":[71,71,71,71,71,71,71,71,71,71,71,71,71,71,71,71],"card_choices":[{"not_picked":["Blizzard","Reprogram"],"picked":"Sunder","floor":1},{"not_picked":["Stack","Beam Cell"],"picked":"Conserve Battery","floor":5},{"not_picked":["Compile Driver","Sweeping Beam"],"picked":"Machine Learning","floor":7},{"not_picked":["Streamline","Redo"],"picked":"Capacitor","floor":8}],"player_experience":2037779,"relics_obtained":[{"floor":7,"key":"Symbiotic Virus"},{"floor":9,"key":"Happy Flower"},{"floor":10,"key":"Odd Mushroom"}],"event_choices":[{"damage_healed":0,"gold_gain":75,"player_choice":"Gather Gold","damage_taken":11,"max_hp_gain":0,"max_hp_loss":0,"event_name":"World of Goop","floor":2,"gold_loss":0},{"damage_healed":0,"gold_gain":0,"player_choice":"Ignored","damage_taken":0,"max_hp_gain":0,"max_hp_loss":0,"event_name":"Liars Game","floor":3,"gold_loss":0},{"damage_healed":0,"gold_gain":0,"player_choice":"Fought Mushrooms","damage_taken":0,"max_hp_gain":0,"max_hp_loss":0,"event_name":"Mushrooms","floor":10,"gold_loss":0},{"damage_healed":0,"gold_gain":0,"player_choice":"Entered Light","damage_taken":21,"max_hp_gain":0,"max_hp_loss":0,"event_name":"Shining Light","floor":13,"gold_loss":0,"cards_upgraded":["Turbo","BootSequence"]}],"is_beta":false,"boss_relics":[],"items_purged_floors":[4],"is_endless":false,"potions_floor_spawned":[1,14],"killed_by":"The Guardian","ascension_level":20}