{"gold_per_floor":[19,37,37,3,20,20,45,61,61,79,91,103,103,138,138,240,240,257,274,294,544,560,588,588,619,646,646,375,375,388,408,408,503,503,514,533,543,543,12,27,27,37,37,37,50,85,96,115,115,115],"floor_reached":50,"playtime":3383,"items_purged":["Regret","Regret"],"score":607,"play_id":"a791e328-8202-4c4c-bca6-f3623d749058","local_time":"20180724161148","is_ascension_mode":false,"campfire_choices":[{"data":"Zap","floor":6,"key":"SMITH"},{"data":"Defragment","floor":13,"key":"SMITH"},{"data":"Defragment","floor":15,"key":"SMITH"},{"data":"Dualcast","floor":24,"key":"SMITH"},{"data":"Storm","floor":27,"key":"SMITH"},{"data":"Defragment","floor":29,"key":"SMITH"},{"data":"Hologram","floor":32,"key":"SMITH"},{"data":"Seek","floor":41,"key":"SMITH"},{"data":"Seek","floor":44,"key":"SMITH"},{"data":"Storm","floor":49,"key":"SMITH"}],"neow_cost":"NO_GOLD","seed_source_timestamp":261912015129001,"circlet_count":0,"master_deck":["Strike_B","Strike_B","Strike_B","Defend_B","Defend_B","Defend_B+1","Defend_B","Zap+1","Dualcast+1","Ball Lightning","Storm+1","Defragment+1","Hologram+1","Electrodynamics","Glacier","Chill","Defragment+1","Conserve Battery","Glacier+1","Thunder Strike+1","Compile Driver+1","Consume+1","Heatsinks","Compile Driver+1","Chaos+1","Creative AI","Defragment+1","Storm+1","BootSequence+1","Turbo","Meteor Strike+1","Reprogram+1","Rebound+1","Go for the Eyes+1","Seek+1","Seek+1","Recycle+1","Defragment+1"],"relics":["Cracked Core","Mango","Molten Egg 2","Bag of Preparation","The Courier","Ice Cream","Sozu","Mercury Hourglass","Lantern","Ancient Tea Set","War Paint","Coffee Dripper","DollysMirror","Anchor","Orichalcum","Bronze Scales","Juzu Bracelet"],"potions_floor_usage":[25],"damage_taken":[{"damage":0,"enemies":"Small Slimes","floor":1,"turns":4},{"damage":0,"enemies":"2 Louse","floor":2,"turns":2},{"damage":3,"enemies":"Cultist","floor":5,"turns":3},{"damage":17,"enemies":"Gremlin Nob","floor":7,"turns":4},{"damage":0,"enemies":"Gremlin Gang","floor":8,"turns":1},{"damage":7,"enemies":"Lots of Slimes","floor":10,"turns":2},{"damage":5,"enemies":"Large Slime","floor":11,"turns":4},{"damage":1,"enemies":"3 Louse","floor":12,"turns":3},{"damage":10,"enemies":"Lagavulin","floor":14,"turns":8},{"damage":8,"enemies":"Hexaghost","floor":16,"turns":9},{"damage":0,"enemies":"3 Byrds","floor":18,"turns":2},{"damage":1,"enemies":"Shell Parasite","floor":19,"turns":4},{"damage":1,"enemies":"Sentry and Sphere","floor":20,"turns":7},{"damage":5,"enemies":"Snake Plant","floor":22,"turns":3},{"damage":13,"enemies":"Gremlin Leader","floor":23,"turns":6},{"damage":7,"enemies":"Book of Stabbing","floor":25,"turns":4},{"damage":1,"enemies":"Centurion and Healer","floor":30,"turns":4},{"damage":0,"enemies":"Chosen and Byrds","floor":31,"turns":2},{"damage":30,"enemies":"Champ","floor":33,"turns":6},{"damage":8,"enemies":"Flame Bruiser 1 Orb","floor":35,"turns":3},{"damage":0,"enemies":"3 Shapes","floor":36,"turns":2},{"damage":10,"enemies":"Maw","floor":37,"turns":5},{"damage":0,"enemies":"Transient","floor":40,"turns":5},{"damage":0,"enemies":"Spire Growth","floor":42,"turns":4},{"damage":12,"enemies":"Maw","floor":45,"turns":5},{"damage":40,"enemies":"2 Orb Walkers","floor":46,"turns":4},{"damage":0,"enemies":"Transient","floor":47,"turns":5},{"damage":0,"enemies":"4 Shapes","floor":48,"turns":5},{"damage":20,"enemies":"Donu and Deca","floor":50,"turns":2}],"seed_played":"-2941849915798770269","potions_obtained":[{"floor":2,"key":"Ancient Potion"},{"floor":5,"key":"AttackPotion"},{"floor":8,"key":"Ancient Potion"}],"is_trial":false,"path_per_floor":["M","M","?","$","M","R","E","M","T","M","M","M","R","E","R","B",null,"M","M","M","?","M","E","R","E","T","R","$","R","M","M","R","B",null,"M","M","M","?","$","M","R","M","T","R","M","E","M","M","R"],"character_chosen":"DEFECT","items_purchased":["Defragment","Defragment","Storm","War Paint","Seek","DollysMirror","Anchor","Orichalcum"],"campfire_rested":0,"item_purchase_floors":[4,28,28,28,39,39,39,39],"current_hp_per_floor":[89,89,89,89,86,86,69,69,69,62,57,56,56,46,46,38,89,89,88,87,87,82,69,69,62,62,62,62,62,61,61,61,31,89,81,81,71,71,71,71,71,71,71,71,59,19,19,19,19,0],"gold":115,"neow_bonus":"ONE_RARE_RELIC","is_prod":false,"is_daily":false,"chose_seed":false,"campfire_upgraded":10,"win_rate":0,"timestamp":1532463108,"path_taken":["M","M","?","$","M","R","E","M","T","?","M","?","R","E","R","BOSS","M","?","M","?","?","E","R","E","T","R","$","R","?","M","R","BOSS","M","?","M","?","$","M","R","M","T","R","M","E","M","M","R","BOSS"],"build_version":"2018-07-19v2","purchased_purges":2,"victory":false,"max_hp_per_floor":[89,89,89,89,89,89,89,89,89,89,89,89,89,89,89,89,89,89,89,89,89,89,89,89,89,89,89,89,89,89,89,89,89,89,89,89,89,89,89,89,89,89,89,89,89,89,89,89,89,89],"card_choices":[{"not_picked":["Conserve Battery","Rebound"],"picked":"Ball Lightning","floor":1},{"not_picked":["Streamline","Loop"],"picked":"Storm","floor":2},{"not_picked":["Rip and Tear+1","Sweeping Beam+1"],"picked":"Hologram","floor":5},{"not_picked":["Ball Lightning+1","Rip and Tear+1"],"picked":"Electrodynamics","floor":7},{"not_picked":["Leap","Fusion"],"picked":"Glacier","floor":8},{"not_picked":["Steam","Redo"],"picked":"Chill","floor":10},{"not_picked":["Steam","Barrage+1"],"picked":"Defragment","floor":11},{"not_picked":["Recycle","Chill"],"picked":"Conserve Battery","floor":12},{"not_picked":["Redo","Electrodynamics"],"picked":"Glacier","floor":14},{"not_picked":["Multi-Cast","Reboot"],"picked":"Thunder Strike+1","floor":16},{"not_picked":["Redo","Leap"],"picked":"Compile Driver+1","floor":18},{"not_picked":["Rebound+1","Undo"],"picked":"Consume+1","floor":19},{"not_picked":["Leap","FTL+1"],"picked":"Heatsinks","floor":20},{"not_picked":["Glacier","Sweeping Beam+1"],"picked":"Compile Driver+1","floor":22},{"not_picked":["Doom and Gloom+1","Steam"],"picked":"Chaos+1","floor":23},{"not_picked":["Stack","Steam"],"picked":"Creative AI","floor":25},{"not_picked":["Aggregate","Go for the Eyes+1"],"picked":"BootSequence+1","floor":30},{"not_picked":["Static Discharge","Barrage+1"],"picked":"Turbo","floor":31},{"not_picked":["Thunder Strike+1","Echo Form"],"picked":"Meteor Strike+1","floor":33},{"not_picked":["Cold Snap+1","Doom and Gloom+1"],"picked":"Reprogram+1","floor":35},{"not_picked":["Doom and Gloom+1","Genetic Algorithm"],"picked":"Rebound+1","floor":36},{"not_picked":["Conserve Battery","Cold Snap+1"],"picked":"Go for the Eyes+1","floor":37},{"not_picked":["Streamline+1","Sweeping Beam+1","Steam"],"picked":"SKIP","floor":40},{"not_picked":["Chaos","Barrage+1","Hyperbeam+1"],"picked":"SKIP","floor":42},{"not_picked":["Barrage+1","Tempest+1","BootSequence"],"picked":"SKIP","floor":45},{"not_picked":["Streamline+1","Conserve Battery+1"],"picked":"Recycle+1","floor":46},{"not_picked":["Steam+1","Genetic Algorithm+1","Gash+1"],"picked":"SKIP","floor":47},{"not_picked":["Sunder+1","Steam+1"],"picked":"Defragment+1","floor":48}],"player_experience":292160,"relics_obtained":[{"floor":7,"key":"Bag of Preparation"},{"floor":9,"key":"The Courier"},{"floor":14,"key":"Ice Cream"},{"floor":23,"key":"Mercury Hourglass"},{"floor":25,"key":"Lantern"},{"floor":26,"key":"Ancient Tea Set"},{"floor":43,"key":"Bronze Scales"},{"floor":46,"key":"Juzu Bracelet"}],"event_choices":[{"event_name":"Big Fish","player_choice":"Box","floor":3,"damage_taken":0},{"event_name":"Golden Shrine","player_choice":"Desecrate","floor":21,"damage_taken":0},{"event_name":"Falling","player_choice":"Removed Attack","floor":38,"damage_taken":0}],"is_beta":false,"boss_relics":[{"not_picked":["Orrery","Velvet Choker"],"picked":"Sozu"},{"not_picked":["Runic Dome","Runic Pyramid"],"picked":"Coffee Dripper"}],"items_purged_floors":[28,39],"is_endless":false,"potions_floor_spawned":[2,5,8,12,18,25,30,33,35,36,46,47,48],"killed_by":"Donu and Deca","ascension_level":0}