{"gold_per_floor":[117,117,133,133,149,174,193,193,193,158,174,174,188,216,216,314,314,327,347,347,8,20,20,110,130,130,148,148],"floor_reached":28,"playtime":1263,"items_purged":[],"score":232,"play_id":"1677f263-17e1-44e6-b803-371e7e26801c","local_time":"20190425110225","is_ascension_mode":false,"campfire_choices":[{"floor":8.0,"key":"REST"},{"data":"Creative AI","floor":12.0,"key":"SMITH"},{"data":"Barrage","floor":15.0,"key":"SMITH"},{"floor":23,"key":"REST"}],"neow_cost":"NONE","seed_source_timestamp":0,"circlet_count":0,"master_deck":["Strike_B","Strike_B","Strike_B","Defend_B","Defend_B","Defend_B","Dualcast","Biased Cognition+1","Barrage+1","Coolheaded","Loop","Creative AI+1","Glacier","Turbo","Electrodynamics","Double Energy+1","Hello World+1","Hologram+1","Glacier+1","Buffer"],"special_seed":0,"relics":["Cracked Core","Anchor","Bottled Lightning","Bottled Tornado","Astrolabe","Toxic Egg 2","Letter Opener","Frozen Egg 2"],"potions_floor_usage":[],"damage_taken":[{"damage":1.0,"enemies":"Cultist","floor":1.0,"turns":3.0},{"damage":0.0,"enemies":"2 Louse","floor":3.0,"turns":2.0},{"damage":0.0,"enemies":"Small Slimes","floor":5.0,"turns":3.0},{"damage":37.0,"enemies":"Gremlin Nob","floor":6.0,"turns":4.0},{"damage":4.0,"enemies":"Exordium Wildlife","floor":7.0,"turns":4.0},{"damage":3.0,"enemies":"2 Fungi Beasts","floor":11.0,"turns":3.0},{"damage":1.0,"enemies":"Gremlin Gang","floor":13.0,"turns":4.0},{"damage":6.0,"enemies":"Lagavulin","floor":14.0,"turns":6.0},{"damage":55.0,"enemies":"The Guardian","floor":16.0,"turns":8.0},{"damage":23,"enemies":"2 Thieves","floor":18,"turns":3},{"damage":0,"enemies":"Chosen","floor":19,"turns":4},{"damage":18,"enemies":"Snake Plant","floor":22,"turns":5},{"damage":5,"enemies":"Chosen and Byrds","floor":25,"turns":6},{"damage":1,"enemies":"Cultist and Chosen","floor":27,"turns":6},{"damage":11,"enemies":"Shelled Parasite and Fungi","floor":28,"turns":11}],"seed_played":"-7312616604306868149","potions_obtained":[{"floor":6.0,"key":"Block Potion"},{"floor":13.0,"key":"FearPotion"},{"floor":16.0,"key":"Strength Potion"},{"floor":18,"key":"Fire Potion"},{"floor":25,"key":"SteroidPotion"},{"floor":27,"key":"Swift Potion"}],"is_trial":false,"path_per_floor":["M","?","M","?","M","E","M","R","T","?","M","R","M","E","R","B",null,"M","M","?","$","M","R","?","M","T","M","M"],"character_chosen":"DEFECT","items_purchased":["Letter Opener","Glacier+1"],"campfire_rested":2,"item_purchase_floors":[21,21],"current_hp_per_floor":[74,71,71,71,71,34,30,52,52,70,67,67,66,60,60,5,75,52,52,52,52,34,56,42,37,37,36,25],"gold":148,"neow_bonus":"ONE_RANDOM_RARE_CARD","is_prod":false,"is_daily":false,"chose_seed":false,"campfire_upgraded":2,"win_rate":0,"timestamp":1556204545,"path_taken":["M","?","M","?","M","E","M","R","T","?","M","R","?","E","R","BOSS","M","M","?","$","M","R","?","M","T","M","?"],"build_version":"2019-01-23","purchased_purges":0,"victory":false,"max_hp_per_floor":[75,75,75,75,75,75,75,75,75,75,75,75,75,75,75,75,75,75,75,75,75,75,75,75,75,75,75,75],"card_choices":[{"not_picked":["Turbo","Rebound"],"picked":"Barrage","floor":1.0},{"not_picked":["Storm","Gash"],"picked":"Coolheaded","floor":3.0},{"not_picked":["Rebound","Hologram"],"picked":"Loop","floor":5.0},{"not_picked":["Turbo","Stack"],"picked":"Creative AI","floor":6.0},{"not_picked":["Gash","Rebound","Lockon"],"picked":"SKIP","floor":7.0},{"not_picked":["Reprogram","Coolheaded"],"picked":"Glacier","floor":11.0},{"not_picked":["Undo","Meteor Strike"],"picked":"Turbo","floor":13.0},{"not_picked":["Auto Shields","Barrage","Hologram"],"picked":"SKIP","floor":14.0},{"not_picked":["Thunder Strike","Reboot"],"picked":"Electrodynamics","floor":16.0},{"not_picked":["Go for the Eyes+1","Beam Cell+1","Redo"],"picked":"SKIP","floor":18},{"not_picked":["Compile Driver","Gash","Reprogram"],"picked":"SKIP","floor":19},{"not_picked":["Auto Shields+1","Leap+1"],"picked":"Buffer","floor":22},{"not_picked":["Leap+1","Sunder+1","Steam+1"],"picked":"SKIP","floor":25},{"not_picked":["Gash","Aggregate+1","Turbo+1"],"picked":"SKIP","floor":27}],"player_experience":899727,"relics_obtained":[{"floor":6.0,"key":"Bottled Lightning"},{"floor":14.0,"key":"Bottled Tornado"},{"floor":26,"key":"Frozen Egg 2"}],"event_choices":[{"damage_healed":0.0,"max_hp_gain":0.0,"max_hp_loss":0.0,"gold_gain":0.0,"event_name":"Scrap Ooze","player_choice":"Success","floor":2.0,"gold_loss":0.0,"damage_taken":3.0,"relics_obtained":["Anchor"]},{"damage_healed":0.0,"max_hp_gain":0.0,"max_hp_loss":0.0,"gold_gain":0.0,"event_name":"Living Wall","player_choice":"Grow","floor":4.0,"gold_loss":0.0,"damage_taken":0.0,"cards_upgraded":["Biased Cognition"]},{"damage_healed":18.0,"max_hp_gain":0.0,"max_hp_loss":0.0,"gold_gain":0.0,"event_name":"The Cleric","player_choice":"Healed","floor":10.0,"gold_loss":35.0,"damage_taken":0.0},{"damage_healed":0,"gold_gain":0,"player_choice":"Opened","damage_taken":0,"relics_obtained":["Toxic Egg 2"],"max_hp_gain":0,"max_hp_loss":0,"event_name":"The Mausoleum","floor":20,"gold_loss":0},{"damage_healed":0,"gold_gain":90,"player_choice":"GOLD ","damage_taken":14,"max_hp_gain":0,"max_hp_loss":0,"event_name":"Knowing Skull","floor":24,"potions_obtained":[],"gold_loss":0,"cards_obtained":[]}],"is_beta":false,"boss_relics":[{"not_picked":["Lizard Tail","Empty Cage"],"picked":"Astrolabe"}],"items_purged_floors":[],"is_endless":false,"potions_floor_spawned":[6,13,16,18,25,27],"killed_by":"Shelled Parasite and Fungi","ascension_level":0}