{"gold_per_floor":[115,39,56,56,69,94,104,104,104,123,123],"floor_reached":11,"playtime":409,"items_purged":[],"score":131,"play_id":"26f54803-584c-4f70-a518-5d8c8493fcd4","local_time":"20190727235711","is_ascension_mode":true,"campfire_choices":[{"data":"Skewer","floor":8,"key":"SMITH"}],"neow_cost":"NONE","seed_source_timestamp":85310249889542,"circlet_count":0,"master_deck":["AscendersBane","Strike_G","Strike_G","Strike_G","Strike_G","Strike_G","Defend_G","Defend_G","Defend_G","Defend_G","Defend_G","Survivor","Neutralize","Skewer+1","Well Laid Plans","Deflect","PiercingWail","Dodge and Roll"],"relics":["Ring of the Snake","Molten Egg 2","Bottled Tornado"],"potions_floor_usage":[6,6,11],"damage_taken":[{"damage":1,"enemies":"Cultist","floor":1,"turns":5},{"damage":0,"enemies":"Jaw Worm","floor":3,"turns":4},{"damage":0,"enemies":"Small Slimes","floor":5,"turns":4},{"damage":33,"enemies":"Lagavulin","floor":6,"turns":11},{"damage":9,"enemies":"Looter","floor":7,"turns":4},{"damage":0,"enemies":"3 Louse","floor":10,"turns":4},{"damage":28,"enemies":"Gremlin Nob","floor":11,"turns":3}],"seed_played":"-4842899417814024915","potions_obtained":[{"floor":1,"key":"Energy Potion"},{"floor":3,"key":"SteroidPotion"},{"floor":10,"key":"SteroidPotion"}],"is_trial":false,"path_per_floor":["M","$","M","?","M","E","M","R","T","M","E"],"character_chosen":"THE_SILENT","items_purchased":["Well Laid Plans"],"campfire_rested":0,"item_purchase_floors":[2],"current_hp_per_floor":[64,64,64,60,60,27,18,18,18,18,0],"gold":123,"neow_bonus":"TEN_PERCENT_HP_BONUS","is_prod":false,"is_daily":false,"chose_seed":false,"campfire_upgraded":1,"win_rate":0,"timestamp":1564286231,"path_taken":["M","$","?","?","M","E","M","R","T","?","E"],"build_version":"2019-07-17","purchased_purges":0,"victory":false,"max_hp_per_floor":[72,72,72,72,72,72,72,72,72,72,72],"card_choices":[{"not_picked":["Blur","Sucker Punch"],"picked":"Skewer","floor":1},{"not_picked":["Sucker Punch","Underhanded Strike"],"picked":"Deflect","floor":3},{"not_picked":["Bane","Outmaneuver","Flying Knee"],"picked":"SKIP","floor":5},{"not_picked":["Accuracy","Expertise","Slice"],"picked":"SKIP","floor":6},{"not_picked":["Distraction","Bouncing Flask"],"picked":"PiercingWail","floor":7},{"not_picked":["Outmaneuver","Slice+1"],"picked":"Dodge and Roll","floor":10}],"player_experience":1581821,"relics_obtained":[{"floor":6,"key":"Molten Egg 2"},{"floor":9,"key":"Bottled Tornado"}],"event_choices":[{"damage_healed":0,"gold_gain":0,"player_choice":"Bought 0 Potions","damage_taken":0,"max_hp_gain":0,"max_hp_loss":0,"event_name":"The Woman in Blue","floor":4,"gold_loss":0}],"is_beta":false,"boss_relics":[],"items_purged_floors":[],"is_endless":false,"potions_floor_spawned":[1,3,10],"killed_by":"Gremlin Nob","ascension_level":15}