{"gold_per_floor":[114,129,229,244,81,81,111,111,136,136,11,11,26,26,26,126,126,141,0,0,0,99,99,99,99,99,114,129,144,144,0,0,100,100,115,130,130,145,145,145,175,175,200,215,215],"floor_reached":45,"playtime":3304,"items_purged":[],"score":489,"play_id":"038ae8de-6b62-4c27-b67e-280614077022","local_time":"20190703113135","daily_mods":["Shiny","Time Dilation","Terminal"],"is_ascension_mode":false,"campfire_choices":[{"data":"Fire Breathing","floor":6,"key":"SMITH"},{"data":"Double Tap","floor":8,"key":"SMITH"},{"data":"Berserk","floor":12,"key":"SMITH"},{"data":"Twin Strike","floor":15,"key":"SMITH"},{"floor":23,"key":"REST"},{"floor":25,"key":"REST"},{"floor":30,"key":"REST"},{"data":"Bludgeon","floor":32,"key":"SMITH"},{"floor":40,"key":"REST"},{"data":"Headbutt","floor":42,"key":"SMITH"}],"neow_cost":"","seed_source_timestamp":1151971088675500,"circlet_count":0,"master_deck":["Double Tap+1","Demon Form","Bludgeon+1","Feed","Barricade","Fiend Fire","Dark Embrace","Berserk+1","Impervious","Juggernaut","Brutality","Reaper","Exhume","Offering","Immolate","Heavy Blade","Ghostly Armor","Flex","Sword Boomerang","Fire Breathing+1","Twin Strike+1","Iron Wave","Flex","Sword Boomerang","Intimidate","Berserk","Spot Weakness","Armaments","Madness","Necronomicurse","Searing Blow","Flex","Ghostly Armor+1","Cleave+1","Twin Strike","Pummel","Impervious","Whirlwind+1","Flame Barrier+1","Headbutt+1","Cleave+1","Ghostly Armor+1","Anger"],"special_seed":18080,"relics":["Burning Blood","Dream Catcher","Anchor","White Beast Statue","Necronomicon","Sundial","Philosopher\u0027s Stone","FaceOfCleric","Ancient Tea Set","Happy Flower"],"potions_floor_usage":[18,28,33,33,33,35,38],"damage_taken":[{"damage":0,"enemies":"Cultist","floor":1,"turns":2},{"damage":24,"enemies":"Jaw Worm","floor":2,"turns":4},{"damage":1,"enemies":"Small Slimes","floor":4,"turns":3},{"damage":9,"enemies":"Lagavulin","floor":7,"turns":4},{"damage":0,"enemies":"3 Louse","floor":13,"turns":3},{"damage":36,"enemies":"The Guardian","floor":16,"turns":6},{"damage":21,"enemies":"3 Byrds","floor":18,"turns":5},{"damage":2,"enemies":"2 Thieves","floor":27,"turns":4},{"damage":13,"enemies":"Snake Plant","floor":28,"turns":3},{"damage":22,"enemies":"Centurion and Healer","floor":29,"turns":4},{"damage":56,"enemies":"Collector","floor":33,"turns":6},{"damage":0,"enemies":"3 Darklings","floor":35,"turns":3},{"damage":10,"enemies":"Orb Walker","floor":36,"turns":2},{"damage":43,"enemies":"Sphere and 2 Shapes","floor":38,"turns":3},{"damage":0,"enemies":"Nemesis","floor":41,"turns":5},{"damage":29,"enemies":"Spire Growth","floor":44,"turns":3},{"damage":24,"enemies":"4 Shapes","floor":45,"turns":2}],"seed_played":"-3855363678485624598","potions_obtained":[{"floor":1,"key":"PowerPotion"},{"floor":16,"key":"Fire Potion"},{"floor":18,"key":"Swift Potion"},{"floor":28,"key":"EntropicBrew"},{"floor":29,"key":"Fire Potion"},{"floor":33,"key":"AttackPotion"},{"floor":35,"key":"Strength Potion"},{"floor":36,"key":"SteroidPotion"},{"floor":38,"key":"EssenceOfSteel"},{"floor":41,"key":"Fire Potion"}],"is_trial":false,"path_per_floor":["M","M","?","M","$","R","E","R","T","?","$","R","M","?","R","B",null,"M","$","?","?","?","R","?","R","T","M","M","M","R","?","R","B",null,"M","M","?","M","?","R","E","R","T","M","M"],"character_chosen":"IRONCLAD","items_purchased":["Sword Boomerang","BloodPotion","Fire Breathing","Iron Wave","Flex","SteroidPotion","Armaments","Madness"],"campfire_rested":4,"item_purchase_floors":[5,5,5,11,11,11,19,19],"current_hp_per_floor":[78,60,60,67,67,67,64,64,64,64,64,64,66,65,64,34,62,50,50,39,23,23,42,42,60,60,60,53,37,54,54,54,17,53,52,48,48,37,37,47,47,46,45,23,0],"gold":215,"neow_bonus":"","is_prod":false,"is_daily":true,"chose_seed":false,"campfire_upgraded":6,"win_rate":0.0,"timestamp":1562171495,"path_taken":["M","?","?","?","$","R","E","R","T","?","$","R","M","?","R","BOSS","M","$","?","?","?","R","?","R","T","M","M","M","R","?","R","BOSS","M","M","?","?","?","R","E","R","T","M","M"],"build_version":"2019-07-01","purchased_purges":0,"victory":false,"max_hp_per_floor":[78,77,76,75,74,73,72,71,70,69,68,67,66,65,64,63,62,64,63,67,66,65,64,63,62,61,60,59,58,57,56,55,54,53,52,51,50,49,48,47,47,46,45,45,45],"card_choices":[{"not_picked":["Evolve","Pommel Strike"],"picked":"Heavy Blade","floor":1},{"not_picked":["Infernal Blade","Sentinel"],"picked":"Ghostly Armor","floor":2},{"not_picked":["True Grit","Evolve"],"picked":"Flex","floor":4},{"not_picked":["Pummel","Heavy Blade"],"picked":"Twin Strike","floor":7},{"not_picked":["Havoc","Iron Wave"],"picked":"Sword Boomerang","floor":13},{"not_picked":["Dark Embrace","Barricade"],"picked":"Berserk","floor":16},{"not_picked":["True Grit","Clash"],"picked":"Spot Weakness","floor":18},{"not_picked":["Infernal Blade","Thunderclap+1"],"picked":"Searing Blow","floor":23},{"not_picked":["Body Slam+1","Spot Weakness"],"picked":"Flex","floor":25},{"not_picked":["Bloodletting","Burning Pact"],"picked":"Ghostly Armor+1","floor":27},{"not_picked":["Entrench","Shrug It Off"],"picked":"Cleave+1","floor":28},{"not_picked":["Burning Pact","Wild Strike"],"picked":"Twin Strike","floor":29},{"not_picked":["Feel No Pain","Disarm+1"],"picked":"Pummel","floor":30},{"not_picked":["Fiend Fire","Demon Form"],"picked":"Impervious","floor":33},{"not_picked":["Perfected Strike+1","Havoc"],"picked":"Whirlwind","floor":35},{"not_picked":["Second Wind","Fire Breathing"],"picked":"Flame Barrier+1","floor":36},{"not_picked":["Clash+1","Warcry+1"],"picked":"Headbutt","floor":38},{"not_picked":["Blood for Blood+1","Rupture+1"],"picked":"Cleave+1","floor":40},{"not_picked":["Wild Strike","Metallicize"],"picked":"Ghostly Armor+1","floor":41},{"not_picked":["Battle Trance+1","Havoc+1"],"picked":"Anger","floor":44}],"player_experience":12041,"relics_obtained":[{"floor":7,"key":"Dream Catcher"},{"floor":9,"key":"Anchor"},{"floor":21,"key":"Necronomicon"},{"floor":26,"key":"Sundial"},{"floor":41,"key":"Ancient Tea Set"},{"floor":43,"key":"Happy Flower"}],"event_choices":[{"damage_healed":0,"gold_gain":100,"player_choice":"Pray","damage_taken":0,"max_hp_gain":0,"max_hp_loss":0,"event_name":"Golden Shrine","floor":3,"gold_loss":0},{"damage_healed":0,"gold_gain":0,"player_choice":"Searched \u00270\u0027 times","damage_taken":0,"max_hp_gain":0,"max_hp_loss":0,"event_name":"Dead Adventurer","floor":10,"gold_loss":0},{"damage_healed":0,"gold_gain":0,"cards_transformed":["Limit Break"],"player_choice":"Change","damage_taken":0,"max_hp_gain":0,"max_hp_loss":0,"event_name":"Living Wall","floor":14,"gold_loss":0,"cards_obtained":["Intimidate"]},{"damage_healed":0,"gold_gain":0,"player_choice":"Shed Blood","damage_taken":16,"max_hp_gain":5,"max_hp_loss":0,"event_name":"Forgotten Altar","floor":20,"gold_loss":0},{"damage_healed":0,"gold_gain":0,"player_choice":"Obtained Book","damage_taken":16,"max_hp_gain":0,"max_hp_loss":0,"event_name":"Cursed Tome","floor":21,"gold_loss":0},{"damage_healed":0,"gold_gain":99,"player_choice":"Stole From Cult","damage_taken":0,"max_hp_gain":0,"max_hp_loss":0,"event_name":"Nest","floor":22,"gold_loss":0},{"damage_healed":0,"gold_gain":0,"player_choice":"Ignored","damage_taken":0,"max_hp_gain":0,"max_hp_loss":0,"event_name":"Ghosts","floor":24,"gold_loss":0},{"damage_healed":0,"gold_gain":0,"player_choice":"Paid Fearfully","damage_taken":0,"max_hp_gain":0,"max_hp_loss":0,"event_name":"Masked Bandits","floor":31,"gold_loss":144},{"damage_healed":0,"gold_gain":0,"player_choice":"Forge","damage_taken":0,"max_hp_gain":0,"max_hp_loss":0,"event_name":"Accursed Blacksmith","floor":37,"gold_loss":0,"cards_upgraded":["Whirlwind"]},{"damage_healed":0,"gold_gain":0,"player_choice":"Trade","damage_taken":0,"relics_obtained":["FaceOfCleric"],"max_hp_gain":0,"max_hp_loss":0,"event_name":"FaceTrader","floor":39,"gold_loss":0}],"is_beta":false,"boss_relics":[{"not_picked":["Empty Cage","Mark of Pain"],"picked":"White Beast Statue"},{"not_picked":["Astrolabe","Calling Bell"],"picked":"Philosopher\u0027s Stone"}],"items_purged_floors":[],"is_endless":false,"potions_floor_spawned":[1,16,18,27,28,29,33,35,36,38,41,44],"killed_by":"4 Shapes","ascension_level":0}