{"gold_per_floor":[116,116,136,136,152,152,190,190,241,272,272,72,72,115,115,211,211,236,260,273,152,152,152,183,203,203,237,257,275,275,295,295,394,394,413,140,473,488,488,513,532,561,561,10,38,38,49,64,64,64,64,64,64,89,89],"floor_reached":56,"playtime":2356,"items_purged":["Writhe","Strike_R"],"score":2135,"play_id":"2717ed5e-28b0-4cd6-a7fa-86a8d9372f12","local_time":"20190731034850","is_ascension_mode":true,"campfire_choices":[{"data":"Bash","floor":6.0,"key":"SMITH"},{"data":"Inflame","floor":8.0,"key":"SMITH"},{"data":"Immolate","floor":11.0,"key":"SMITH"},{"floor":13.0,"key":"REST"},{"floor":15.0,"key":"RECALL"},{"floor":23,"key":"REST"},{"floor":30,"key":"REST"},{"floor":32,"key":"REST"}],"neow_cost":"CURSE","seed_source_timestamp":356438816038226,"circlet_count":0,"master_deck":["AscendersBane","Strike_R","Strike_R+1","Strike_R+1","Strike_R","Defend_R","Defend_R","Defend_R","Bash+1","Pommel Strike","Inflame+1","Shrug It Off","Shrug It Off","Immolate+1","Reaper","Havoc+1","Burning Pact","Shrug It Off","Corruption","Burning Pact","Metallicize","Barricade","Evolve","Exhume","Reckless Charge+1","Feel No Pain","Shrug It Off","Limit Break","Inflame","Offering","Inflame","Shockwave+1","Rupture+1","Demon Form"],"special_seed":0,"relics":["Burning Blood","Ginger","Vajra","Mercury Hourglass","Bag of Marbles","Boot","Fusion Hammer","Nloth\u0027s Gift","War Paint","Self Forming Clay","Regal Pillow","Coffee Dripper","PreservedInsect","Lantern","Ancient Tea Set","Mummified Hand","Pantograph","Champion Belt","Happy Flower"],"potions_floor_usage":[18,40,50],"damage_taken":[{"damage":11.0,"enemies":"Jaw Worm","floor":1.0,"turns":4.0},{"damage":6.0,"enemies":"Cultist","floor":3.0,"turns":3.0},{"damage":0.0,"enemies":"Small Slimes","floor":5.0,"turns":3.0},{"damage":47.0,"enemies":"Lagavulin","floor":7.0,"turns":6.0},{"damage":18.0,"enemies":"3 Sentries","floor":10.0,"turns":8.0},{"damage":0.0,"enemies":"Gremlin Nob","floor":14.0,"turns":3.0},{"damage":19.0,"enemies":"The Guardian","floor":16.0,"turns":16.0},{"damage":9,"enemies":"3 Byrds","floor":18,"turns":4},{"damage":14,"enemies":"Shell Parasite","floor":19,"turns":4},{"damage":10,"enemies":"Cultist and Chosen","floor":20,"turns":3},{"damage":50,"enemies":"Book of Stabbing","floor":24,"turns":5},{"damage":10,"enemies":"Centurion and Healer","floor":25,"turns":5},{"damage":13,"enemies":"Slavers","floor":27,"turns":4},{"damage":0,"enemies":"Snake Plant","floor":28,"turns":3},{"damage":12,"enemies":"3 Cultists","floor":29,"turns":4},{"damage":0,"enemies":"Centurion and Healer","floor":31,"turns":5},{"damage":24,"enemies":"Collector","floor":33,"turns":9},{"damage":12,"enemies":"3 Shapes","floor":35,"turns":6},{"damage":24,"enemies":"Orb Walker","floor":38,"turns":4},{"damage":31,"enemies":"Nemesis","floor":40,"turns":7},{"damage":13,"enemies":"Sphere and 2 Shapes","floor":41,"turns":6},{"damage":2,"enemies":"Reptomancer","floor":42,"turns":6},{"damage":6,"enemies":"Nemesis","floor":45,"turns":5},{"damage":26,"enemies":"Spire Growth","floor":47,"turns":6},{"damage":0,"enemies":"Transient","floor":48,"turns":5},{"damage":33,"enemies":"Donu and Deca","floor":50,"turns":7},{"damage":51,"enemies":"Shield and Spear","floor":54,"turns":5},{"damage":56,"enemies":"The Heart","floor":55,"turns":8}],"seed_played":"68759064907970427","potions_obtained":[{"floor":3.0,"key":"Dexterity Potion"},{"floor":5.0,"key":"Regen Potion"},{"floor":10.0,"key":"Dexterity Potion"},{"floor":16.0,"key":"Fire Potion"},{"floor":18,"key":"FairyPotion"},{"floor":27,"key":"FearPotion"},{"floor":31,"key":"Swift Potion"},{"floor":41,"key":"Weak Potion"}],"is_trial":false,"path_per_floor":["M","?","M","?","M","R","E","R","T","E","R","$","R","E","R","B",null,"M","M","M","$","?","R","E","M","T","E","M","M","R","M","R","B",null,"M","$","?","M","?","E","M","E","T","$","E","?","M","M","R","B",null,"R","$","E","B",null],"character_chosen":"IRONCLAD","items_purchased":["Bag of Marbles","Corruption","Feel No Pain","PreservedInsect","Shrug It Off","Mummified Hand","Pantograph","Inflame"],"campfire_rested":4,"item_purchase_floors":[12,21,36,36,36,44,44,44],"current_hp_per_floor":[63,40,40,40,46,46,20,20,20,8,8,8,28,34,34,21,56,54,51,64,64,64,68,26,30,30,39,52,62,68,68,68,58,66,60,60,60,50,50,41,46,68,68,68,68,68,68,68,68,68,68,68,68,68,68],"gold":89,"neow_bonus":"ONE_RARE_RELIC","is_prod":false,"is_daily":false,"chose_seed":false,"campfire_upgraded":3,"win_rate":0,"timestamp":1564559330,"path_taken":["M","?","M","?","M","R","E","R","T","E","R","$","R","E","R","BOSS","M","M","M","$","?","R","E","M","T","E","?","M","R","M","R","BOSS","M","$","?","M","?","E","M","E","T","$","E","?","?","M","R","BOSS","R","$","E","BOSS"],"build_version":"2019-07-17","purchased_purges":2,"victory":true,"max_hp_per_floor":[75,75,75,68,68,68,68,68,68,68,68,68,68,68,68,68,68,68,68,68,68,68,68,68,68,68,68,68,68,68,68,68,68,68,68,68,68,68,68,68,68,68,68,68,68,68,68,68,68,68,68,68,68,68,68],"card_choices":[{"not_picked":["Searing Blow","Dropkick"],"picked":"Pommel Strike","floor":1.0},{"not_picked":["Seeing Red","Perfected Strike"],"picked":"Inflame","floor":3.0},{"not_picked":["Anger","Rage"],"picked":"Shrug It Off","floor":5.0},{"not_picked":["Sword Boomerang","Body Slam"],"picked":"Shrug It Off","floor":7.0},{"not_picked":["Reckless Charge","Perfected Strike"],"picked":"Immolate","floor":10.0},{"not_picked":["Flex","Reckless Charge","Perfected Strike"],"picked":"SKIP","floor":14.0},{"not_picked":["Offering","Barricade"],"picked":"Reaper","floor":16.0},{"not_picked":["Warcry","Cleave"],"picked":"Havoc","floor":18},{"not_picked":["Flex","Sword Boomerang"],"picked":"Burning Pact","floor":19},{"not_picked":["Searing Blow","Blood for Blood"],"picked":"Shrug It Off","floor":20},{"not_picked":["Headbutt","Havoc"],"picked":"Burning Pact","floor":24},{"not_picked":["Clash","Dropkick","Body Slam"],"picked":"SKIP","floor":25},{"not_picked":["Body Slam","Rampage"],"picked":"Metallicize","floor":27},{"not_picked":["Rage","True Grit","Whirlwind"],"picked":"SKIP","floor":28},{"not_picked":["Perfected Strike","Wild Strike"],"picked":"Barricade","floor":29},{"not_picked":["Battle Trance","Iron Wave"],"picked":"Evolve","floor":31},{"not_picked":["Juggernaut","Brutality"],"picked":"Exhume","floor":33},{"not_picked":["Body Slam","Armaments"],"picked":"Reckless Charge+1","floor":35},{"not_picked":["Perfected Strike+1","Burning Pact","Twin Strike"],"picked":"SKIP","floor":38},{"not_picked":["True Grit+1","Hemokinesis"],"picked":"Limit Break","floor":40},{"not_picked":["Seeing Red","Wild Strike+1"],"picked":"Inflame","floor":41},{"not_picked":["Clash","Iron Wave+1"],"picked":"Offering","floor":42},{"not_picked":["Flex","Infernal Blade"],"picked":"Shockwave+1","floor":45},{"not_picked":["Thunderclap","Pommel Strike"],"picked":"Rupture+1","floor":47},{"not_picked":["Thunderclap","Wild Strike","Combust"],"picked":"SKIP","floor":48},{"not_picked":["Havoc","Anger"],"picked":"Demon Form","floor":54}],"player_experience":1623890,"relics_obtained":[{"floor":7.0,"key":"Vajra"},{"floor":9.0,"key":"Smiling Mask"},{"floor":10.0,"key":"Mercury Hourglass"},{"floor":14.0,"key":"Boot"},{"floor":24,"key":"War Paint"},{"floor":26,"key":"Self Forming Clay"},{"floor":27,"key":"Regal Pillow"},{"floor":40,"key":"Lantern"},{"floor":42,"key":"Ancient Tea Set"},{"floor":45,"key":"Champion Belt"},{"floor":54,"key":"Happy Flower"}],"event_choices":[{"damage_healed":0.0,"max_hp_gain":0.0,"max_hp_loss":0.0,"gold_gain":0.0,"event_name":"Shining Light","player_choice":"Entered Light","floor":2.0,"gold_loss":0.0,"damage_taken":23.0,"cards_upgraded":["Strike_R","Strike_R"]},{"damage_healed":0.0,"max_hp_gain":0.0,"max_hp_loss":7.0,"gold_gain":0.0,"event_name":"Golden Idol","player_choice":"Lose Max HP","floor":4.0,"gold_loss":0.0,"damage_taken":0.0,"relics_obtained":["Golden Idol"]},{"damage_healed":0,"gold_gain":0,"player_choice":"Traded Relic","damage_taken":0,"relics_obtained":["Nloth\u0027s Gift"],"max_hp_gain":0,"max_hp_loss":0,"event_name":"N\u0027loth","floor":22,"relics_lost":["Smiling Mask"],"gold_loss":0},{"damage_healed":0,"gold_gain":333,"player_choice":"Gave Idol","damage_taken":0,"max_hp_gain":0,"max_hp_loss":0,"event_name":"The Moai Head","floor":37,"relics_lost":["Golden Idol"],"gold_loss":0},{"damage_healed":0,"gold_gain":0,"player_choice":"Ignored","damage_taken":0,"max_hp_gain":0,"max_hp_loss":0,"event_name":"Tomb of Lord Red Mask","floor":39,"gold_loss":0},{"cards_removed":["Defend_R"],"damage_healed":0,"gold_gain":0,"player_choice":"Removed Skill","damage_taken":0,"max_hp_gain":0,"max_hp_loss":0,"event_name":"Falling","floor":46,"gold_loss":0}],"is_beta":false,"boss_relics":[{"not_picked":["Eternal Feather","Orrery"],"picked":"Fusion Hammer"},{"not_picked":["Empty Cage","White Beast Statue"],"picked":"Coffee Dripper"}],"items_purged_floors":[12,21],"is_endless":false,"potions_floor_spawned":[3,5,10,16,18,27,29,31,33,35,41,47],"ascension_level":15}