{"gold_per_floor":[112,131,142,112,131,131,158,158,158,175,175],"floor_reached":11,"playtime":387,"items_purged":[],"score":131,"play_id":"11b38aab-b507-44a0-9cf4-3dca31205a9e","local_time":"20190801214913","is_ascension_mode":true,"campfire_choices":[{"data":"Anger","floor":6,"key":"SMITH"},{"data":"Bash","floor":8,"key":"SMITH"}],"neow_cost":"PERCENT_DAMAGE","seed_source_timestamp":509672209725744,"circlet_count":0,"master_deck":["AscendersBane","Strike_R","Strike_R","Strike_R","Strike_R","Strike_R","Defend_R","Defend_R","Defend_R","Defend_R","Bash+1","Impervious","Anger+1","Shrug It Off","Shrug It Off","Shrug It Off","Evolve","Warcry"],"relics":["Burning Blood","Kunai","Paper Frog"],"potions_floor_usage":[5,5,5,7,11],"damage_taken":[{"damage":0,"enemies":"2 Louse","floor":1,"turns":3},{"damage":1,"enemies":"Cultist","floor":2,"turns":4},{"damage":10,"enemies":"Jaw Worm","floor":3,"turns":5},{"damage":10,"enemies":"Exordium Thugs","floor":5,"turns":5},{"damage":19,"enemies":"Lagavulin","floor":7,"turns":8},{"damage":8,"enemies":"Blue Slaver","floor":10,"turns":3},{"damage":38,"enemies":"Gremlin Nob","floor":11,"turns":5}],"seed_played":"-2580866552323451608","potions_obtained":[{"floor":4,"key":"SkillPotion"},{"floor":4,"key":"EntropicBrew"},{"floor":7,"key":"SteroidPotion"}],"is_trial":false,"path_per_floor":["M","M","M","?","M","R","E","R","T","M","E"],"character_chosen":"IRONCLAD","items_purchased":[],"campfire_rested":0,"item_purchase_floors":[],"current_hp_per_floor":[56,61,57,57,53,53,40,40,40,38,0],"gold":175,"neow_bonus":"THREE_RARE_CARDS","is_prod":false,"is_daily":false,"chose_seed":false,"campfire_upgraded":2,"win_rate":0,"timestamp":1564710553,"path_taken":["M","M","M","?","M","R","E","R","T","?","E"],"build_version":"2019-07-17","purchased_purges":0,"victory":false,"max_hp_per_floor":[75,75,75,75,75,75,75,75,75,75,75],"card_choices":[{"not_picked":["Limit Break","Exhume"],"picked":"Impervious","floor":0},{"not_picked":["Flex","Heavy Blade"],"picked":"Anger","floor":1},{"not_picked":["Pommel Strike","Twin Strike"],"picked":"Shrug It Off","floor":2},{"not_picked":["Pummel","Body Slam"],"picked":"Shrug It Off","floor":3},{"not_picked":["Anger","True Grit"],"picked":"Shrug It Off","floor":5},{"not_picked":["Headbutt","Burning Pact"],"picked":"Evolve","floor":7},{"not_picked":["Fire Breathing","Iron Wave"],"picked":"Warcry","floor":10}],"player_experience":1634251,"relics_obtained":[{"floor":7,"key":"Kunai"},{"floor":9,"key":"Paper Frog"}],"event_choices":[{"damage_healed":0,"gold_gain":0,"player_choice":"Bought 2 Potions","damage_taken":0,"max_hp_gain":0,"max_hp_loss":0,"event_name":"The Woman in Blue","floor":4,"gold_loss":0}],"is_beta":false,"boss_relics":[],"items_purged_floors":[],"is_endless":false,"potions_floor_spawned":[7],"killed_by":"Gremlin Nob","ascension_level":15}