{"gold_per_floor":[109,122,47,47,47,47,91,8,8,8,8],"floor_reached":11,"playtime":124,"items_purged":["Strike_R"],"score":188,"play_id":"2e645fc8-2d4a-4083-975b-f388e53f5523","local_time":"20190624234906","is_ascension_mode":true,"campfire_choices":[{"data":"Feed","floor":6,"key":"SMITH"}],"neow_cost":"NONE","seed_source_timestamp":1931527778368114,"circlet_count":0,"master_deck":["AscendersBane","Strike_R","Strike_R","Strike_R","Defend_R","Defend_R","Defend_R","Defend_R","Bash","Feed+1","Feel No Pain"],"special_seed":0,"relics":["Burning Blood","NeowsBlessing","Golden Idol","Kunai","Juzu Bracelet","Bag of Marbles"],"potions_floor_usage":[11,11],"damage_taken":[{"damage":0.0,"enemies":"Small Slimes","floor":1.0,"turns":1.0},{"damage":0.0,"enemies":"Jaw Worm","floor":2.0,"turns":1.0},{"damage":0,"enemies":"Gremlin Nob","floor":7,"turns":1},{"damage":46,"enemies":"Lagavulin","floor":11,"turns":8}],"seed_played":"5842381380487753867","potions_obtained":[{"floor":2.0,"key":"Weak Potion"},{"floor":7,"key":"Strength Potion"}],"is_trial":false,"path_per_floor":["M","M","$","?","?","R","E","$","T","?","E"],"character_chosen":"IRONCLAD","items_purchased":["Feel No Pain"],"campfire_rested":0,"item_purchase_floors":[8],"current_hp_per_floor":[74,75,75,49,49,49,59,59,59,48,2],"gold":8,"neow_bonus":"THREE_ENEMY_KILL","is_prod":false,"is_daily":false,"chose_seed":false,"campfire_upgraded":1,"win_rate":0,"timestamp":1561391346,"path_taken":["M","M","$","?","?","R","E","$","T","?","E"],"build_version":"2019-01-23","purchased_purges":1,"victory":false,"max_hp_per_floor":[75,75,75,75,75,75,79,79,79,79,79],"card_choices":[{"not_picked":["Heavy Blade","Cleave","Anger"],"picked":"SKIP","floor":1.0},{"not_picked":["Burning Pact","Carnage"],"picked":"Feed","floor":2.0},{"not_picked":["Thunderclap","Cleave","Fire Breathing"],"picked":"SKIP","floor":7}],"player_experience":1987282,"relics_obtained":[{"floor":7,"key":"Kunai"},{"floor":9,"key":"Juzu Bracelet"}],"event_choices":[{"damage_healed":0.0,"max_hp_gain":0.0,"max_hp_loss":0.0,"gold_gain":0.0,"event_name":"Golden Idol","player_choice":"Take Damage","floor":4.0,"gold_loss":0.0,"damage_taken":26.0,"relics_obtained":["Golden Idol"]},{"cards_removed":["Strike_R"],"damage_healed":0,"gold_gain":0,"player_choice":"Forget","damage_taken":0,"max_hp_gain":0,"max_hp_loss":0,"event_name":"Living Wall","floor":5,"gold_loss":0},{"damage_healed":0,"gold_gain":0,"player_choice":"Success","damage_taken":11,"relics_obtained":["Bag of Marbles"],"max_hp_gain":0,"max_hp_loss":0,"event_name":"Scrap Ooze","floor":10,"gold_loss":0}],"is_beta":false,"boss_relics":[],"items_purged_floors":[3],"is_endless":false,"potions_floor_spawned":[2,7],"killed_by":"Lagavulin","ascension_level":20}