{"gold_per_floor":[117,130,55,5,5,37,37,70,70,83,83,113],"floor_reached":12,"playtime":303,"items_purged":["Strike_R"],"score":144,"play_id":"89aa0433-5fef-4f2f-9bc2-898a5549d4ac","local_time":"20190520220904","is_ascension_mode":true,"campfire_choices":[{"data":"Body Slam","floor":7,"key":"SMITH"}],"neow_cost":"NONE","seed_source_timestamp":40032596652110,"circlet_count":0,"master_deck":["Strike_R","Strike_R","Strike_R","Strike_R","Defend_R","Defend_R","Defend_R","Bash","Flex","Body Slam+1","True Grit","Sentinel"],"relics":["Burning Blood","NeowsBlessing","Bottled Flame","Centennial Puzzle","Gremlin Horn"],"potions_floor_usage":[8,8],"damage_taken":[{"damage":0,"enemies":"Jaw Worm","floor":1,"turns":1},{"damage":0,"enemies":"2 Louse","floor":2,"turns":1},{"damage":0,"enemies":"Lagavulin","floor":6,"turns":1},{"damage":38,"enemies":"Gremlin Nob","floor":8,"turns":4},{"damage":0,"enemies":"Small Slimes","floor":10,"turns":3},{"damage":72,"enemies":"Lagavulin Event","floor":12,"turns":6}],"seed_played":"299666111880009239","potions_obtained":[{"floor":2,"key":"SkillPotion"},{"floor":6,"key":"FearPotion"},{"floor":10,"key":"Swift Potion"}],"is_trial":false,"path_per_floor":["M","M","$","?","$","E","R","E","T","M","?","?"],"character_chosen":"IRONCLAD","items_purchased":[],"campfire_rested":0,"item_purchase_floors":[],"current_hp_per_floor":[78,80,80,80,80,80,80,48,48,54,54,0],"gold":113,"neow_bonus":"THREE_ENEMY_KILL","is_prod":false,"is_daily":false,"chose_seed":false,"campfire_upgraded":1,"win_rate":0,"timestamp":1558404544,"path_taken":["M","M","$","?","$","E","R","E","T","M","?","?"],"build_version":"2019-01-23","purchased_purges":1,"victory":false,"max_hp_per_floor":[80,80,80,80,80,80,80,80,80,80,80,80],"card_choices":[{"not_picked":["Armaments","Ghostly Armor"],"picked":"Flex","floor":1},{"not_picked":["Searing Blow","Sword Boomerang"],"picked":"Body Slam","floor":2},{"not_picked":["Clash","Disarm"],"picked":"True Grit","floor":6},{"not_picked":["Warcry","Reckless Charge","Pommel Strike"],"picked":"SKIP","floor":8},{"not_picked":["Pommel Strike","Clothesline"],"picked":"Sentinel","floor":10}],"player_experience":1012535,"relics_obtained":[{"floor":6,"key":"Bottled Flame"},{"floor":8,"key":"Centennial Puzzle"},{"floor":9,"key":"Gremlin Horn"}],"event_choices":[{"cards_removed":["Defend_R"],"damage_healed":0,"gold_gain":0,"player_choice":"Card Removal","damage_taken":0,"max_hp_gain":0,"max_hp_loss":0,"event_name":"The Cleric","floor":4,"gold_loss":50},{"damage_healed":0,"gold_gain":0,"player_choice":"Ignored","damage_taken":0,"max_hp_gain":0,"max_hp_loss":0,"event_name":"Golden Wing","floor":11,"gold_loss":0},{"damage_healed":0,"gold_gain":30,"player_choice":"Searched \u00272\u0027 times","damage_taken":0,"max_hp_gain":0,"max_hp_loss":0,"event_name":"Dead Adventurer","floor":12,"gold_loss":0}],"is_beta":false,"boss_relics":[],"items_purged_floors":[3],"is_endless":false,"potions_floor_spawned":[2,6,10],"killed_by":"Lagavulin Event","ascension_level":6}