{"gold_per_floor":[113,113,113,128,143,143,154,187,214,247,522,537,548,65,65,143,143,155,168,61,76,76,76,76,96,96,96,129,129,79,104,104,175,175,193,212,86,86,86,114,142,142,142,162,176,176,202,202,202,202,202,202,202,33,65,65],"floor_reached":57,"playtime":2700,"items_purged":["Strike_B","Strike_B","Defend_B","Defend_B"],"score":3476,"play_id":"73d0f303-c3db-41bd-8138-cf48782fd671","local_time":"20190607204427","is_ascension_mode":true,"campfire_choices":[{"data":"Zap","floor":6.0,"key":"SMITH"},{"data":"Recycle","floor":15.0,"key":"SMITH"},{"floor":23.0,"key":"REST"},{"data":"Coolheaded","floor":29.0,"key":"SMITH"},{"floor":32.0,"key":"REST"},{"data":"Defragment","floor":42.0,"key":"SMITH"},{"floor":49.0,"key":"RECALL"},{"data":"Heatsinks","floor":53.0,"key":"SMITH"}],"neow_cost":"TEN_PERCENT_HP_LOSS","seed_source_timestamp":448462788010647,"circlet_count":0,"master_deck":["AscendersBane","Defend_B+1","Zap+1","Dualcast+1","Coolheaded+1","Conserve Battery+1","Electrodynamics+1","Recycle+1","Biased Cognition+1","Defragment+1","Rainbow+1","Panacea+1","Cold Snap+1","Core Surge+1","Compile Driver+1","White Noise+1","Turbo+1","Ball Lightning+1","Heatsinks+1","Hologram+1","Sunder+1","Chaos+1","Self Repair+1","Fission+1","Turbo+1","Undo+1","BootSequence+1","Defragment+1","Multi-Cast","Undo+1","Finesse","Heatsinks+1","Meteor Strike","Coolheaded+1"],"special_seed":0,"relics":["Cracked Core","Omamori","WarpedTongs","WingedGreaves","Smiling Mask","Potion Belt","Bottled Tornado","Inserter","Thread and Needle","Dream Catcher","Bag of Preparation","White Beast Statue","Mark of the Bloom","Bag of Marbles","Singing Bowl","Bottled Lightning"],"potions_floor_usage":[55,56,56,56,56],"damage_taken":[{"damage":1.0,"enemies":"Cultist","floor":1.0,"turns":4.0},{"damage":2.0,"enemies":"Jaw Worm","floor":4.0,"turns":4.0},{"damage":4.0,"enemies":"Small Slimes","floor":5.0,"turns":4.0},{"damage":4.0,"enemies":"2 Fungi Beasts","floor":7.0,"turns":3.0},{"damage":18.0,"enemies":"3 Sentries","floor":8.0,"turns":5.0},{"damage":8.0,"enemies":"Lagavulin","floor":10.0,"turns":7.0},{"damage":0.0,"enemies":"Large Slime","floor":12.0,"turns":3.0},{"damage":0.0,"enemies":"3 Louse","floor":13.0,"turns":1.0},{"damage":12.0,"enemies":"Hexaghost","floor":16.0,"turns":9.0},{"damage":2.0,"enemies":"Spheric Guardian","floor":18.0,"turns":5.0},{"damage":34.0,"enemies":"2 Thieves","floor":19.0,"turns":4.0},{"damage":8.0,"enemies":"Cultist and Chosen","floor":21.0,"turns":4.0},{"damage":7.0,"enemies":"Centurion and Healer","floor":25.0,"turns":6.0},{"damage":0.0,"enemies":"Gremlin Leader","floor":28.0,"turns":6.0},{"damage":19.0,"enemies":"Slavers","floor":31.0,"turns":5.0},{"damage":0.0,"enemies":"Champ","floor":33.0,"turns":9.0},{"damage":0.0,"enemies":"Orb Walker","floor":35.0,"turns":4.0},{"damage":4.0,"enemies":"3 Shapes","floor":36.0,"turns":4.0},{"damage":0.0,"enemies":"Giant Head","floor":40.0,"turns":6.0},{"damage":0.0,"enemies":"Nemesis","floor":41.0,"turns":3.0},{"damage":0.0,"enemies":"Maw","floor":44.0,"turns":5.0},{"damage":0.0,"enemies":"Writhing Mass","floor":45.0,"turns":3.0},{"damage":0.0,"enemies":"Giant Head","floor":47.0,"turns":8.0},{"damage":0.0,"enemies":"Donu and Deca","floor":50.0,"turns":6.0},{"damage":0.0,"enemies":"Time Eater","floor":51.0,"turns":7.0},{"damage":0,"enemies":"Shield and Spear","floor":55,"turns":5},{"damage":21,"enemies":"The Heart","floor":56,"turns":11}],"seed_played":"8315802541066515806","potions_obtained":[{"floor":4.0,"key":"EssenceOfSteel"},{"floor":8.0,"key":"FearPotion"},{"floor":16.0,"key":"Dexterity Potion"},{"floor":18.0,"key":"Dexterity Potion"},{"floor":28.0,"key":"Ancient Potion"},{"floor":33.0,"key":"FearPotion"},{"floor":35.0,"key":"FairyPotion"},{"floor":36.0,"key":"LiquidBronze"},{"floor":40.0,"key":"Fire Potion"},{"floor":41.0,"key":"Weak Potion"},{"floor":44.0,"key":"EssenceOfSteel"},{"floor":45.0,"key":"SpeedPotion"},{"floor":47.0,"key":"SkillPotion"},{"floor":55,"key":"PowerPotion"}],"is_trial":false,"path_per_floor":["M","T","?","M","M","R","M","E","T","E","?","M","M","$","R","B",null,"M","M","$","M","?","R","?","M","T","?","E","R","$","E","R","B",null,"M","M","$","?","?","E","E","R","T","M","M","?","E","?","R","B","B",null,"R","$","E","B",null],"character_chosen":"DEFECT","items_purchased":["Panacea","Cold Snap","Bottled Tornado","Turbo","Undo","Meteor Strike"],"campfire_rested":2,"item_purchase_floors":[14,14,14,20,37,54],"current_hp_per_floor":[63,63,63,61,57,57,53,35,35,27,27,27,27,27,27,15,52,50,16,16,8,8,27,27,20,20,20,20,20,20,1,20,30,56,63,64,64,64,64,64,64,64,64,64,64,64,64,61,61,61,61,61,61,61,61,40],"gold":65,"neow_bonus":"REMOVE_TWO","is_prod":false,"is_daily":false,"chose_seed":false,"campfire_upgraded":5,"win_rate":0,"timestamp":1559911467,"path_taken":["M","?","?","M","?","R","M","E","T","E","?","M","M","$","R","BOSS","M","?","$","M","?","R","?","M","T","?","E","R","$","E","R","BOSS","M","?","$","?","?","E","E","R","T","?","?","?","E","?","R","BOSS","BOSS","R","$","E","BOSS"],"build_version":"2019-01-23","purchased_purges":4,"victory":true,"max_hp_per_floor":[64,64,64,64,64,64,64,64,64,64,64,64,64,64,64,64,64,64,64,64,64,64,64,64,64,64,64,64,64,64,64,64,64,64,64,64,64,64,64,64,64,64,64,64,64,64,64,61,61,61,61,61,61,61,61,61],"card_choices":[{"not_picked":["Go for the Eyes","Leap"],"picked":"Coolheaded","floor":1.0},{"not_picked":["Sweeping Beam","Streamline"],"picked":"Conserve Battery","floor":4.0},{"not_picked":["Sweeping Beam","Beam Cell"],"picked":"Electrodynamics","floor":5.0},{"not_picked":["Loop","Consume"],"picked":"Recycle","floor":7.0},{"not_picked":["Leap","Conserve Battery"],"picked":"Biased Cognition","floor":8.0},{"not_picked":["Blizzard","Sweeping Beam"],"picked":"Defragment","floor":10.0},{"not_picked":["Gash","Double Energy"],"picked":"Rainbow","floor":12.0},{"not_picked":["Conserve Battery","Doom and Gloom","Beam Cell"],"picked":"SKIP","floor":13.0},{"not_picked":["Buffer","Machine Learning"],"picked":"Core Surge","floor":16.0},{"not_picked":["Tempest","Redo"],"picked":"Compile Driver","floor":18.0},{"not_picked":["Stack+1","Leap"],"picked":"White Noise","floor":19.0},{"not_picked":["Double Energy","Sweeping Beam"],"picked":"Ball Lightning","floor":21.0},{"not_picked":["Streamline","Turbo","Hologram"],"picked":"SKIP","floor":25.0},{"not_picked":["Streamline","Turbo"],"picked":"Hologram","floor":25.0},{"not_picked":["Compile Driver","Ball Lightning+1","Streamline"],"picked":"SKIP","floor":28.0},{"not_picked":["Force Field","Blizzard"],"picked":"Chaos","floor":31.0},{"not_picked":["Aggregate","Ball Lightning"],"picked":"Self Repair","floor":32.0},{"not_picked":["Core Surge","Buffer"],"picked":"Fission","floor":33.0},{"not_picked":["Sunder","Rebound+1"],"picked":"Turbo","floor":35.0},{"not_picked":["Stack","Cold Snap","Conserve Battery"],"picked":"SKIP","floor":36.0},{"not_picked":["Aggregate","Sweeping Beam+1"],"picked":"BootSequence+1","floor":40.0},{"not_picked":["Leap","Cold Snap+1"],"picked":"Defragment","floor":41.0},{"not_picked":["Scrape","Conserve Battery"],"picked":"Multi-Cast","floor":44.0},{"not_picked":["Redo+1","Defragment"],"picked":"Undo+1","floor":45.0},{"not_picked":["Deep Breath","PanicButton"],"picked":"Finesse","floor":46.0},{"not_picked":["Gash+1","Streamline"],"picked":"Heatsinks","floor":47.0},{"not_picked":["Static Discharge","Stack"],"picked":"Coolheaded+1","floor":55}],"player_experience":1903802,"relics_obtained":[{"floor":2.0,"key":"Omamori"},{"floor":8.0,"key":"WingedGreaves"},{"floor":9.0,"key":"Smiling Mask"},{"floor":10.0,"key":"Potion Belt"},{"floor":26.0,"key":"Thread and Needle"},{"floor":28.0,"key":"Dream Catcher"},{"floor":31.0,"key":"Bag of Preparation"},{"floor":40.0,"key":"Bag of Marbles"},{"floor":41.0,"key":"Singing Bowl"},{"floor":47.0,"key":"Bottled Lightning"}],"event_choices":[{"damage_healed":0.0,"max_hp_gain":0.0,"max_hp_loss":0.0,"gold_gain":0.0,"event_name":"Accursed Blacksmith","player_choice":"Rummage","floor":3.0,"gold_loss":0.0,"damage_taken":0.0,"relics_obtained":["WarpedTongs"],"cards_obtained":["Pain"]},{"damage_healed":0.0,"max_hp_gain":0.0,"max_hp_loss":0.0,"gold_gain":275.0,"event_name":"Golden Shrine","player_choice":"Desecrate","floor":11.0,"gold_loss":0.0,"damage_taken":0.0,"cards_obtained":["Regret"]},{"damage_healed":0.0,"max_hp_gain":0.0,"max_hp_loss":0.0,"gold_gain":0.0,"event_name":"The Library","player_choice":"Read","floor":22.0,"gold_loss":0.0,"damage_taken":0.0,"cards_obtained":["Heatsinks"]},{"damage_healed":0.0,"max_hp_gain":0.0,"max_hp_loss":0.0,"gold_gain":0.0,"cards_transformed":["Defend_B"],"event_name":"Transmorgrifier","player_choice":"Transformed","floor":27.0,"gold_loss":0.0,"damage_taken":0.0,"cards_obtained":["Sunder"]},{"damage_healed":0.0,"max_hp_gain":0.0,"max_hp_loss":0.0,"gold_gain":0.0,"event_name":"MindBloom","player_choice":"Upgrade","floor":38.0,"gold_loss":0.0,"damage_taken":0.0,"cards_upgraded":["Defend_B","Dualcast","Conserve Battery","Electrodynamics","Biased Cognition","Defragment","Rainbow","Panacea","Cold Snap","Core Surge","Compile Driver","White Noise","Turbo","Ball Lightning","Heatsinks","Hologram","Sunder","Chaos","Self Repair","Fission","Turbo","Undo"],"relics_obtained":["Mark of the Bloom"]},{"damage_healed":0.0,"max_hp_gain":0.0,"max_hp_loss":0.0,"gold_gain":0.0,"event_name":"Tomb of Lord Red Mask","player_choice":"Ignored","floor":39.0,"gold_loss":0.0,"damage_taken":0.0},{"damage_healed":0.0,"max_hp_gain":0.0,"max_hp_loss":0.0,"gold_gain":0.0,"event_name":"SensoryStone","player_choice":"Memory 1","floor":46.0,"gold_loss":0.0,"damage_taken":0.0},{"damage_healed":0.0,"max_hp_gain":0.0,"max_hp_loss":3.0,"gold_gain":0.0,"event_name":"Winding Halls","player_choice":"Max HP","floor":48.0,"gold_loss":0.0,"damage_taken":0.0}],"is_beta":false,"boss_relics":[{"not_picked":["Velvet Choker","Black Star"],"picked":"Inserter"},{"not_picked":["Sozu","Snecko Eye"],"picked":"White Beast Statue"}],"items_purged_floors":[14,20,30,37],"is_endless":false,"potions_floor_spawned":[4,8,16,18,21,28,33,35,36,40,41,44,45,47,55],"ascension_level":20}