{"gold_per_floor":[112,123,142,67,67,67,102,18,41,41,52,52,52,63,63,140,140,157,57,57,77,87,87,116,136,136,136,236,236,265,283,283,359,359,369,384,403,403,403,403,433,433,433,465,465,478,478,478,478,478,478,478,478,20,51,51],"floor_reached":57,"playtime":2504,"items_purged":["Strike_G","Strike_G","Defend_G"],"score":2996,"play_id":"c6a90ed3-008c-4aab-a6ed-6f54fa22bf60","local_time":"20190720221954","is_ascension_mode":true,"campfire_choices":[{"data":"Deadly Poison","floor":6.0,"key":"SMITH"},{"data":"Catalyst","floor":10.0,"key":"SMITH"},{"data":"Neutralize","floor":13.0,"key":"SMITH"},{"data":"Calculated Gamble","floor":15.0,"key":"SMITH"},{"data":"Envenom","floor":23.0,"key":"SMITH"},{"data":"Acrobatics","floor":27.0,"key":"SMITH"},{"floor":29.0,"key":"REST"},{"data":"Footwork","floor":32.0,"key":"SMITH"},{"data":"Madness","floor":40.0,"key":"SMITH"},{"floor":42.0,"key":"RECALL"},{"floor":47,"key":"REST"},{"floor":49,"key":"REST"},{"data":"Adrenaline","floor":53,"key":"SMITH"}],"neow_cost":"NONE","seed_source_timestamp":0,"circlet_count":0,"master_deck":["AscendersBane","Defend_G","Defend_G","Defend_G","Survivor","Neutralize+1","Flechettes+1","Deadly Poison+1","Envenom+1","Catalyst+1","Calculated Gamble+1","Backflip","After Image","Well Laid Plans+1","Blur+1","Burst+1","Acrobatics+1","Footwork+1","Escape Plan","Madness+1","Adrenaline+1","Catalyst+1"],"special_seed":0,"relics":["Ring of the Snake","NeowsBlessing","Pen Nib","Oddly Smooth Stone","Astrolabe","Strawberry","Mummified Hand","Pocketwatch","Shuriken","Whetstone","Black Star","Ancient Tea Set","Singing Bowl","Incense Burner","Dream Catcher","Tingsha","DollysMirror","Sundial","Art of War"],"potions_floor_usage":[56,56,56,56],"damage_taken":[{"damage":0.0,"enemies":"Small Slimes","floor":1.0,"turns":1.0},{"damage":0.0,"enemies":"Cultist","floor":2.0,"turns":1.0},{"damage":0.0,"enemies":"Jaw Worm","floor":3.0,"turns":1.0},{"damage":32.0,"enemies":"Gremlin Nob","floor":7.0,"turns":4.0},{"damage":2.0,"enemies":"Looter","floor":11.0,"turns":4.0},{"damage":14.0,"enemies":"Lots of Slimes","floor":14.0,"turns":6.0},{"damage":3.0,"enemies":"The Guardian","floor":16.0,"turns":8.0},{"damage":10.0,"enemies":"2 Thieves","floor":18.0,"turns":4.0},{"damage":0.0,"enemies":"Chosen","floor":21.0,"turns":4.0},{"damage":18.0,"enemies":"Sentry and Sphere","floor":22.0,"turns":5.0},{"damage":0.0,"enemies":"Book of Stabbing","floor":24.0,"turns":4.0},{"damage":2.0,"enemies":"Shelled Parasite and Fungi","floor":25.0,"turns":6.0},{"damage":1.0,"enemies":"Colosseum Slavers","floor":28.0,"turns":3.0},{"damage":0.0,"enemies":"Colosseum Nobs","floor":28.0,"turns":6.0},{"damage":0.0,"enemies":"Gremlin Leader","floor":30.0,"turns":2.0},{"damage":0.0,"enemies":"Centurion and Healer","floor":31.0,"turns":5.0},{"damage":0.0,"enemies":"Collector","floor":33.0,"turns":6.0},{"damage":0.0,"enemies":"Orb Walker","floor":35.0,"turns":2.0},{"damage":0.0,"enemies":"3 Shapes","floor":36.0,"turns":4.0},{"damage":0.0,"enemies":"Maw","floor":37.0,"turns":4.0},{"damage":10.0,"enemies":"Nemesis","floor":41.0,"turns":7.0},{"damage":39.0,"enemies":"Reptomancer","floor":44.0,"turns":3.0},{"damage":0,"enemies":"Writhing Mass","floor":46,"turns":3},{"damage":1,"enemies":"Time Eater","floor":50,"turns":7},{"damage":0,"enemies":"Awakened One","floor":51,"turns":13},{"damage":10,"enemies":"Shield and Spear","floor":55,"turns":6},{"damage":20,"enemies":"The Heart","floor":56,"turns":5}],"seed_played":"689654108860876704","potions_obtained":[{"floor":1.0,"key":"SteroidPotion"},{"floor":3.0,"key":"Explosive Potion"},{"floor":16.0,"key":"Poison Potion"},{"floor":18.0,"key":"Strength Potion"},{"floor":22.0,"key":"EntropicBrew"},{"floor":28.0,"key":"Energy Potion"},{"floor":33.0,"key":"GamblersBrew"},{"floor":46,"key":"Ancient Potion"}],"is_trial":false,"path_per_floor":["M","M","M","$","?","R","E","$","T","R","M","?","R","M","R","B",null,"M","$","?","M","M","R","E","M","T","R","?","R","E","M","R","B",null,"M","M","M","?","?","R","E","R","T","E","?","M","R","T","R","B","B",null,"R","$","E","B",null],"character_chosen":"THE_SILENT","items_purchased":["Catalyst","EntropicBrew","DollysMirror"],"campfire_rested":3,"item_purchase_floors":[8,54,54],"current_hp_per_floor":[59,59,59,59,59,59,27,27,27,27,25,25,25,11,11,8,52,42,42,42,42,24,24,31,29,29,29,28,49,49,49,49,49,67,67,67,67,57,57,57,49,49,49,10,10,12,37,37,62,61,61,76,76,76,68,48],"gold":51,"neow_bonus":"THREE_ENEMY_KILL","is_prod":false,"is_daily":false,"chose_seed":false,"campfire_upgraded":9,"win_rate":0,"timestamp":1563632394,"path_taken":["M","M","M","$","?","R","E","?","T","R","?","?","R","M","R","BOSS","M","$","?","M","?","R","E","?","T","R","?","R","E","M","R","BOSS","M","M","M","?","?","R","E","R","T","E","?","M","R","?","R","BOSS","BOSS","R","$","E","BOSS"],"build_version":"2019-07-17","purchased_purges":3,"victory":true,"max_hp_per_floor":[66,66,66,66,66,66,66,66,66,66,66,66,66,66,66,66,66,66,66,66,66,66,66,73,73,73,73,73,73,73,73,73,73,73,73,73,73,73,73,73,75,75,75,75,75,77,79,79,81,81,81,81,81,81,83,83],"card_choices":[{"not_picked":["Leg Sweep","Prepared","Accuracy"],"picked":"SKIP","floor":1.0},{"not_picked":["Prepared","Heel Hook"],"picked":"Flechettes","floor":2.0},{"not_picked":["Dagger Spray","Prepared"],"picked":"Deadly Poison","floor":3.0},{"not_picked":["Finisher","Choke"],"picked":"Envenom","floor":7.0},{"not_picked":["Catalyst","Eviscerate"],"picked":"Calculated Gamble","floor":11.0},{"not_picked":["Outmaneuver","Deflect"],"picked":"Backflip","floor":14.0},{"not_picked":["Corpse Explosion","Unload"],"picked":"After Image","floor":16.0},{"not_picked":["Blade Dance+1","Blur","Backflip"],"picked":"SKIP","floor":18.0},{"not_picked":["Concentrate","Expertise","Noxious Fumes"],"picked":"SKIP","floor":21.0},{"not_picked":["Escape Plan","Infinite Blades"],"picked":"Acrobatics","floor":22.0},{"not_picked":["Tools of the Trade","Noxious Fumes","Outmaneuver"],"picked":"SKIP","floor":24.0},{"not_picked":["Crippling Poison","Acrobatics","Blade Dance"],"picked":"SKIP","floor":25.0},{"not_picked":["Slice","Accuracy"],"picked":"Footwork","floor":30.0},{"not_picked":["Well Laid Plans","Footwork"],"picked":"Escape Plan","floor":31.0},{"not_picked":["Masterful Stab","Infinite Blades+1","Underhanded Strike+1"],"picked":"SKIP","floor":35.0},{"not_picked":["Distraction","Infinite Blades+1","Backflip"],"picked":"SKIP","floor":36.0},{"not_picked":["Dagger Spray+1","Poisoned Stab","Bouncing Flask"],"picked":"SKIP","floor":37.0},{"not_picked":["Magnetism","Good Instincts"],"picked":"Secret Technique","floor":38.0},{"not_picked":["Discovery","Sadistic Nature"],"picked":"Madness","floor":38.0},{"not_picked":["Footwork","Blade Dance+1","Dagger Throw"],"picked":"Singing Bowl","floor":41.0},{"not_picked":["Deflect","Dagger Spray"],"picked":"Adrenaline","floor":44.0},{"not_picked":["Backflip","Dagger Throw","Calculated Gamble+1"],"picked":"Singing Bowl","floor":46},{"not_picked":["Calculated Gamble","Finisher","Heel Hook"],"picked":"Singing Bowl","floor":47},{"not_picked":["Prepared+1","Deflect","Slice"],"picked":"Singing Bowl","floor":49},{"not_picked":["Dash","Deadly Poison","Dagger Spray+1"],"picked":"Singing Bowl","floor":55}],"player_experience":2050402,"relics_obtained":[{"floor":7.0,"key":"Pen Nib"},{"floor":9.0,"key":"Oddly Smooth Stone"},{"floor":24.0,"key":"Strawberry"},{"floor":26.0,"key":"Mummified Hand"},{"floor":28.0,"key":"Pocketwatch"},{"floor":28.0,"key":"Shuriken"},{"floor":30.0,"key":"Whetstone"},{"floor":41.0,"key":"Ancient Tea Set"},{"floor":41.0,"key":"Singing Bowl"},{"floor":44.0,"key":"Incense Burner"},{"floor":44.0,"key":"Dream Catcher"},{"floor":48,"key":"Tingsha"},{"floor":55,"key":"Sundial"},{"floor":55,"key":"Art of War"}],"event_choices":[{"damage_healed":0.0,"max_hp_gain":0.0,"max_hp_loss":0.0,"gold_gain":0.0,"event_name":"Upgrade Shrine","player_choice":"Upgraded","floor":5.0,"gold_loss":0.0,"damage_taken":0.0,"cards_upgraded":["Flechettes"]},{"damage_healed":0.0,"max_hp_gain":0.0,"max_hp_loss":0.0,"gold_gain":0.0,"event_name":"Liars Game","player_choice":"Ignored","floor":12.0,"gold_loss":0.0,"damage_taken":0.0},{"cards_removed":["Defend_G"],"damage_healed":0.0,"max_hp_gain":0.0,"max_hp_loss":0.0,"gold_gain":0.0,"event_name":"Bonfire Elementals","player_choice":"Offered Basic","floor":20.0,"gold_loss":0.0,"damage_taken":0.0},{"damage_healed":0.0,"max_hp_gain":0.0,"max_hp_loss":0.0,"gold_gain":0.0,"event_name":"Colosseum","player_choice":"Fight","floor":28.0,"gold_loss":0.0,"damage_taken":0.0},{"damage_healed":0.0,"max_hp_gain":0.0,"max_hp_loss":0.0,"gold_gain":0.0,"event_name":"Colosseum","player_choice":"Fought Nobs","floor":28.0,"gold_loss":0.0,"damage_taken":0.0},{"damage_healed":0.0,"max_hp_gain":0.0,"max_hp_loss":0.0,"gold_gain":0.0,"event_name":"SensoryStone","player_choice":"Memory 3","floor":38.0,"gold_loss":0.0,"damage_taken":10.0},{"cards_removed":["Secret Technique"],"damage_healed":0.0,"max_hp_gain":0.0,"max_hp_loss":0.0,"gold_gain":0.0,"event_name":"Falling","player_choice":"Removed Skill","floor":39.0,"gold_loss":0.0,"damage_taken":0.0},{"damage_healed":0,"gold_gain":0,"player_choice":"Ignored","damage_taken":0,"max_hp_gain":0,"max_hp_loss":0,"event_name":"Mysterious Sphere","floor":45,"gold_loss":0}],"is_beta":false,"boss_relics":[{"not_picked":["Fusion Hammer","Empty Cage"],"picked":"Astrolabe"},{"not_picked":["Sozu","Velvet Choker"],"picked":"Black Star"}],"items_purged_floors":[4,19,54],"is_endless":false,"potions_floor_spawned":[1,3,16,18,22,28,28,33,35,37,46],"ascension_level":20}