{"gold_per_floor":[114,129,129,148,167,186,186,35,85,104,279,279,298,317,317,442,442,461,100,119,138,157,157,157,176,176,176,195,214,214,9,9,9],"floor_reached":33,"playtime":2478,"items_purged":[],"score":395,"play_id":"b7e5d846-bf29-420f-a91c-e5a698a222e2","local_time":"20180630205152","daily_mods":["Heirloom","Cursed Run","Terminal"],"is_ascension_mode":false,"campfire_choices":[{"data":"Darkness","floor":7,"key":"SMITH"},{"data":"Doom and Gloom","floor":12,"key":"SMITH"},{"data":"Go for the Eyes","floor":15,"key":"SMITH"},{"floor":24,"key":"REST"},{"floor":32,"key":"REST"}],"neow_cost":"","seed_source_timestamp":0,"circlet_count":0,"master_deck":["Strike_B","Strike_B","Strike_B","Strike_B","Defend_B","Defend_B","Defend_B","Defend_B","Zap","Dualcast","Darkness+1","Streamline","Injury","Go for the Eyes+1","Reinforced Body","Auto Shields","Doom and Gloom+1","Skim","Turbo","Clumsy","Aggregate","Doubt","Echo Form","Loop","Normality","Hyperbeam","Melter","Ball Lightning","Reboot","Streamline","Turbo","Hello World","Darkness","Panache","Flash of Steel","Skim+1","Streamline","Core Surge","Rebound","Stack","Doubt","Zap","Biased Cognition","Rip and Tear","BootSequence","Hyperbeam","Leap","FTL","Purity","Ball Lightning"],"special_seed":17712,"relics":["Cursed Key","Darkstone Periapt","Du-Vu Doll","Torii","Golden Idol","Dream Catcher","Orrery","Emotion Chip"],"potions_floor_usage":[20,22,25,25,33,33],"damage_taken":[{"damage":0,"enemies":"Cultist","floor":1,"turns":3},{"damage":0,"enemies":"2 Louse","floor":2,"turns":3},{"damage":1,"enemies":"Jaw Worm","floor":4,"turns":3},{"damage":1,"enemies":"Lots of Slimes","floor":5,"turns":5},{"damage":0,"enemies":"Red Slaver","floor":6,"turns":3},{"damage":0,"enemies":"Gremlin Gang","floor":10,"turns":3},{"damage":0,"enemies":"3 Louse","floor":13,"turns":1},{"damage":1,"enemies":"2 Fungi Beasts","floor":14,"turns":3},{"damage":6,"enemies":"The Guardian","floor":16,"turns":7},{"damage":0,"enemies":"3 Byrds","floor":18,"turns":5},{"damage":2,"enemies":"Shell Parasite","floor":20,"turns":3},{"damage":20,"enemies":"Centurion and Healer","floor":21,"turns":5},{"damage":24,"enemies":"Slaver and Parasite","floor":22,"turns":4},{"damage":0,"enemies":"Snake Plant","floor":25,"turns":2},{"damage":15,"enemies":"Centurion and Healer","floor":28,"turns":5},{"damage":9,"enemies":"Slaver and Parasite","floor":29,"turns":6},{"damage":64,"enemies":"Collector","floor":33,"turns":8}],"seed_played":"-1755974802296634168","potions_obtained":[{"floor":2,"key":"GamblersBrew"},{"floor":4,"key":"Weak Potion"},{"floor":10,"key":"FocusPotion"},{"floor":13,"key":"SkillPotion"},{"floor":18,"key":"Explosive Potion"},{"floor":21,"key":"Weak Potion"},{"floor":22,"key":"Fire Potion"},{"floor":29,"key":"Fruit Juice"}],"is_trial":false,"path_per_floor":["M","M","?","M","M","M","R","$","T","M","?","R","M","M","R","B",null,"M","$","M","M","M","?","R","M","T","?","M","M","?","$","R"],"character_chosen":"DEFECT","items_purchased":["Doom and Gloom","Skim","Turbo","Darkness","Panache","Flash of Steel","Leap","FTL","Purity"],"campfire_rested":2,"item_purchase_floors":[8,8,8,19,19,19,31,31,31],"current_hp_per_floor":[73,72,77,76,75,74,73,72,77,76,81,80,79,78,77,77,81,80,79,77,57,33,33,55,55,61,61,46,37,37,37,58,0],"gold":9,"neow_bonus":"","is_prod":false,"is_daily":true,"chose_seed":false,"campfire_upgraded":3,"win_rate":0.0,"timestamp":1530359512,"path_taken":["M","M","?","M","?","M","R","?","T","?","?","R","M","M","R","BOSS","M","$","M","?","M","?","R","M","T","?","M","M","?","$","R","BOSS"],"build_version":"2018-06-28","purchased_purges":0,"victory":false,"max_hp_per_floor":[73,72,77,76,75,74,73,72,77,76,81,80,79,78,77,82,81,80,79,78,77,76,75,74,73,78,77,76,75,74,73,72,77],"card_choices":[{"not_picked":["Turbo","Coolheaded"],"picked":"Darkness","floor":1},{"not_picked":["Go for the Eyes","Conserve Battery"],"picked":"Streamline","floor":2},{"not_picked":["Biased Cognition","Beam Cell"],"picked":"Go for the Eyes","floor":4},{"not_picked":["Self Repair","FTL"],"picked":"Reinforced Body","floor":5},{"not_picked":["Steam","Ball Lightning"],"picked":"Auto Shields","floor":6},{"not_picked":["Capacitor","Leap"],"picked":"Aggregate","floor":10},{"not_picked":["Redo","Rebound"],"picked":"Echo Form","floor":13},{"not_picked":["Blizzard","Heatsinks"],"picked":"Loop","floor":14},{"not_picked":["Biased Cognition","Machine Learning"],"picked":"Hyperbeam","floor":16},{"not_picked":["Coolheaded","Steam"],"picked":"Melter","floor":17},{"not_picked":["Cold Snap","Aggregate"],"picked":"Ball Lightning","floor":17},{"not_picked":["Gash","Compile Driver"],"picked":"Reboot","floor":17},{"not_picked":["Redo","Compile Driver"],"picked":"Streamline","floor":17},{"not_picked":["Cold Snap","Steam"],"picked":"Turbo","floor":17},{"not_picked":["Static Discharge","Cold Snap"],"picked":"Hello World","floor":18},{"not_picked":["Ball Lightning","Chill"],"picked":"Skim+1","floor":20},{"not_picked":["Cold Snap","Rebound"],"picked":"Streamline","floor":21},{"not_picked":["Barrage","Coolheaded"],"picked":"Core Surge","floor":22},{"not_picked":["Hello World","Scrape+1"],"picked":"Rebound","floor":24},{"not_picked":["Leap+1","Streamline"],"picked":"Stack","floor":25},{"not_picked":["Go for the Eyes","Conserve Battery+1"],"picked":"Rip and Tear","floor":28},{"not_picked":["Cold Snap+1","Undo+1"],"picked":"BootSequence","floor":29},{"not_picked":["Steam+1","Consume"],"picked":"Ball Lightning","floor":32}],"player_experience":39618,"relics_obtained":[{"floor":9,"key":"Dream Catcher"},{"floor":26,"key":"Emotion Chip"}],"event_choices":[{"event_name":"Golden Idol","player_choice":"Take Wound","floor":3,"damage_taken":0},{"event_name":"Liars Game","player_choice":"agreed","floor":11,"damage_taken":0},{"event_name":"Ghosts","player_choice":"Ignored","floor":23,"damage_taken":0},{"event_name":"Match and Keep!","player_choice":"2 cards matched","floor":27,"damage_taken":0},{"event_name":"Duplicator","player_choice":"One dupe","floor":30,"damage_taken":0}],"boss_relics":[{"not_picked":["Sozu","Astrolabe"],"picked":"Orrery"}],"items_purged_floors":[],"is_endless":false,"potions_floor_spawned":[2,4,10,13,16,18,21,22,29],"killed_by":"Collector","ascension_level":0}