{"gold_per_floor":[111,124,124,124,49,49,65,81,81,81,107,107,107,107,107,181,181,192,192,117,130,147,147,147,147],"floor_reached":25,"playtime":603,"items_purged":["Strike_B"],"score":398,"play_id":"3205ada0-a98c-408f-9fac-b9483e959649","local_time":"20190621140009","is_ascension_mode":true,"campfire_choices":[{"data":"Ball Lightning","floor":6.0,"key":"SMITH"},{"floor":10.0,"key":"REST"},{"data":"Melter","floor":12.0,"key":"SMITH"},{"data":"Cold Snap","floor":15,"key":"SMITH"},{"floor":23,"key":"REST"}],"neow_cost":"NONE","seed_source_timestamp":1636384554413507,"circlet_count":0,"master_deck":["AscendersBane","Strike_B","Defend_B","Defend_B","Defend_B","Defend_B","Zap","Dualcast","Ball Lightning+1","Melter+1","Cold Snap+1","Creative AI","Force Field"],"special_seed":0,"relics":["Snecko Eye","Nunchaku","StoneCalendar","Cables","Runic Pyramid"],"potions_floor_usage":[16,21,25,25],"damage_taken":[{"damage":11.0,"enemies":"Jaw Worm","floor":1.0,"turns":8.0},{"damage":3.0,"enemies":"2 Louse","floor":2.0,"turns":2.0},{"damage":6.0,"enemies":"Small Slimes","floor":7.0,"turns":3.0},{"damage":8.0,"enemies":"Red Slaver","floor":8.0,"turns":3.0},{"damage":32.0,"enemies":"Gremlin Nob","floor":11.0,"turns":4.0},{"damage":1,"enemies":"Hexaghost","floor":16,"turns":7},{"damage":18,"enemies":"Chosen","floor":18,"turns":5},{"damage":20,"enemies":"Shell Parasite","floor":21,"turns":6},{"damage":1,"enemies":"Sentry and Sphere","floor":22,"turns":4},{"damage":30,"enemies":"Cultist and Chosen","floor":25,"turns":5}],"seed_played":"580309484874144489","potions_obtained":[{"floor":2.0,"key":"AttackPotion"},{"floor":8.0,"key":"SkillPotion"},{"floor":11.0,"key":"FocusPotion"},{"floor":22,"key":"FearPotion"},{"floor":24,"key":"SneckoOil"},{"floor":24,"key":"FocusPotion"}],"is_trial":false,"path_per_floor":["M","M","?","?","?","R","M","M","T","R","E","R","?","?","R","B",null,"M","?","$","M","M","R","?","M"],"character_chosen":"DEFECT","items_purchased":[],"campfire_rested":2,"item_purchase_floors":[],"current_hp_per_floor":[53,50,39,39,39,39,33,25,25,46,14,14,14,14,14,13,57,39,29,29,9,8,29,29,0],"gold":147,"neow_bonus":"BOSS_RELIC","is_prod":false,"is_daily":false,"chose_seed":false,"campfire_upgraded":3,"win_rate":0,"timestamp":1561096809,"path_taken":["M","M","?","?","?","R","M","M","T","R","E","R","?","?","R","BOSS","M","?","$","M","?","R","?","M"],"build_version":"2019-01-23","purchased_purges":1,"victory":false,"max_hp_per_floor":[71,71,71,71,71,71,71,71,71,71,71,71,71,71,71,71,71,71,71,71,71,71,71,71,71],"card_choices":[{"not_picked":["Rebound","Redo","Sweeping Beam"],"picked":"SKIP","floor":1.0},{"not_picked":["Go for the Eyes","Consume"],"picked":"Ball Lightning","floor":2.0},{"not_picked":["Barrage","Reprogram"],"picked":"Melter","floor":7.0},{"not_picked":["Stack","Go for the Eyes","Redo"],"picked":"SKIP","floor":8.0},{"not_picked":["Aggregate","Gash"],"picked":"Cold Snap","floor":11.0},{"not_picked":["Multi-Cast","Buffer"],"picked":"Creative AI","floor":16},{"not_picked":["Ball Lightning","Steam","Rip and Tear"],"picked":"SKIP","floor":18},{"not_picked":["Beam Cell","Cold Snap"],"picked":"Force Field","floor":21},{"not_picked":["Stack","Beam Cell","Turbo"],"picked":"SKIP","floor":22}],"player_experience":1949441,"relics_obtained":[{"floor":9.0,"key":"StoneCalendar"},{"floor":11.0,"key":"Cables"}],"event_choices":[{"damage_healed":0.0,"max_hp_gain":0.0,"max_hp_loss":0.0,"gold_gain":0.0,"event_name":"Scrap Ooze","player_choice":"Success","floor":3.0,"gold_loss":0.0,"damage_taken":11.0,"relics_obtained":["Nunchaku"]},{"damage_healed":0.0,"max_hp_gain":0.0,"max_hp_loss":0.0,"gold_gain":0.0,"event_name":"Liars Game","player_choice":"Ignored","floor":4.0,"gold_loss":0.0,"damage_taken":0.0},{"cards_removed":["Strike_B"],"damage_healed":0.0,"max_hp_gain":0.0,"max_hp_loss":0.0,"gold_gain":0.0,"event_name":"The Cleric","player_choice":"Card Removal","floor":5.0,"gold_loss":75.0,"damage_taken":0.0},{"cards_removed":["Strike_B"],"damage_healed":0,"gold_gain":0,"player_choice":"Forget","damage_taken":0,"max_hp_gain":0,"max_hp_loss":0,"event_name":"Living Wall","floor":13,"gold_loss":0},{"damage_healed":0,"gold_gain":0,"player_choice":"Ignored","damage_taken":0,"max_hp_gain":0,"max_hp_loss":0,"event_name":"Shining Light","floor":14,"gold_loss":0},{"damage_healed":0,"gold_gain":0,"player_choice":"Damaged","damage_taken":10,"max_hp_gain":0,"max_hp_loss":0,"event_name":"Wheel of Change","floor":19,"gold_loss":0},{"damage_healed":0,"gold_gain":0,"player_choice":"Got Potions","damage_taken":0,"max_hp_gain":0,"max_hp_loss":0,"event_name":"Lab","floor":24,"gold_loss":0}],"is_beta":false,"boss_relics":[{"not_picked":["Philosopher\u0027s Stone","Calling Bell"],"picked":"Runic Pyramid"}],"items_purged_floors":[20],"is_endless":false,"potions_floor_spawned":[2,8,11,22],"killed_by":"Cultist and Chosen","ascension_level":20}