{"gold_per_floor":[112,132,144,163,163,193,193,210,210,9,43,43,43,43,43,140,140,157,169,169,181,280,313,313,313,313,41,41,54,54,70,70,173,173,191,13,32,44,44,78,78,78,78,78,78,92,106,106],"floor_reached":48,"playtime":3638,"items_purged":[],"score":517,"play_id":"b5684c8c-0cb4-4bd7-8f92-d1f511892f75","local_time":"20190728024232","is_ascension_mode":false,"campfire_choices":[{"floor":7,"key":"REST"},{"floor":12,"key":"REST"},{"floor":15,"key":"REST"},{"data":"Calculated Gamble","floor":24,"key":"SMITH"},{"data":"Crippling Poison","floor":30,"key":"SMITH"},{"floor":32,"key":"REST"},{"floor":44,"key":"REST"}],"neow_cost":"TEN_PERCENT_HP_LOSS","seed_source_timestamp":179681262922000,"circlet_count":0,"master_deck":["Survivor","Neutralize","Quick Slash","Dagger Spray","Dash","Quick Slash","Bane","Storm of Steel+1","Deflect","Bouncing Flask","Slice","Calculated Gamble+1","Outmaneuver","Catalyst","Glass Knife","Flying Knee+1","Crippling Poison+1","Flying Knee+1","Poisoned Stab+1","Backstab","Backstab","Backstab","Necronomicurse","Master of Strategy","Deflect","Deflect","Flying Knee+1","Caltrops+1","Die Die Die","Deadly Poison","Die Die Die","Quick Slash","Bane","Slice","After Image","Footwork","Well Laid Plans","Noxious Fumes+1","Skewer+1","All Out Attack","Caltrops+1","Deadly Poison+1","Tactician+1","Swift Strike","Bane+1","Backflip+1","Leg Sweep+1","Distraction+1"],"relics":["Ring of the Snake","Prayer Wheel","Matryoshka","Shuriken","Mercury Hourglass","Ancient Tea Set","Pear","Runic Pyramid","Pen Nib","Necronomicon","Bronze Scales","Ice Cream","Pandora\u0027s Box","Snake Skull","Pantograph"],"potions_floor_usage":[4,6,11,23,23,33,33,40,41,46,47,48,48],"damage_taken":[{"damage":1,"enemies":"Cultist","floor":1,"turns":4},{"damage":0,"enemies":"Small Slimes","floor":2,"turns":3},{"damage":0,"enemies":"2 Louse","floor":3,"turns":2},{"damage":20,"enemies":"Exordium Wildlife","floor":4,"turns":5},{"damage":25,"enemies":"Gremlin Nob","floor":6,"turns":5},{"damage":12,"enemies":"3 Louse","floor":8,"turns":2},{"damage":2,"enemies":"3 Sentries","floor":11,"turns":4},{"damage":34,"enemies":"The Guardian","floor":16,"turns":7},{"damage":16,"enemies":"2 Thieves","floor":18,"turns":3},{"damage":0,"enemies":"3 Byrds","floor":19,"turns":3},{"damage":0,"enemies":"Cultist and Chosen","floor":21,"turns":3},{"damage":4,"enemies":"Gremlin Leader","floor":23,"turns":4},{"damage":2,"enemies":"Chosen and Byrds","floor":29,"turns":4},{"damage":6,"enemies":"Centurion and Healer","floor":31,"turns":3},{"damage":43,"enemies":"Automaton","floor":33,"turns":8},{"damage":17,"enemies":"3 Darklings","floor":35,"turns":3},{"damage":9,"enemies":"3 Shapes","floor":37,"turns":1},{"damage":14,"enemies":"Sphere and 2 Shapes","floor":38,"turns":3},{"damage":11,"enemies":"Nemesis","floor":40,"turns":5},{"damage":0,"enemies":"Maw","floor":41,"turns":2},{"damage":28,"enemies":"4 Shapes","floor":46,"turns":3},{"damage":0,"enemies":"Jaw Worm Horde","floor":47,"turns":3},{"damage":20,"enemies":"Spire Growth","floor":48,"turns":3}],"seed_played":"2647132352147038688","potions_obtained":[{"floor":1,"key":"Ancient Potion"},{"floor":3,"key":"SpeedPotion"},{"floor":6,"key":"Dexterity Potion"},{"floor":8,"key":"PowerPotion"},{"floor":16,"key":"Block Potion"},{"floor":18,"key":"Strength Potion"},{"floor":31,"key":"AttackPotion"},{"floor":40,"key":"SmokeBomb"},{"floor":46,"key":"PowerPotion"},{"floor":47,"key":"Weak Potion"}],"is_trial":false,"path_per_floor":["M","M","M","M","?","E","R","M","T","$","E","R","?","$","R","B",null,"M","M","?","M","?","E","R","?","T","$","?","M","R","M","R","B",null,"M","$","M","M","?","E","M","?","T","R","?","M","M","M"],"character_chosen":"THE_SILENT","items_purchased":["Ancient Tea Set","Outmaneuver","GhostInAJar","Master of Strategy","Explosive Potion","Fire Potion","All Out Attack"],"campfire_rested":5,"item_purchase_floors":[10,10,27,27,36,36,36],"current_hp_per_floor":[62,62,62,42,42,17,35,23,23,23,31,52,52,52,73,39,73,57,57,73,73,73,69,69,53,53,53,53,51,51,45,66,23,73,56,56,47,33,33,22,22,22,22,43,43,15,15,0],"gold":106,"neow_bonus":"ONE_RARE_RELIC","is_prod":false,"is_daily":false,"chose_seed":false,"campfire_upgraded":2,"win_rate":0.0,"timestamp":1564299752,"path_taken":["M","?","M","M","?","E","R","?","T","$","E","R","?","$","R","BOSS","M","M","?","M","?","E","R","?","T","$","?","M","R","M","R","BOSS","M","$","M","M","?","E","M","?","T","R","?","M","M","M"],"build_version":"2019-07-17","purchased_purges":0,"victory":false,"max_hp_per_floor":[63,63,63,63,63,63,63,63,63,63,73,73,73,73,73,73,73,73,73,73,73,73,73,73,73,73,73,73,73,73,73,73,73,73,73,73,73,73,73,73,73,73,73,73,73,73,73,73],"card_choices":[{"not_picked":["Distraction","Masterful Stab"],"picked":"Quick Slash","floor":1},{"not_picked":["Choke","Dodge and Roll"],"picked":"Dagger Spray","floor":1},{"not_picked":["Distraction","Cloak And Dagger"],"picked":"Dash","floor":2},{"not_picked":["Acrobatics","Blade Dance"],"picked":"Quick Slash","floor":2},{"not_picked":["Skewer","Dagger Throw"],"picked":"Bane","floor":3},{"not_picked":["Slice","Dagger Throw"],"picked":"Storm of Steel","floor":3},{"not_picked":["Bane","Quick Slash"],"picked":"Deflect","floor":4},{"not_picked":["Dodge and Roll","Infinite Blades","Distraction"],"picked":"SKIP","floor":4},{"not_picked":["Flechettes","Dodge and Roll"],"picked":"Bouncing Flask","floor":6},{"not_picked":["Phantasmal Killer","Flying Knee"],"picked":"Slice","floor":8},{"not_picked":["Backflip","Dagger Spray"],"picked":"Calculated Gamble","floor":8},{"not_picked":["Dagger Spray","Calculated Gamble"],"picked":"Catalyst","floor":11},{"not_picked":["Malaise","Night Terror"],"picked":"Glass Knife","floor":16},{"not_picked":["Leg Sweep","Underhanded Strike"],"picked":"Flying Knee+1","floor":18},{"not_picked":["Bane","Caltrops"],"picked":"Crippling Poison","floor":18},{"not_picked":["Deflect","Prepared"],"picked":"Flying Knee+1","floor":19},{"not_picked":["Dagger Spray","Flying Knee"],"picked":"Poisoned Stab+1","floor":19},{"not_picked":["Flying Knee","Bullet Time"],"picked":"Backstab","floor":21},{"not_picked":["Deflect","Blur+1"],"picked":"Backstab","floor":21},{"not_picked":["Sucker Punch+1","Slice"],"picked":"Backstab","floor":23},{"not_picked":["Bouncing Flask","Prepared"],"picked":"Deflect","floor":29},{"not_picked":["Dagger Throw","Bane"],"picked":"Deflect","floor":29},{"not_picked":["Acrobatics","Underhanded Strike"],"picked":"Flying Knee+1","floor":31},{"not_picked":["Eviscerate","Malaise"],"picked":"Caltrops+1","floor":31},{"not_picked":["Bullet Time","Burst"],"picked":"Die Die Die","floor":33},{"not_picked":["Bouncing Flask+1","Quick Slash"],"picked":"Noxious Fumes+1","floor":35},{"not_picked":["Backflip","Leg Sweep+1"],"picked":"Skewer+1","floor":35},{"not_picked":["Sucker Punch+1","Reflex"],"picked":"Caltrops+1","floor":37},{"not_picked":["Dodge and Roll","Bouncing Flask"],"picked":"Deadly Poison+1","floor":37},{"not_picked":["Dodge and Roll","Blade Dance"],"picked":"Tactician+1","floor":38},{"not_picked":["Catalyst","Flying Knee","Poisoned Stab"],"picked":"SKIP","floor":38},{"not_picked":["Forethought","Discovery"],"picked":"Swift Strike","floor":39},{"not_picked":["Sucker Punch+1","PiercingWail","Heel Hook+1"],"picked":"SKIP","floor":40},{"not_picked":["Malaise","Blur+1"],"picked":"Bane+1","floor":46},{"not_picked":["Acrobatics","Quick Slash"],"picked":"Backflip+1","floor":46},{"not_picked":["Bane","PiercingWail+1"],"picked":"Leg Sweep+1","floor":47},{"not_picked":["Sucker Punch+1","Slice"],"picked":"Distraction+1","floor":47}],"player_experience":166180,"relics_obtained":[{"floor":6,"key":"Matryoshka"},{"floor":9,"key":"Shuriken"},{"floor":9,"key":"Mercury Hourglass"},{"floor":11,"key":"Pear"},{"floor":23,"key":"Pen Nib"},{"floor":25,"key":"Necronomicon"},{"floor":26,"key":"Bronze Scales"},{"floor":26,"key":"Ice Cream"},{"floor":40,"key":"Snake Skull"},{"floor":43,"key":"Pantograph"}],"event_choices":[{"cards_removed":["Strike_G"],"damage_healed":0,"gold_gain":0,"player_choice":"Purged","damage_taken":0,"max_hp_gain":0,"max_hp_loss":0,"event_name":"Purifier","floor":5,"gold_loss":0},{"damage_healed":0,"gold_gain":0,"player_choice":"Grow","damage_taken":0,"max_hp_gain":0,"max_hp_loss":0,"event_name":"Living Wall","floor":13,"gold_loss":0,"cards_upgraded":["Storm of Steel"]},{"damage_healed":24,"gold_gain":0,"player_choice":"Heal","damage_taken":0,"max_hp_gain":0,"max_hp_loss":0,"event_name":"The Library","floor":20,"gold_loss":0},{"damage_healed":0,"gold_gain":99,"player_choice":"Stole From Cult","damage_taken":0,"max_hp_gain":0,"max_hp_loss":0,"event_name":"Nest","floor":22,"gold_loss":0},{"damage_healed":0,"gold_gain":0,"player_choice":"Obtained Book","damage_taken":16,"max_hp_gain":0,"max_hp_loss":0,"event_name":"Cursed Tome","floor":25,"gold_loss":0},{"damage_healed":0,"gold_gain":0,"player_choice":"Simplicity","damage_taken":0,"max_hp_gain":0,"max_hp_loss":0,"event_name":"Back to Basics","floor":28,"gold_loss":0,"cards_upgraded":["Strike_G","Strike_G","Strike_G","Strike_G","Defend_G","Defend_G","Defend_G","Defend_G","Defend_G"]},{"damage_healed":0,"gold_gain":0,"player_choice":"Memory 1","damage_taken":0,"max_hp_gain":0,"max_hp_loss":0,"event_name":"SensoryStone","floor":39,"gold_loss":0},{"damage_healed":0,"gold_gain":0,"player_choice":"Ignored","damage_taken":0,"max_hp_gain":0,"max_hp_loss":0,"event_name":"Mysterious Sphere","floor":42,"gold_loss":0},{"cards_removed":["Noxious Fumes"],"damage_healed":0,"gold_gain":0,"player_choice":"Removed Power","damage_taken":0,"max_hp_gain":0,"max_hp_loss":0,"event_name":"Falling","floor":45,"gold_loss":0}],"is_beta":false,"boss_relics":[{"not_picked":["Runic Dome","Fusion Hammer"],"picked":"Runic Pyramid"},{"not_picked":["Busted Crown","Snecko Eye"],"picked":"Pandora\u0027s Box"}],"items_purged_floors":[],"is_endless":false,"potions_floor_spawned":[1,3,6,8,16,18,31,40,41,46,47],"killed_by":"Spire Growth","ascension_level":0}