{"gold_per_floor":[118,193,209,13,27,60,60,60,60,12,12,29,41,54,54,152,152,169,169,186,186,32,32,67,21,21,21,121,141,154,76,76,172,172,191,0,100,25,39,39,73,73,73,106,116,116,116,128,128,128],"floor_reached":50,"playtime":4521,"items_purged":[],"score":568,"play_id":"bf911414-bb3b-4d65-89ad-231200b8cb2d","local_time":"20190708013812","is_ascension_mode":false,"campfire_choices":[{"data":"Anger","floor":7,"key":"SMITH"},{"data":"Bash","floor":11,"key":"SMITH"},{"data":"Cleave","floor":15,"key":"SMITH"},{"data":"Bludgeon","floor":23,"key":"SMITH"},{"floor":32,"key":"DIG"},{"floor":40,"key":"DIG"},{"floor":42,"key":"DIG"},{"floor":46,"key":"DIG"},{"floor":49,"key":"DIG"}],"neow_cost":"NONE","seed_source_timestamp":1549639754779200,"circlet_count":0,"master_deck":["Strike_R+1","Strike_R+1","Strike_R+1","Defend_R+1","Defend_R+1","Defend_R+1","Bash+1","Clash","Headbutt","Thunderclap","Anger+1","Bludgeon+1","Cleave+1","Anger","Limit Break","Thunderclap+1","Clothesline+1","Spot Weakness+1","Iron Wave","Twin Strike+1","Fire Breathing+1","Bludgeon","Immolate","Shrug It Off+1","Carnage+1","Berserk+1","Inflame+1","Flex","Intimidate+1","Anger+1","Rage+1","Clash","Cleave","Secret Weapon","Bloodletting"],"relics":["Burning Blood","Red Skull","TheAbacus","Unceasing Top","Torii","Nunchaku","Velvet Choker","Pen Nib","Bag of Preparation","Letter Opener","MutagenicStrength","Shovel","Meat on the Bone","Prayer Wheel","Astrolabe","Red Mask","Magic Flower","Pear","Bottled Lightning","Pocketwatch","Dodecahedron","Thread and Needle","Darkstone Periapt","Sundial"],"potions_floor_usage":[16,20,33,33,37,39,50,50],"damage_taken":[{"damage":3,"enemies":"Jaw Worm","floor":1,"turns":6},{"damage":1,"enemies":"2 Louse","floor":3,"turns":3},{"damage":0,"enemies":"Small Slimes","floor":5,"turns":3},{"damage":28,"enemies":"Lagavulin","floor":6,"turns":6},{"damage":0,"enemies":"Exordium Wildlife","floor":12,"turns":2},{"damage":12,"enemies":"Blue Slaver","floor":13,"turns":3},{"damage":13,"enemies":"3 Louse","floor":14,"turns":3},{"damage":42,"enemies":"The Guardian","floor":16,"turns":8},{"damage":10,"enemies":"Spheric Guardian","floor":18,"turns":3},{"damage":0,"enemies":"3 Byrds","floor":20,"turns":4},{"damage":14,"enemies":"Slavers","floor":24,"turns":3},{"damage":0,"enemies":"Colosseum Slavers","floor":28,"turns":1},{"damage":0,"enemies":"Colosseum Nobs","floor":28,"turns":2},{"damage":6,"enemies":"Cultist and Chosen","floor":29,"turns":4},{"damage":15,"enemies":"Centurion and Healer","floor":30,"turns":4},{"damage":23,"enemies":"Champ","floor":33,"turns":4},{"damage":1,"enemies":"3 Darklings","floor":35,"turns":4},{"damage":48,"enemies":"Mind Bloom Boss Battle","floor":37,"turns":4},{"damage":6,"enemies":"3 Shapes","floor":39,"turns":5},{"damage":57,"enemies":"Reptomancer","floor":41,"turns":4},{"damage":6,"enemies":"Nemesis","floor":44,"turns":7},{"damage":11,"enemies":"Jaw Worm Horde","floor":45,"turns":2},{"damage":0,"enemies":"Transient","floor":48,"turns":5},{"damage":81,"enemies":"Time Eater","floor":50,"turns":8}],"seed_played":"-4160726154332097763","potions_obtained":[{"floor":14,"key":"BloodPotion"},{"floor":16,"key":"Block Potion"},{"floor":24,"key":"SteroidPotion"},{"floor":28,"key":"Regen Potion"},{"floor":39,"key":"Poison Potion"},{"floor":45,"key":"SkillPotion"}],"is_trial":false,"path_per_floor":["M","?","M","$","M","E","R","?","T","$","R","M","M","M","R","B",null,"M","?","M","?","$","R","E","$","T","?","?","M","M","$","R","B",null,"M","?","?","$","M","R","E","R","T","E","M","R","?","M","R","B"],"character_chosen":"IRONCLAD","items_purchased":["TheAbacus","Energy Potion","Pen Nib","Iron Wave","Bludgeon","BloodPotion"],"campfire_rested":0,"item_purchase_floors":[4,10,22,25,31,38],"current_hp_per_floor":[80,69,74,74,80,58,58,51,51,51,51,57,51,44,44,8,80,76,76,80,80,80,80,72,72,72,72,80,80,71,71,71,66,80,80,80,58,58,80,90,60,60,60,63,61,61,61,70,70,0],"gold":128,"neow_bonus":"RANDOM_COMMON_RELIC","is_prod":false,"is_daily":false,"chose_seed":false,"campfire_upgraded":4,"win_rate":0.0,"timestamp":1562567892,"path_taken":["M","?","M","$","M","E","R","?","T","$","R","M","M","M","R","BOSS","M","?","M","?","$","R","E","?","T","?","?","M","?","$","R","BOSS","M","?","?","?","M","R","E","R","T","E","?","R","?","M","R","BOSS"],"build_version":"2019-07-05","purchased_purges":0,"victory":false,"max_hp_per_floor":[80,80,80,80,80,80,80,80,80,80,80,80,80,80,80,80,80,80,80,80,80,80,80,80,80,80,80,80,80,80,80,80,80,80,80,80,80,80,80,90,90,90,90,90,90,90,90,90,90,90],"card_choices":[{"not_picked":["Twin Strike","Wild Strike"],"picked":"Clash","floor":1},{"not_picked":["Perfected Strike","Havoc"],"picked":"Headbutt","floor":3},{"not_picked":["Wild Strike","Pommel Strike"],"picked":"Thunderclap","floor":5},{"not_picked":["Heavy Blade","Clash"],"picked":"Anger","floor":6},{"not_picked":["Disarm","Havoc"],"picked":"Bludgeon","floor":12},{"not_picked":["Shrug It Off","True Grit"],"picked":"Cleave","floor":13},{"not_picked":["Reckless Charge","Fire Breathing"],"picked":"Anger","floor":14},{"not_picked":["Exhume","Berserk"],"picked":"Limit Break","floor":16},{"not_picked":["Sword Boomerang","Rage"],"picked":"Thunderclap+1","floor":18},{"not_picked":["Warcry","Sword Boomerang"],"picked":"Clothesline+1","floor":20},{"not_picked":["Twin Strike+1","Burning Pact"],"picked":"Spot Weakness+1","floor":24},{"not_picked":["Limit Break","Body Slam"],"picked":"Twin Strike+1","floor":29},{"not_picked":["Reckless Charge","Body Slam"],"picked":"Fire Breathing+1","floor":30},{"not_picked":["Fiend Fire","Dark Embrace"],"picked":"Immolate","floor":33},{"not_picked":["Warcry","Havoc+1"],"picked":"Inflame+1","floor":35},{"not_picked":["Headbutt","True Grit","Iron Wave"],"picked":"SKIP","floor":35},{"not_picked":["Shrug It Off","Reaper"],"picked":"Flex","floor":37},{"not_picked":["Warcry","Iron Wave"],"picked":"Intimidate+1","floor":39},{"not_picked":["Heavy Blade","Thunderclap+1"],"picked":"Anger+1","floor":39},{"not_picked":["Havoc","Combust+1","Iron Wave"],"picked":"SKIP","floor":41},{"not_picked":["Intimidate+1","Evolve+1"],"picked":"Rage+1","floor":44},{"not_picked":["Perfected Strike+1","Havoc+1"],"picked":"Clash","floor":45},{"not_picked":["Corruption","Shrug It Off"],"picked":"Cleave","floor":45},{"not_picked":["Madness","Purity"],"picked":"Secret Weapon","floor":47},{"not_picked":["Blood for Blood+1","Twin Strike"],"picked":"Bloodletting","floor":48},{"not_picked":["Headbutt","Flame Barrier","Second Wind"],"picked":"SKIP","floor":48}],"player_experience":53047,"relics_obtained":[{"floor":6,"key":"Unceasing Top"},{"floor":9,"key":"Nunchaku"},{"floor":24,"key":"Bag of Preparation"},{"floor":26,"key":"Letter Opener"},{"floor":28,"key":"Shovel"},{"floor":28,"key":"Meat on the Bone"},{"floor":32,"key":"Prayer Wheel"},{"floor":37,"key":"Magic Flower"},{"floor":40,"key":"Pear"},{"floor":41,"key":"Bottled Lightning"},{"floor":42,"key":"Pocketwatch"},{"floor":43,"key":"Dodecahedron"},{"floor":44,"key":"Thread and Needle"},{"floor":46,"key":"Darkstone Periapt"},{"floor":49,"key":"Sundial"}],"event_choices":[{"damage_healed":0,"gold_gain":75,"player_choice":"Gather Gold","damage_taken":11,"max_hp_gain":0,"max_hp_loss":0,"event_name":"World of Goop","floor":2,"gold_loss":0},{"damage_healed":0,"gold_gain":0,"player_choice":"Success","damage_taken":7,"relics_obtained":["Torii"],"max_hp_gain":0,"max_hp_loss":0,"event_name":"Scrap Ooze","floor":8,"gold_loss":0},{"damage_healed":0,"gold_gain":0,"player_choice":"Ignored","damage_taken":0,"max_hp_gain":0,"max_hp_loss":0,"event_name":"Vampires","floor":19,"gold_loss":0},{"damage_healed":0,"gold_gain":0,"player_choice":"Simplicity","damage_taken":0,"max_hp_gain":0,"max_hp_loss":0,"event_name":"Back to Basics","floor":21,"gold_loss":0,"cards_upgraded":["Strike_R","Strike_R","Strike_R","Strike_R","Strike_R","Defend_R","Defend_R","Defend_R","Defend_R"]},{"damage_healed":0,"gold_gain":0,"player_choice":"Inject Mutagens","damage_taken":0,"relics_obtained":["MutagenicStrength"],"max_hp_gain":0,"max_hp_loss":0,"event_name":"Drug Dealer","floor":27,"gold_loss":0},{"damage_healed":0,"gold_gain":0,"player_choice":"Fight","damage_taken":0,"max_hp_gain":0,"max_hp_loss":0,"event_name":"Colosseum","floor":28,"gold_loss":0},{"damage_healed":0,"gold_gain":0,"player_choice":"Fought Nobs","damage_taken":0,"max_hp_gain":0,"max_hp_loss":0,"event_name":"Colosseum","floor":28,"gold_loss":0},{"damage_healed":0,"gold_gain":0,"player_choice":"Paid","damage_taken":0,"relics_obtained":["Red Mask"],"max_hp_gain":0,"max_hp_loss":0,"event_name":"Tomb of Lord Red Mask","floor":36,"gold_loss":191},{"damage_healed":0,"gold_gain":0,"player_choice":"Fight","damage_taken":0,"max_hp_gain":0,"max_hp_loss":0,"event_name":"MindBloom","floor":37,"gold_loss":0},{"damage_healed":0,"gold_gain":0,"player_choice":"Memory 1","damage_taken":0,"max_hp_gain":0,"max_hp_loss":0,"event_name":"SensoryStone","floor":47,"gold_loss":0}],"is_beta":false,"boss_relics":[{"not_picked":["Coffee Dripper","Mark of Pain"],"picked":"Velvet Choker"},{"not_picked":["Eternal Feather","Empty Cage"],"picked":"Astrolabe"}],"items_purged_floors":[],"is_endless":false,"potions_floor_spawned":[14,16,24,28,28,29,39,45],"killed_by":"Time Eater","ascension_level":0}