{"gold_per_floor":[114,114,129,129,35,35,35,50,50,50,65,65],"floor_reached":12,"playtime":562,"items_purged":[],"score":68,"play_id":"5afc1c0b-e9fc-4be7-8183-89a359837965","local_time":"20180701142637","daily_mods":["Diverse","Lethality","Binary"],"is_ascension_mode":false,"campfire_choices":[{"data":"Go for the Eyes","floor":6,"key":"SMITH"},{"data":"Predator","floor":10,"key":"SMITH"}],"neow_cost":"","seed_source_timestamp":8967962705944,"circlet_count":0,"master_deck":["Defend_G","Defend_G","Defend_G","Defend_G","Defend_G","Strike_G","Strike_G","Strike_G","Strike_G","Survivor","Neutralize+1","Go for the Eyes","True Grit","Go for the Eyes+1","Stack","Neutralize","Purity","Normality","Predator+1","Prepared"],"special_seed":17713,"relics":["Ring of the Snake","Juzu Bracelet"],"potions_floor_usage":[],"damage_taken":[{"damage":0,"enemies":"Jaw Worm","floor":1,"turns":3},{"damage":0,"enemies":"Cultist","floor":3,"turns":3},{"damage":0,"enemies":"2 Louse","floor":8,"turns":2},{"damage":9,"enemies":"Gremlin Gang","floor":11,"turns":5},{"damage":39,"enemies":"Lagavulin","floor":12,"turns":9}],"seed_played":"-8851648875795215677","potions_obtained":[{"floor":8,"key":"SteroidPotion"},{"floor":11,"key":"FearPotion"}],"is_trial":false,"path_per_floor":["M","?","M","?","$","R","?","M","T","R","M"],"character_chosen":"THE_SILENT","items_purchased":["Go for the Eyes","Stack"],"campfire_rested":0,"item_purchase_floors":[5,5],"current_hp_per_floor":[70,70,70,70,70,70,70,70,70,70,61,22],"gold":65,"neow_bonus":"","is_prod":false,"is_daily":true,"chose_seed":false,"campfire_upgraded":2,"win_rate":0.0,"timestamp":1530422797,"path_taken":["M","?","?","?","$","R","?","?","T","R","M","E"],"build_version":"2018-06-28","purchased_purges":0,"victory":false,"max_hp_per_floor":[70,70,70,70,70,70,70,70,70,70,70,70],"card_choices":[{"not_picked":["Fire Breathing"],"picked":"Go for the Eyes","floor":1},{"not_picked":["Doom and Gloom"],"picked":"True Grit","floor":3},{"not_picked":["Evolve"],"picked":"Predator","floor":8},{"not_picked":["Sword Boomerang"],"picked":"Prepared","floor":11}],"player_experience":47325,"relics_obtained":[{"floor":9,"key":"Juzu Bracelet"}],"event_choices":[{"event_name":"Upgrade Shrine","player_choice":"Upgraded","floor":2,"damage_taken":0},{"event_name":"Purifier","player_choice":"One Purge","floor":4,"damage_taken":0},{"event_name":"Match and Keep!","player_choice":"3 cards matched","floor":7,"damage_taken":0}],"boss_relics":[],"items_purged_floors":[],"is_endless":false,"potions_floor_spawned":[8,11],"killed_by":"Lagavulin","ascension_level":0}