{"gold_per_floor":[119,194,206,131,131,165,165,176,201,233,279,291,315,343,355,441,453],"floor_reached":17,"playtime":486,"items_purged":[],"score":334,"play_id":"f22620ab-c4ac-4f13-9c35-5c7bb5226b05","local_time":"20190804200931","is_ascension_mode":true,"campfire_choices":[{"floor":7,"key":"REST"},{"floor":15,"key":"REST"}],"neow_cost":"TEN_PERCENT_HP_LOSS","seed_source_timestamp":180499250379612,"circlet_count":0,"master_deck":["AscendersBane","Strike_B","Strike_B","Strike_B","Defend_B","Defend_B+1","Defend_B+1","Defend_B","Zap","Dualcast","Gash","Gash","Go for the Eyes","White Noise","Genetic Algorithm","Auto Shields","Rainbow","Clumsy","Injury","Doubt"],"special_seed":0,"relics":["Cracked Core","Incense Burner","Bag of Preparation","MawBank","Blue Candle","Calling Bell","Dream Catcher","Toxic Egg 2","Nunchaku"],"potions_floor_usage":[6,11],"damage_taken":[{"damage":5,"enemies":"2 Louse","floor":1,"turns":3},{"damage":0,"enemies":"Jaw Worm","floor":3,"turns":3},{"damage":14,"enemies":"Lagavulin","floor":6,"turns":7},{"damage":0,"enemies":"Small Slimes","floor":8,"turns":2},{"damage":8,"enemies":"Gremlin Gang","floor":10,"turns":6},{"damage":3,"enemies":"Gremlin Nob","floor":11,"turns":3},{"damage":11,"enemies":"Looter","floor":13,"turns":3},{"damage":9,"enemies":"Red Slaver","floor":14,"turns":3},{"damage":19,"enemies":"The Guardian","floor":16,"turns":13}],"seed_played":"-7941735699905808432","potions_obtained":[{"floor":3,"key":"FearPotion"},{"floor":10,"key":"GamblersBrew"},{"floor":16,"key":"SpeedPotion"}],"is_trial":false,"path_per_floor":["M","?","M","?","?","E","R","M","T","M","E","?","M","M","R","B",null],"character_chosen":"DEFECT","items_purchased":[],"campfire_rested":2,"item_purchase_floors":[],"current_hp_per_floor":[59,48,48,48,29,15,34,34,34,26,23,23,12,3,22,3,49],"gold":453,"neow_bonus":"ONE_RARE_RELIC","is_prod":false,"is_daily":false,"chose_seed":false,"campfire_upgraded":0,"win_rate":0,"timestamp":1564974571,"path_taken":["M","?","M","?","?","E","R","M","T","M","E","?","M","M","R","BOSS"],"build_version":"2019-07-17","purchased_purges":0,"victory":false,"max_hp_per_floor":[64,64,64,64,64,64,64,64,64,64,64,64,64,64,64,64,64],"card_choices":[{"not_picked":["Turbo","Loop"],"picked":"Gash","floor":1},{"not_picked":["Skim","Go for the Eyes"],"picked":"Gash","floor":3},{"not_picked":["Rebound","Streamline"],"picked":"Go for the Eyes","floor":6},{"not_picked":["Capacitor","Rebound"],"picked":"White Noise","floor":8},{"not_picked":["Barrage","Redo","Sweeping Beam"],"picked":"SKIP","floor":10},{"not_picked":["Rainbow","Hello World"],"picked":"Genetic Algorithm","floor":11},{"not_picked":["Reprogram","Stack","Compile Driver"],"picked":"SKIP","floor":13},{"not_picked":["Compile Driver","Steam"],"picked":"Auto Shields","floor":14},{"not_picked":["Multi-Cast","Thunder Strike"],"picked":"Rainbow","floor":16}],"player_experience":859992,"relics_obtained":[{"floor":6,"key":"Bag of Preparation"},{"floor":9,"key":"MawBank"},{"floor":11,"key":"Blue Candle"},{"floor":17,"key":"Dream Catcher"},{"floor":17,"key":"Toxic Egg 2"},{"floor":17,"key":"Nunchaku"}],"event_choices":[{"damage_healed":0,"gold_gain":75,"player_choice":"Gather Gold","damage_taken":11,"max_hp_gain":0,"max_hp_loss":0,"event_name":"World of Goop","floor":2,"gold_loss":0},{"cards_removed":["Strike_B"],"damage_healed":0,"gold_gain":0,"player_choice":"Card Removal","damage_taken":0,"max_hp_gain":0,"max_hp_loss":0,"event_name":"The Cleric","floor":4,"gold_loss":75},{"damage_healed":0,"gold_gain":0,"player_choice":"Entered Light","damage_taken":19,"max_hp_gain":0,"max_hp_loss":0,"event_name":"Shining Light","floor":5,"gold_loss":0,"cards_upgraded":["Defend_B","Defend_B"]},{"damage_healed":0,"gold_gain":0,"player_choice":"Ignored","damage_taken":0,"max_hp_gain":0,"max_hp_loss":0,"event_name":"Liars Game","floor":12,"gold_loss":0}],"is_beta":false,"boss_relics":[{"not_picked":["Cursed Key","FrozenCore"],"picked":"Calling Bell"}],"items_purged_floors":[],"is_endless":false,"potions_floor_spawned":[3,10,16],"ascension_level":20}