{"gold_per_floor":[115,125,142,67,79,108,137,149,161,173,185,214,226,265,277,360,372,394,416,447,459,501,542,554,583,595,607,12,12,38,56,56,130,180,190,112,112,131,147,147,161,196,196,214,214],"floor_reached":45,"playtime":2535,"items_purged":["Strike_R","Strike_R"],"score":965,"play_id":"3248e00e-0697-47ab-ac2d-fb2da14bbdfc","local_time":"20190728103848","is_ascension_mode":true,"campfire_choices":[{"data":"Corruption","floor":8,"key":"SMITH"},{"data":"Bash","floor":10,"key":"SMITH"},{"data":"Spot Weakness","floor":13,"key":"SMITH"},{"data":"Evolve","floor":15,"key":"SMITH"},{"data":"Uppercut","floor":24,"key":"SMITH"},{"data":"Inflame","floor":27,"key":"SMITH"},{"data":"Fiend Fire","floor":32,"key":"SMITH"},{"floor":40,"key":"RECALL"}],"neow_cost":"TEN_PERCENT_HP_LOSS","seed_source_timestamp":121682976906045,"circlet_count":0,"master_deck":["AscendersBane","Strike_R","Strike_R","Strike_R","Defend_R","Defend_R","Defend_R","Defend_R","Bash+1","Shrug It Off","Twin Strike","Evolve+1","Corruption+1","Anger+1","Spot Weakness+1","Shrug It Off","Offering","Shrug It Off+1","Inflame+1","Havoc+1","Uppercut+1","Heavy Blade+1","Burning Pact","Shockwave","Fiend Fire+1","Combust+1","Sentinel+1","Impervious","Offering","Warcry","Disarm","Secret Weapon","Chrysalis","Purity","Warcry","Shockwave+1","Dual Wield","Feed"],"relics":["Burning Blood","Torii","MawBank","Magic Flower","Odd Mushroom","Runic Pyramid","Red Mask","Bottled Tornado","Happy Flower","Frozen Egg 2","Pocketwatch","Tiny House","Dream Catcher"],"potions_floor_usage":[5,6,6,12,16,22,22,39,42],"damage_taken":[{"damage":1,"enemies":"Jaw Worm","floor":1,"turns":3},{"damage":1,"enemies":"2 Louse","floor":2,"turns":3},{"damage":0,"enemies":"Small Slimes","floor":3,"turns":3},{"damage":12,"enemies":"Exordium Thugs","floor":5,"turns":6},{"damage":47,"enemies":"Lagavulin","floor":6,"turns":8},{"damage":21,"enemies":"Exordium Wildlife","floor":7,"turns":5},{"damage":3,"enemies":"Gremlin Gang","floor":12,"turns":5},{"damage":12,"enemies":"The Mushroom Lair","floor":14,"turns":5},{"damage":11,"enemies":"Hexaghost","floor":16,"turns":8},{"damage":8,"enemies":"Spheric Guardian","floor":18,"turns":4},{"damage":2,"enemies":"Chosen","floor":19,"turns":5},{"damage":33,"enemies":"Centurion and Healer","floor":20,"turns":5},{"damage":37,"enemies":"Masked Bandits","floor":22,"turns":5},{"damage":6,"enemies":"Gremlin Leader","floor":23,"turns":5},{"damage":2,"enemies":"Cultist and Chosen","floor":25,"turns":6},{"damage":8,"enemies":"Book of Stabbing","floor":30,"turns":4},{"damage":0,"enemies":"3 Cultists","floor":31,"turns":3},{"damage":19,"enemies":"Champ","floor":33,"turns":8},{"damage":0,"enemies":"Orb Walker","floor":35,"turns":2},{"damage":1,"enemies":"3 Shapes","floor":38,"turns":5},{"damage":12,"enemies":"Transient","floor":39,"turns":5},{"damage":18,"enemies":"Jaw Worm Horde","floor":41,"turns":4},{"damage":28,"enemies":"Reptomancer","floor":42,"turns":5},{"damage":28,"enemies":"3 Darklings","floor":44,"turns":6},{"damage":58,"enemies":"Giant Head","floor":45,"turns":8}],"seed_played":"7188867412591048355","potions_obtained":[{"floor":1,"key":"BloodPotion"},{"floor":3,"key":"AttackPotion"},{"floor":5,"key":"EssenceOfSteel"},{"floor":7,"key":"Block Potion"},{"floor":12,"key":"AttackPotion"},{"floor":16,"key":"Fruit Juice"},{"floor":19,"key":"SpeedPotion"},{"floor":22,"key":"EssenceOfSteel"},{"floor":23,"key":"Swift Potion"},{"floor":41,"key":"Dexterity Potion"},{"floor":44,"key":"Explosive Potion"}],"is_trial":false,"path_per_floor":["M","M","M","$","M","E","M","R","T","R","?","M","R","?","R","B",null,"M","M","M","?","?","E","R","M","T","R","$","?","E","M","R","B",null,"M","$","?","M","M","R","M","E","T","M","E"],"character_chosen":"IRONCLAD","items_purchased":["Frozen Egg 2","Shockwave","Fiend Fire","Combust+1","Disarm"],"campfire_rested":0,"item_purchase_floors":[28,28,28,28,36],"current_hp_per_floor":[68,68,68,68,62,38,23,23,23,23,23,29,29,26,26,24,57,58,65,41,41,21,24,24,31,31,31,31,31,32,41,41,31,68,77,77,67,75,72,72,63,44,44,30,0],"gold":214,"neow_bonus":"ONE_RARE_RELIC","is_prod":false,"is_daily":false,"chose_seed":false,"campfire_upgraded":7,"win_rate":0,"timestamp":1564324728,"path_taken":["M","M","M","$","M","E","M","R","T","R","?","M","R","?","R","BOSS","M","M","M","?","?","E","R","M","T","R","$","?","E","M","R","BOSS","M","$","?","M","M","R","M","E","T","M","E"],"build_version":"2019-07-17","purchased_purges":2,"victory":false,"max_hp_per_floor":[68,68,68,68,68,68,68,68,68,68,68,68,68,68,68,68,68,68,68,68,68,73,73,73,73,73,73,73,73,73,73,73,73,78,78,78,78,78,78,78,78,78,78,81,81],"card_choices":[{"not_picked":["Entrench","Wild Strike"],"picked":"Shrug It Off","floor":1},{"not_picked":["Rupture","True Grit"],"picked":"Twin Strike","floor":2},{"not_picked":["Dropkick","Metallicize"],"picked":"Evolve","floor":3},{"not_picked":["Dual Wield","Searing Blow"],"picked":"Corruption","floor":5},{"not_picked":["Rage","Thunderclap"],"picked":"Anger","floor":6},{"not_picked":["Bloodletting","Body Slam","Heavy Blade"],"picked":"SKIP","floor":7},{"not_picked":["True Grit","Shrug It Off"],"picked":"Spot Weakness","floor":12},{"not_picked":["Pummel","Clash"],"picked":"Shrug It Off","floor":14},{"not_picked":["Limit Break","Juggernaut"],"picked":"Offering","floor":16},{"not_picked":["Burning Pact","Wild Strike"],"picked":"Shrug It Off","floor":18},{"not_picked":["Blood for Blood","True Grit"],"picked":"Inflame","floor":19},{"not_picked":["Dual Wield","Pommel Strike"],"picked":"Havoc+1","floor":20},{"not_picked":["Perfected Strike","Clothesline"],"picked":"Heavy Blade+1","floor":22},{"not_picked":["Bloodletting+1","Dual Wield"],"picked":"Burning Pact","floor":23},{"not_picked":["Sword Boomerang","Pommel Strike","Rage"],"picked":"SKIP","floor":25},{"not_picked":["Bloodletting","Clash"],"picked":"Sentinel+1","floor":30},{"not_picked":["Iron Wave","Cleave"],"picked":"Impervious","floor":31},{"not_picked":["Brutality+1","Immolate"],"picked":"Offering","floor":33},{"not_picked":["Cleave","Thunderclap"],"picked":"Warcry","floor":35},{"not_picked":["Dramatic Entrance","Swift Strike"],"picked":"Secret Weapon","floor":37},{"not_picked":["Impatience","Mind Blast"],"picked":"Chrysalis","floor":37},{"not_picked":["Mayhem+1","Deep Breath"],"picked":"Purity","floor":37},{"not_picked":["Seeing Red+1","Clothesline"],"picked":"Warcry","floor":38},{"not_picked":["Heavy Blade","Sword Boomerang"],"picked":"Shockwave+1","floor":39},{"not_picked":["Sword Boomerang","Wild Strike"],"picked":"Dual Wield","floor":41},{"not_picked":["Warcry","Anger+1"],"picked":"Feed","floor":42},{"not_picked":["Havoc","Headbutt","Anger"],"picked":"SKIP","floor":44}],"player_experience":1583055,"relics_obtained":[{"floor":6,"key":"MawBank"},{"floor":9,"key":"Magic Flower"},{"floor":14,"key":"Odd Mushroom"},{"floor":22,"key":"Red Mask"},{"floor":23,"key":"Bottled Tornado"},{"floor":26,"key":"Happy Flower"},{"floor":30,"key":"Pocketwatch"},{"floor":42,"key":"Dream Catcher"}],"event_choices":[{"damage_healed":0,"gold_gain":0,"player_choice":"Grow","damage_taken":0,"max_hp_gain":0,"max_hp_loss":0,"event_name":"Living Wall","floor":11,"gold_loss":0,"cards_upgraded":["Anger"]},{"damage_healed":0,"gold_gain":0,"player_choice":"Fought Mushrooms","damage_taken":0,"max_hp_gain":0,"max_hp_loss":0,"event_name":"Mushrooms","floor":14,"gold_loss":0},{"damage_healed":0,"gold_gain":0,"player_choice":"Read","damage_taken":0,"max_hp_gain":0,"max_hp_loss":0,"event_name":"The Library","floor":21,"gold_loss":0,"cards_obtained":["Uppercut"]},{"damage_healed":0,"gold_gain":0,"player_choice":"Fought Bandits","damage_taken":0,"max_hp_gain":0,"max_hp_loss":0,"event_name":"Masked Bandits","floor":22,"gold_loss":0},{"damage_healed":0,"gold_gain":0,"player_choice":"Memory 3","damage_taken":10,"max_hp_gain":0,"max_hp_loss":0,"event_name":"SensoryStone","floor":37,"gold_loss":0}],"is_beta":false,"boss_relics":[{"not_picked":["Mark of Pain","Ectoplasm"],"picked":"Runic Pyramid"},{"not_picked":["Runic Cube","White Beast Statue"],"picked":"Tiny House"}],"items_purged_floors":[4,28],"is_endless":false,"potions_floor_spawned":[1,3,5,7,12,16,19,22,23,31,38,41,44],"killed_by":"Giant Head","ascension_level":15}