{"gold_per_floor":[112,126,46,121,131,160,160,180,180,180,198,232,232,258,258,356,356,370,387,405,68,94,94,108,134,180,203,215,254,266,292,304,411,423,451,474,486,498,110,110,110],"floor_reached":41,"playtime":3214,"items_purged":[],"score":619,"play_id":"7633dc89-dfba-4cb0-993a-4bfe4b89c560","local_time":"20190531172746","is_ascension_mode":true,"campfire_choices":[{"data":"Demon Form","floor":7.0,"key":"SMITH"},{"floor":13.0,"key":"REST"},{"data":"Whirlwind","floor":15.0,"key":"SMITH"},{"data":"Armaments","floor":23.0,"key":"SMITH"},{"floor":28,"key":"REST"},{"data":"Infernal Blade","floor":30,"key":"SMITH"},{"data":"Perfected Strike","floor":32,"key":"SMITH"},{"floor":40,"key":"REST"}],"neow_cost":"NONE","seed_source_timestamp":88264179713413,"circlet_count":0,"master_deck":["Strike_R","Strike_R","Strike_R","Strike_R","Defend_R","Defend_R","Defend_R","Defend_R","Bash","Shrug It Off","Twin Strike","Twin Strike","Demon Form+1","Cleave","Flex","Whirlwind+1","Immolate","Armaments+1","Perfected Strike+1","Flame Barrier","Barricade+1","Infernal Blade+1","Flex+1","Perfected Strike+1","Juggernaut+1","Metallicize+1","Metallicize+1","Pommel Strike","Wild Strike","Body Slam","Armaments+1","Twin Strike","Wild Strike"],"special_seed":0,"relics":["Burning Blood","Mercury Hourglass","Frozen Egg 2","Shuriken","Anchor","Mark of Pain","Bottled Flame","Orichalcum","Charon\u0027s Ashes","MawBank","Letter Opener","Orrery","PreservedInsect","Bag of Preparation"],"potions_floor_usage":[25,33,33,33,35],"damage_taken":[{"damage":0.0,"enemies":"2 Louse","floor":1.0,"turns":3.0},{"damage":0.0,"enemies":"Cultist","floor":2.0,"turns":4.0},{"damage":0.0,"enemies":"Small Slimes","floor":5.0,"turns":3.0},{"damage":20.0,"enemies":"Gremlin Nob","floor":6.0,"turns":4.0},{"damage":6.0,"enemies":"Blue Slaver","floor":8.0,"turns":4.0},{"damage":3.0,"enemies":"3 Louse","floor":11.0,"turns":2.0},{"damage":20.0,"enemies":"Lagavulin","floor":12.0,"turns":5.0},{"damage":17.0,"enemies":"3 Sentries","floor":14.0,"turns":4.0},{"damage":53.0,"enemies":"Hexaghost","floor":16.0,"turns":8.0},{"damage":15.0,"enemies":"2 Thieves","floor":18.0,"turns":3.0},{"damage":2.0,"enemies":"Chosen","floor":19.0,"turns":2.0},{"damage":15.0,"enemies":"Snecko","floor":20.0,"turns":4.0},{"damage":0.0,"enemies":"3 Cultists","floor":24.0,"turns":3.0},{"damage":0,"enemies":"Gremlin Leader","floor":25,"turns":5},{"damage":24,"enemies":"Snake Plant","floor":27,"turns":4},{"damage":28,"enemies":"Slavers","floor":29,"turns":4},{"damage":0,"enemies":"Snecko","floor":31,"turns":2},{"damage":47,"enemies":"Champ","floor":33,"turns":8},{"damage":30,"enemies":"Orb Walker","floor":35,"turns":4},{"damage":27,"enemies":"3 Darklings","floor":36,"turns":3},{"damage":98,"enemies":"Transient","floor":41,"turns":5}],"seed_played":"-9000884091434373406","potions_obtained":[{"floor":1.0,"key":"Ancient Potion"},{"floor":6.0,"key":"Energy Potion"},{"floor":8.0,"key":"Regen Potion"},{"floor":12.0,"key":"FearPotion"},{"floor":20.0,"key":"Regen Potion"},{"floor":25,"key":"Swift Potion"},{"floor":27,"key":"SpeedPotion"},{"floor":29,"key":"SteroidPotion"},{"floor":33,"key":"BloodPotion"}],"is_trial":false,"path_per_floor":["M","M","$","?","M","E","R","M","T","?","M","E","R","E","R","B",null,"M","M","M","$","T","R","M","E","T","M","R","E","R","M","R","B",null,"M","M","?","?","$","R","M"],"character_chosen":"IRONCLAD","items_purchased":["Entrench","Bottled Flame","Flame Barrier","PreservedInsect","Bag of Preparation","Twin Strike","Wild Strike"],"campfire_rested":3,"item_purchase_floors":[3,21,21,39,39,39,39],"current_hp_per_floor":[86,88,88,77,83,69,69,69,69,69,72,63,88,77,77,30,74,65,69,60,60,60,60,66,86,86,68,88,66,66,72,72,31,74,58,37,37,37,37,63,0],"gold":110,"neow_bonus":"TEN_PERCENT_HP_BONUS","is_prod":false,"is_daily":false,"chose_seed":false,"campfire_upgraded":5,"win_rate":0,"timestamp":1559338066,"path_taken":["M","M","$","?","M","E","R","M","T","?","M","E","R","E","R","BOSS","M","M","M","$","?","R","M","E","T","M","R","E","R","M","R","BOSS","M","M","?","?","$","R","M"],"build_version":"2019-01-23","purchased_purges":0,"victory":false,"max_hp_per_floor":[88,88,88,88,88,88,88,88,88,88,88,88,88,88,88,88,88,88,88,88,88,88,88,88,88,88,88,88,88,88,88,88,88,88,88,88,88,88,88,88,88],"card_choices":[{"not_picked":["Combust","Wild Strike"],"picked":"Shrug It Off","floor":1.0},{"not_picked":["Anger","Second Wind"],"picked":"Twin Strike","floor":2.0},{"not_picked":["Heavy Blade","Clash"],"picked":"Twin Strike","floor":5.0},{"not_picked":["Wild Strike","Clothesline"],"picked":"Demon Form","floor":6.0},{"not_picked":["True Grit","Rampage"],"picked":"Cleave","floor":8.0},{"not_picked":["Feel No Pain+1","Bloodletting","Clothesline"],"picked":"SKIP","floor":11.0},{"not_picked":["Flame Barrier","Sentinel"],"picked":"Flex","floor":12.0},{"not_picked":["Sentinel","Shockwave"],"picked":"Whirlwind","floor":14.0},{"not_picked":["Reaper","Berserk+1"],"picked":"Immolate","floor":16.0},{"not_picked":["Second Wind","Body Slam","Entrench"],"picked":"SKIP","floor":18.0},{"not_picked":["Body Slam","True Grit"],"picked":"Armaments","floor":19.0},{"not_picked":["Inflame+1","Body Slam"],"picked":"Perfected Strike+1","floor":20.0},{"not_picked":["Shrug It Off","Wild Strike+1"],"picked":"Barricade+1","floor":24},{"not_picked":["Hemokinesis","Thunderclap"],"picked":"Infernal Blade","floor":25},{"not_picked":["Clash+1","Warcry","Carnage"],"picked":"SKIP","floor":27},{"not_picked":["Offering","Warcry"],"picked":"Flex+1","floor":29},{"not_picked":["Pommel Strike","Havoc"],"picked":"Perfected Strike","floor":31},{"not_picked":["Exhume","Feed"],"picked":"Juggernaut+1","floor":33},{"not_picked":["Sword Boomerang","Carnage"],"picked":"Metallicize+1","floor":34},{"not_picked":["Cleave","Disarm+1"],"picked":"Metallicize+1","floor":34},{"not_picked":["Anger","Headbutt"],"picked":"Pommel Strike","floor":34},{"not_picked":["Carnage","Flex"],"picked":"Wild Strike","floor":34},{"not_picked":["Sword Boomerang+1","Wild Strike+1"],"picked":"Body Slam","floor":35},{"not_picked":["Clash+1","True Grit+1"],"picked":"Armaments+1","floor":36}],"player_experience":1043800,"relics_obtained":[{"floor":6.0,"key":"Mercury Hourglass"},{"floor":9.0,"key":"Frozen Egg 2"},{"floor":12.0,"key":"Shuriken"},{"floor":14.0,"key":"Anchor"},{"floor":22.0,"key":"Orichalcum"},{"floor":25,"key":"Charon\u0027s Ashes"},{"floor":26,"key":"MawBank"},{"floor":29,"key":"Letter Opener"}],"event_choices":[{"damage_healed":0.0,"max_hp_gain":0.0,"max_hp_loss":0.0,"gold_gain":75.0,"event_name":"World of Goop","player_choice":"Gather Gold","floor":4.0,"gold_loss":0.0,"damage_taken":11.0},{"cards_removed":["Entrench"],"damage_healed":0.0,"max_hp_gain":0.0,"max_hp_loss":0.0,"gold_gain":0.0,"event_name":"Purifier","player_choice":"Purged","floor":10.0,"gold_loss":0.0,"damage_taken":0.0},{"cards_removed":["Strike_R"],"damage_healed":0,"gold_gain":0,"player_choice":"Removed Attack","damage_taken":0,"max_hp_gain":0,"max_hp_loss":0,"event_name":"Falling","floor":37,"gold_loss":0},{"damage_healed":0,"gold_gain":0,"player_choice":"Ignored","damage_taken":0,"max_hp_gain":0,"max_hp_loss":0,"event_name":"Tomb of Lord Red Mask","floor":38,"gold_loss":0}],"is_beta":false,"boss_relics":[{"not_picked":["Busted Crown","White Beast Statue"],"picked":"Mark of Pain"},{"not_picked":["Tiny House","Empty Cage"],"picked":"Orrery"}],"items_purged_floors":[],"is_endless":false,"potions_floor_spawned":[1,6,8,12,20,25,27,29,33],"killed_by":"Transient","ascension_level":6}