{"gold_per_floor":[114,114,134,36,53,64,89,89,89,104,137,151,151,161,161,258,258,258,8,8,8,8,8,8,8,8,8,8,8,8,8,8,8],"floor_reached":33,"playtime":2901,"items_purged":["Strike_G"],"score":449,"play_id":"3c46b173-900c-4101-9fb5-ae47a3a067c1","local_time":"20180725134743","is_ascension_mode":true,"campfire_choices":[{"data":"Bouncing Flask","floor":13,"key":"SMITH"},{"data":"Footwork","floor":15,"key":"SMITH"},{"floor":25,"key":"REST"},{"data":"Malaise","floor":29,"key":"SMITH"},{"floor":32,"key":"REST"}],"neow_cost":"NONE","seed_source_timestamp":340168317770026,"circlet_count":0,"master_deck":["Defend_G","Defend_G","Defend_G","Defend_G","Defend_G","Strike_G","Strike_G","Strike_G","Survivor","Neutralize","Dagger Throw","Dagger Throw","Dagger Throw","Terror","Bouncing Flask+1","Backflip","Dagger Throw","Blur","Cloak And Dagger","Footwork+1","Envenom","Underhanded Strike","Accuracy+1","Malaise+1","Leg Sweep","Heel Hook","Dodge and Roll+1","Riddle With Holes","Decay"],"relics":["Snecko Eye","Gremlin Horn","Pear","Bottled Flame","Art of War","Ectoplasm","Paper Crane","Bag of Preparation","Ninja Scroll","Vajra"],"potions_floor_usage":[6,11,16,22,28,33],"damage_taken":[{"damage":8,"enemies":"Jaw Worm","floor":1,"turns":7},{"damage":5,"enemies":"Small Slimes","floor":3,"turns":3},{"damage":0,"enemies":"Cultist","floor":5,"turns":3},{"damage":2,"enemies":"2 Fungi Beasts","floor":6,"turns":6},{"damage":15,"enemies":"Gremlin Nob","floor":7,"turns":3},{"damage":5,"enemies":"Lots of Slimes","floor":10,"turns":3},{"damage":15,"enemies":"Lagavulin","floor":11,"turns":4},{"damage":5,"enemies":"3 Louse","floor":12,"turns":3},{"damage":0,"enemies":"2 Fungi Beasts","floor":14,"turns":2},{"damage":11,"enemies":"The Guardian","floor":16,"turns":9},{"damage":0,"enemies":"Shell Parasite","floor":18,"turns":4},{"damage":7,"enemies":"Chosen","floor":20,"turns":4},{"damage":18,"enemies":"Snake Plant","floor":21,"turns":4},{"damage":0,"enemies":"3 Cultists","floor":22,"turns":6},{"damage":31,"enemies":"Slavers","floor":23,"turns":6},{"damage":0,"enemies":"Cultist and Chosen","floor":27,"turns":6},{"damage":9,"enemies":"Snake Plant","floor":28,"turns":3},{"damage":0,"enemies":"Gremlin Leader","floor":30,"turns":10},{"damage":55,"enemies":"Champ","floor":33,"turns":12}],"seed_played":"-3087772679688170189","potions_obtained":[{"floor":5,"key":"Regen Potion"},{"floor":7,"key":"Dexterity Potion"},{"floor":11,"key":"AttackPotion"},{"floor":14,"key":"Weak Potion"},{"floor":18,"key":"Fire Potion"},{"floor":23,"key":"SneckoOil"},{"floor":30,"key":"Ancient Potion"}],"is_trial":false,"path_per_floor":["M","?","M","$","M","M","E","?","T","M","E","M","R","M","R","B",null,"M","$","M","M","M","E","?","R","T","M","M","R","E","?","R"],"character_chosen":"THE_SILENT","items_purchased":["Dagger Throw","Paper Crane"],"campfire_rested":2,"item_purchase_floors":[4,19],"current_hp_per_floor":[55,48,43,43,43,56,41,51,51,46,31,26,26,26,26,15,64,64,64,57,39,39,8,8,32,32,32,23,23,23,23,47,0],"gold":8,"neow_bonus":"BOSS_RELIC","is_prod":false,"is_daily":false,"chose_seed":false,"campfire_upgraded":3,"win_rate":0,"timestamp":1532540863,"path_taken":["M","?","M","$","M","?","E","?","T","M","E","M","R","M","R","BOSS","M","$","M","M","M","E","?","R","T","M","M","R","E","?","R","BOSS"],"build_version":"2018-07-19v2","purchased_purges":1,"victory":false,"max_hp_per_floor":[70,70,70,70,70,70,70,80,80,80,80,80,80,80,80,80,80,80,80,80,80,80,80,80,80,80,80,80,80,80,80,80,80],"card_choices":[{"not_picked":["Deadly Poison","Deflect"],"picked":"Dagger Throw","floor":1},{"not_picked":["Slice","Quick Slash"],"picked":"Dagger Throw","floor":3},{"not_picked":["Adrenaline","Outmaneuver"],"picked":"Terror","floor":5},{"not_picked":["Cloak And Dagger","Skewer"],"picked":"Bouncing Flask","floor":6},{"not_picked":["Phantasmal Killer","Slice"],"picked":"Backflip","floor":7},{"not_picked":["Backflip","Quick Slash"],"picked":"Dagger Throw","floor":10},{"not_picked":["Dagger Throw","All Out Attack"],"picked":"Blur","floor":11},{"not_picked":["Slice","Outmaneuver"],"picked":"Cloak And Dagger","floor":12},{"not_picked":["Well Laid Plans","Adrenaline"],"picked":"Footwork","floor":14},{"not_picked":["Glass Knife","Burst"],"picked":"Envenom","floor":16},{"not_picked":["Deadly Poison+1","Slice"],"picked":"Underhanded Strike","floor":18},{"not_picked":["Dodge and Roll","Deflect+1","Deadly Poison"],"picked":"SKIP","floor":20},{"not_picked":["Masterful Stab","Sucker Punch+1"],"picked":"Accuracy+1","floor":21},{"not_picked":["Dodge and Roll+1","Heel Hook"],"picked":"Malaise","floor":22},{"not_picked":["Quick Slash","Bane"],"picked":"Leg Sweep","floor":23},{"not_picked":["Outmaneuver","Escape Plan"],"picked":"Heel Hook","floor":27},{"not_picked":["Prepared","Quick Slash"],"picked":"Dodge and Roll+1","floor":28},{"not_picked":["Skewer","Dagger Throw"],"picked":"Riddle With Holes","floor":30}],"player_experience":308206,"relics_obtained":[{"floor":7,"key":"Gremlin Horn"},{"floor":9,"key":"Bottled Flame"},{"floor":11,"key":"Art of War"},{"floor":23,"key":"Bag of Preparation"},{"floor":26,"key":"Ninja Scroll"},{"floor":30,"key":"Vajra"}],"event_choices":[{"event_name":"Golden Wing","player_choice":"Card Removal","floor":2,"damage_taken":0},{"event_name":"Wheel of Change","player_choice":"Relic","floor":8,"damage_taken":0},{"event_name":"Drug Dealer","player_choice":"Ignored","floor":24,"damage_taken":0},{"event_name":"Forgotten Altar","player_choice":"Smashed Altar","floor":31,"damage_taken":0}],"is_beta":false,"boss_relics":[{"not_picked":["Runic Pyramid","Fusion Hammer"],"picked":"Ectoplasm"}],"items_purged_floors":[4],"is_endless":false,"potions_floor_spawned":[5,7,11,14,18,23,30],"killed_by":"Champ","ascension_level":6}