{"gold_per_floor":[110,122,47,47,47,72,72,90,90,90,103,178,178,190,190,291,291],"floor_reached":17,"playtime":435,"items_purged":["Defend_R"],"score":202,"play_id":"a503fc88-b62b-4621-b969-63461499989c","local_time":"20190602205913","is_ascension_mode":true,"campfire_choices":[{"data":"Infernal Blade","floor":7,"key":"SMITH"},{"data":"Rampage","floor":10,"key":"SMITH"},{"floor":13,"key":"REST"},{"data":"Seeing Red","floor":15,"key":"SMITH"}],"neow_cost":"NONE","seed_source_timestamp":276552105815126,"circlet_count":0,"master_deck":["Strike_R","Strike_R","Strike_R","Strike_R","Strike_R","Defend_R","Defend_R","Defend_R","Flame Barrier","Infernal Blade+1","Rampage+1","Regret","Flame Barrier","Seeing Red","Seeing Red+1","Reaper"],"relics":["Burning Blood","Thread and Needle","Matryoshka","Lantern","Dodecahedron","Eternal Feather"],"potions_floor_usage":[16],"damage_taken":[{"damage":4,"enemies":"Small Slimes","floor":1,"turns":3},{"damage":4,"enemies":"Jaw Worm","floor":2,"turns":4},{"damage":27,"enemies":"Gremlin Nob","floor":6,"turns":5},{"damage":0,"enemies":"2 Louse","floor":8,"turns":1},{"damage":2,"enemies":"Blue Slaver","floor":11,"turns":3},{"damage":12,"enemies":"2 Fungi Beasts","floor":14,"turns":3},{"damage":70,"enemies":"The Guardian","floor":16,"turns":12}],"seed_played":"983640710117248090","potions_obtained":[{"floor":11,"key":"SteroidPotion"},{"floor":16,"key":"FearPotion"}],"is_trial":false,"path_per_floor":["M","M","$","?","$","E","R","M","T","R","M","?","R","M","R","B",null],"character_chosen":"IRONCLAD","items_purchased":[],"campfire_rested":1,"item_purchase_floors":[],"current_hp_per_floor":[74,76,76,76,76,55,55,61,61,61,65,54,78,72,72,8,62],"gold":291,"neow_bonus":"TRANSFORM_CARD","is_prod":false,"is_daily":false,"chose_seed":false,"campfire_upgraded":3,"win_rate":0,"timestamp":1559523553,"path_taken":["M","M","$","?","$","E","R","M","T","R","M","?","R","M","R","BOSS"],"build_version":"2019-01-23","purchased_purges":1,"victory":false,"max_hp_per_floor":[80,80,80,80,80,80,80,80,80,80,80,80,80,80,80,80,80],"card_choices":[{"not_picked":["Headbutt","True Grit"],"picked":"Infernal Blade","floor":1},{"not_picked":["Thunderclap","Twin Strike"],"picked":"Rampage","floor":2},{"not_picked":["Perfected Strike","Shockwave"],"picked":"Flame Barrier","floor":6},{"not_picked":["Clothesline","Twin Strike","Wild Strike"],"picked":"SKIP","floor":8},{"not_picked":["Clash","Perfected Strike"],"picked":"Seeing Red","floor":11},{"not_picked":["True Grit","Pommel Strike"],"picked":"Seeing Red","floor":14},{"not_picked":["Brutality","Feed"],"picked":"Reaper","floor":16}],"player_experience":1050236,"relics_obtained":[{"floor":6,"key":"Matryoshka"},{"floor":9,"key":"Lantern"},{"floor":9,"key":"Dodecahedron"}],"event_choices":[{"damage_healed":0,"gold_gain":0,"player_choice":"Box","damage_taken":0,"relics_obtained":["Thread and Needle"],"max_hp_gain":0,"max_hp_loss":0,"event_name":"Big Fish","floor":4,"gold_loss":0,"cards_obtained":["Regret"]},{"damage_healed":0,"gold_gain":75,"player_choice":"Gather Gold","damage_taken":11,"max_hp_gain":0,"max_hp_loss":0,"event_name":"World of Goop","floor":12,"gold_loss":0}],"is_beta":false,"boss_relics":[{"not_picked":["Fusion Hammer","Astrolabe"],"picked":"Eternal Feather"}],"items_purged_floors":[3],"is_endless":false,"potions_floor_spawned":[11,16],"ascension_level":6}