{"gold_per_floor":[111,111,36,49,66,94,94,94,94,94,124,124,124,140,140,217,217,228,228,228,241,141,141,153,173,199,399,418,443,476,486,486,561,561,571,289,309,327,377,377,389,389],"floor_reached":42,"playtime":1090,"items_purged":["Strike_R","Bash","Reckless Charge+1"],"score":956,"play_id":"9908889c-d693-4f34-b2b8-f3451f137c38","local_time":"20190625000934","is_ascension_mode":true,"campfire_choices":[{"data":"Whirlwind","floor":8.0,"key":"SMITH"},{"data":"Offering","floor":10.0,"key":"SMITH"},{"data":"Inflame","floor":12.0,"key":"SMITH"},{"data":"Pommel Strike","floor":15.0,"key":"SMITH"},{"data":"Double Tap","floor":23.0,"key":"SMITH"},{"data":"Limit Break","floor":32,"key":"SMITH"},{"data":"Entrench","floor":40,"key":"SMITH"}],"neow_cost":"NONE","seed_source_timestamp":1931683785243908,"circlet_count":0,"master_deck":["AscendersBane","Defend_R","Defend_R","Defend_R","Defend_R","Shrug It Off","Offering+1","Pommel Strike+1","Whirlwind+1","Inflame+1","Double Tap+1","Fire Breathing+1","Metallicize+1","Bloodletting+1","Offering+1","Flex+1","Limit Break+1","Battle Trance","Entrench+1","Offering","True Grit"],"special_seed":0,"relics":["Burning Blood","NeowsBlessing","Blue Candle","Question Card","Oddly Smooth Stone","Pantograph","Astrolabe","Orichalcum","Dodecahedron","Runic Pyramid","Happy Flower","Calipers"],"potions_floor_usage":[28],"damage_taken":[{"damage":0.0,"enemies":"2 Louse","floor":1.0,"turns":1.0},{"damage":0.0,"enemies":"Cultist","floor":4.0,"turns":1.0},{"damage":0.0,"enemies":"Jaw Worm","floor":5.0,"turns":1.0},{"damage":66.0,"enemies":"Lagavulin","floor":6.0,"turns":7.0},{"damage":12.0,"enemies":"Gremlin Nob","floor":11.0,"turns":3.0},{"damage":3.0,"enemies":"Large Slime","floor":14.0,"turns":6.0},{"damage":26.0,"enemies":"The Guardian","floor":16.0,"turns":12.0},{"damage":6.0,"enemies":"Chosen","floor":18.0,"turns":5.0},{"damage":7.0,"enemies":"2 Thieves","floor":21.0,"turns":2.0},{"damage":15.0,"enemies":"Sentry and Sphere","floor":24.0,"turns":2.0},{"damage":9.0,"enemies":"Snake Plant","floor":25.0,"turns":2.0},{"damage":8,"enemies":"Centurion and Healer","floor":28,"turns":3},{"damage":15,"enemies":"Gremlin Leader","floor":30,"turns":2},{"damage":6,"enemies":"Chosen and Byrds","floor":31,"turns":2},{"damage":24,"enemies":"Automaton","floor":33,"turns":4},{"damage":18,"enemies":"3 Shapes","floor":35,"turns":1},{"damage":10,"enemies":"Orb Walker","floor":37,"turns":3},{"damage":27,"enemies":"Transient","floor":38,"turns":6},{"damage":15,"enemies":"2 Orb Walkers","floor":39,"turns":1},{"damage":12,"enemies":"Writhing Mass","floor":41,"turns":5},{"damage":18,"enemies":"4 Shapes","floor":42,"turns":1}],"seed_played":"-5544110548256216900","potions_obtained":[{"floor":4.0,"key":"LiquidBronze"},{"floor":6.0,"key":"Strength Potion"},{"floor":11.0,"key":"Weak Potion"},{"floor":24.0,"key":"SpeedPotion"},{"floor":25.0,"key":"EssenceOfSteel"},{"floor":28,"key":"SneckoOil"},{"floor":37,"key":"SkillPotion"},{"floor":41,"key":"AttackPotion"}],"is_trial":false,"path_per_floor":["M","?","$","M","M","E","?","R","T","R","E","R","T","M","R","B",null,"M","?","?","M","$","R","M","M","T","?","M","T","E","M","R","B",null,"M","$","M","M","?","R","M","M"],"character_chosen":"IRONCLAD","items_purchased":["Happy Flower"],"campfire_rested":0,"item_purchase_floors":[36],"current_hp_per_floor":[74,74,74,75,75,15,15,15,15,15,9,9,9,12,12,17,61,61,61,61,60,60,60,51,48,48,48,46,46,37,37,37,44,67,55,55,51,30,21,21,15,0],"gold":389,"neow_bonus":"THREE_ENEMY_KILL","is_prod":false,"is_daily":false,"chose_seed":false,"campfire_upgraded":7,"win_rate":0,"timestamp":1561392574,"path_taken":["M","?","$","M","?","E","?","R","T","R","E","R","?","M","R","BOSS","M","?","?","?","$","R","?","M","T","?","?","?","E","M","R","BOSS","M","$","M","M","?","R","M","M"],"build_version":"2019-01-23","purchased_purges":3,"victory":false,"max_hp_per_floor":[75,75,75,75,75,75,75,75,75,75,75,75,75,75,75,75,75,75,75,75,75,75,75,75,75,75,75,75,75,75,75,75,75,75,75,75,75,75,75,75,75,75],"card_choices":[{"not_picked":["Perfected Strike","Bloodletting"],"picked":"Shrug It Off","floor":1.0},{"not_picked":["Anger","Thunderclap"],"picked":"Pommel Strike","floor":4.0},{"not_picked":["Sentinel","Anger","Cleave"],"picked":"SKIP","floor":5.0},{"not_picked":["Warcry","Reaper"],"picked":"Whirlwind","floor":6.0},{"not_picked":["Thunderclap","Carnage","Searing Blow"],"picked":"Inflame","floor":11.0},{"not_picked":["Havoc","Cleave","Clash","Anger"],"picked":"SKIP","floor":14.0},{"not_picked":["Bludgeon","Reaper","Demon Form"],"picked":"Double Tap","floor":16.0},{"not_picked":["Body Slam","Perfected Strike","Cleave"],"picked":"Bloodletting+1","floor":18.0},{"not_picked":["Evolve","Exhume","Thunderclap"],"picked":"Flex+1","floor":21.0},{"not_picked":["Whirlwind","Armaments","Bloodletting","Iron Wave"],"picked":"SKIP","floor":24.0},{"not_picked":["Havoc","Warcry","Dropkick"],"picked":"Limit Break","floor":25.0},{"not_picked":["Infernal Blade","Headbutt","Heavy Blade"],"picked":"Battle Trance","floor":28},{"not_picked":["Exhume","Metallicize","Clash+1","Flex"],"picked":"SKIP","floor":30},{"not_picked":["Body Slam","Intimidate","Twin Strike"],"picked":"Entrench","floor":31},{"not_picked":["Double Tap","Bludgeon","Brutality"],"picked":"Offering","floor":33},{"not_picked":["Body Slam","Uppercut+1","Thunderclap","Anger"],"picked":"SKIP","floor":35},{"not_picked":["Flex","Heavy Blade+1","Havoc","Intimidate"],"picked":"SKIP","floor":37},{"not_picked":["Clash","Cleave+1","Sword Boomerang","Clothesline"],"picked":"SKIP","floor":38},{"not_picked":["Armaments","Wild Strike","Clash+1"],"picked":"True Grit","floor":41}],"player_experience":1987406,"relics_obtained":[{"floor":6.0,"key":"Blue Candle"},{"floor":9.0,"key":"Question Card"},{"floor":11.0,"key":"Oddly Smooth Stone"},{"floor":13.0,"key":"Pantograph"},{"floor":29,"key":"Orichalcum"},{"floor":30,"key":"Dodecahedron"},{"floor":39,"key":"Calipers"}],"event_choices":[{"damage_healed":0.0,"max_hp_gain":0.0,"max_hp_loss":0.0,"gold_gain":0.0,"event_name":"Match and Keep!","player_choice":"1 cards matched","floor":2.0,"gold_loss":0.0,"damage_taken":0.0,"cards_obtained":["Offering"]},{"cards_removed":["Strike_R"],"damage_healed":0.0,"max_hp_gain":0.0,"max_hp_loss":0.0,"gold_gain":0.0,"event_name":"Living Wall","player_choice":"Forget","floor":7.0,"gold_loss":0.0,"damage_taken":0.0},{"damage_healed":0.0,"max_hp_gain":0.0,"max_hp_loss":0.0,"gold_gain":0.0,"event_name":"The Mausoleum","player_choice":"Ignored","floor":19.0,"gold_loss":0.0,"damage_taken":0.0},{"damage_healed":0.0,"max_hp_gain":0.0,"max_hp_loss":0.0,"gold_gain":0.0,"event_name":"Duplicator","player_choice":"Copied","floor":20.0,"gold_loss":0.0,"damage_taken":0.0,"cards_obtained":["Offering"]},{"damage_healed":0,"gold_gain":250,"player_choice":"Bet on Owner","damage_taken":0,"max_hp_gain":0,"max_hp_loss":0,"event_name":"The Joust","floor":27,"gold_loss":50},{"damage_healed":0,"gold_gain":0,"player_choice":"Fight","damage_taken":0,"max_hp_gain":0,"max_hp_loss":0,"event_name":"Mysterious Sphere","floor":39,"gold_loss":0}],"is_beta":false,"boss_relics":[{"not_picked":["Snecko Eye","Sozu"],"picked":"Astrolabe"},{"not_picked":["Runic Dome","Orrery"],"picked":"Runic Pyramid"}],"items_purged_floors":[3,22,36],"is_endless":false,"potions_floor_spawned":[4,6,11,24,25,28,33,37,41],"killed_by":"4 Shapes","ascension_level":20}