{"gold_per_floor":[114,114,134,148,160,160,188,188,239,259,259,259,26,26,26,115,115,140,140,155,176,176,176,209,109,109,109,109,130,130,173,173,271,271,287,162,1161,282,298,342,342],"floor_reached":41,"playtime":1008,"items_purged":["Strike_R","Strike_R","Bash","Normality"],"score":1139,"play_id":"657462b1-83ab-4891-9d7d-560c368af202","local_time":"20190604195244","is_ascension_mode":true,"campfire_choices":[{"data":"Whirlwind","floor":6.0,"key":"SMITH"},{"data":"Bloodletting","floor":8.0,"key":"SMITH"},{"data":"Limit Break","floor":11.0,"key":"SMITH"},{"data":"Armaments","floor":15.0,"key":"SMITH"},{"floor":23.0,"key":"REST"},{"data":"True Grit","floor":28.0,"key":"SMITH"},{"data":"Offering","floor":30.0,"key":"SMITH"},{"data":"Power Through","floor":32.0,"key":"SMITH"}],"neow_cost":"NONE","seed_source_timestamp":188121364592876,"circlet_count":0,"master_deck":["AscendersBane","Defend_R","Defend_R","Defend_R","Defend_R","Whirlwind+1","Bloodletting+1","Limit Break+1","Inflame+1","Armaments+1","True Grit+1","Offering+1","Power Through+1","Body Slam+1","Limit Break","Berserk+1","Rampage+1","Inflame+1","Normality","Seeing Red+1"],"special_seed":0,"relics":["Burning Blood","NeowsBlessing","Blue Candle","Potion Belt","Centennial Puzzle","Golden Idol","Busted Crown","Meat on the Bone","Kunai","Molten Egg 2","Astrolabe","ClockworkSouvenir","Pen Nib","Juzu Bracelet","Bottled Tornado"],"potions_floor_usage":[],"damage_taken":[{"damage":0.0,"enemies":"Small Slimes","floor":1.0,"turns":1.0},{"damage":0.0,"enemies":"Jaw Worm","floor":3.0,"turns":1.0},{"damage":0.0,"enemies":"Cultist","floor":4.0,"turns":1.0},{"damage":25.0,"enemies":"Gremlin Gang","floor":5.0,"turns":4.0},{"damage":33.0,"enemies":"3 Sentries","floor":7.0,"turns":5.0},{"damage":4.0,"enemies":"Looter","floor":10.0,"turns":2.0},{"damage":46.0,"enemies":"The Guardian","floor":16.0,"turns":12.0},{"damage":9.0,"enemies":"Chosen","floor":18.0,"turns":2.0},{"damage":6.0,"enemies":"Spheric Guardian","floor":20.0,"turns":3.0},{"damage":30.0,"enemies":"Snecko","floor":21.0,"turns":5.0},{"damage":37.0,"enemies":"Book of Stabbing","floor":24.0,"turns":5.0},{"damage":1.0,"enemies":"Centurion and Healer","floor":29.0,"turns":5.0},{"damage":13.0,"enemies":"Gremlin Leader","floor":31.0,"turns":4.0},{"damage":10.0,"enemies":"Collector","floor":33.0,"turns":6.0},{"damage":9,"enemies":"3 Shapes","floor":35,"turns":4},{"damage":8,"enemies":"3 Darklings","floor":39,"turns":2},{"damage":25,"enemies":"Reptomancer","floor":40,"turns":3},{"damage":56,"enemies":"4 Shapes","floor":41,"turns":1}],"seed_played":"-9032374973249866518","potions_obtained":[{"floor":3.0,"key":"SkillPotion"},{"floor":7.0,"key":"Fire Potion"},{"floor":16.0,"key":"Explosive Potion"},{"floor":18.0,"key":"Fire Potion"},{"floor":24.0,"key":"PowerPotion"},{"floor":31.0,"key":"Weak Potion"}],"is_trial":false,"path_per_floor":["M","?","M","M","M","R","E","R","T","M","R","?","$","?","R","B",null,"M","?","M","M","?","R","E","$","T","?","R","M","R","E","R","B",null,"M","$","?","$","M","E","M"],"character_chosen":"IRONCLAD","items_purchased":["Inflame","Armaments","True Grit","ClockworkSouvenir","Pen Nib","Swift Potion","SkillPotion","AttackPotion","Juzu Bracelet"],"campfire_rested":1,"item_purchase_floors":[13,13,13,38,38,38,38,38,38],"current_hp_per_floor":[74,63,69,75,56,56,29,29,29,31,31,56,56,56,56,16,55,52,52,52,28,28,48,17,17,17,17,17,34,34,39,39,47,63,60,60,60,60,58,51,0],"gold":342,"neow_bonus":"THREE_ENEMY_KILL","is_prod":false,"is_daily":false,"chose_seed":false,"campfire_upgraded":7,"win_rate":0,"timestamp":1559649164,"path_taken":["M","?","M","M","M","R","E","R","T","M","R","?","$","?","R","BOSS","M","?","?","?","?","R","E","$","T","?","R","M","R","E","R","BOSS","M","$","?","$","M","E","M"],"build_version":"2019-01-23","purchased_purges":4,"victory":false,"max_hp_per_floor":[75,75,75,75,75,75,75,75,75,75,75,75,75,68,68,68,68,68,68,68,68,68,68,68,68,68,68,68,68,68,68,68,68,68,68,68,68,68,68,68,68],"card_choices":[{"not_picked":["Clash","Anger","Heavy Blade"],"picked":"SKIP","floor":1.0},{"not_picked":["Heavy Blade","Clothesline"],"picked":"Whirlwind","floor":3.0},{"not_picked":["Headbutt","Havoc","Pommel Strike"],"picked":"SKIP","floor":4.0},{"not_picked":["Shrug It Off","Flame Barrier"],"picked":"Bloodletting","floor":5.0},{"not_picked":["Clothesline","Reaper"],"picked":"Limit Break","floor":7.0},{"not_picked":["Flame Barrier","Clash","Pummel"],"picked":"SKIP","floor":10.0},{"not_picked":["Immolate","Demon Form"],"picked":"Offering","floor":16.0},{"not_picked":["Clothesline"],"picked":"SKIP","floor":18.0},{"not_picked":["Warcry"],"picked":"SKIP","floor":20.0},{"not_picked":[],"picked":"Shrug It Off","floor":21.0},{"not_picked":["True Grit"],"picked":"SKIP","floor":24.0},{"not_picked":["Heavy Blade+1"],"picked":"SKIP","floor":29.0},{"not_picked":["Body Slam"],"picked":"SKIP","floor":31.0},{"not_picked":[],"picked":"Body Slam","floor":31.0},{"not_picked":[],"picked":"Limit Break","floor":33.0},{"not_picked":["Ghostly Armor+1"],"picked":"SKIP","floor":35},{"not_picked":[],"picked":"Seeing Red+1","floor":39},{"not_picked":["Seeing Red"],"picked":"SKIP","floor":40}],"player_experience":1866988,"relics_obtained":[{"floor":7.0,"key":"Potion Belt"},{"floor":9.0,"key":"Centennial Puzzle"},{"floor":24.0,"key":"Meat on the Bone"},{"floor":26.0,"key":"Kunai"},{"floor":31.0,"key":"Molten Egg 2"},{"floor":40,"key":"Bottled Tornado"}],"event_choices":[{"damage_healed":0.0,"max_hp_gain":0.0,"max_hp_loss":0.0,"gold_gain":0.0,"event_name":"Scrap Ooze","player_choice":"Success","floor":2.0,"gold_loss":0.0,"damage_taken":11.0,"relics_obtained":["Blue Candle"]},{"damage_healed":25.0,"max_hp_gain":0.0,"max_hp_loss":0.0,"gold_gain":0.0,"event_name":"Big Fish","player_choice":"Banana","floor":12.0,"gold_loss":0.0,"damage_taken":0.0},{"damage_healed":0.0,"max_hp_gain":0.0,"max_hp_loss":7.0,"gold_gain":0.0,"event_name":"Golden Idol","player_choice":"Lose Max HP","floor":14.0,"gold_loss":0.0,"damage_taken":0.0,"relics_obtained":["Golden Idol"]},{"damage_healed":0.0,"max_hp_gain":0.0,"max_hp_loss":0.0,"gold_gain":0.0,"event_name":"Accursed Blacksmith","player_choice":"Forge","floor":19.0,"gold_loss":0.0,"damage_taken":0.0,"cards_upgraded":["Inflame"]},{"cards_removed":["Strike_R"],"damage_healed":0.0,"max_hp_gain":0.0,"max_hp_loss":0.0,"gold_gain":0.0,"event_name":"Back to Basics","player_choice":"Elegance","floor":22.0,"gold_loss":0.0,"damage_taken":0.0},{"damage_healed":0.0,"max_hp_gain":0.0,"max_hp_loss":0.0,"gold_gain":0.0,"event_name":"The Library","player_choice":"Read","floor":27.0,"gold_loss":0.0,"damage_taken":0.0,"cards_obtained":["Power Through"]},{"damage_healed":0,"gold_gain":999,"player_choice":"Gold","damage_taken":0,"max_hp_gain":0,"max_hp_loss":0,"event_name":"MindBloom","floor":37,"gold_loss":0,"cards_obtained":["Normality","Normality"]}],"is_beta":false,"boss_relics":[{"not_picked":["Lizard Tail","White Beast Statue"],"picked":"Busted Crown"},{"not_picked":["Snecko Eye","Orrery"],"picked":"Astrolabe"}],"items_purged_floors":[13,25,36,38],"is_endless":false,"potions_floor_spawned":[3,7,16,18,24,31,39,40],"killed_by":"4 Shapes","ascension_level":20}