{"gold_per_floor":[367,386,461,121,121,156,156,176,200,200,200,227,227],"floor_reached":13,"playtime":223,"items_purged":["Strike_B"],"score":182,"play_id":"d50ac1f9-d2fc-49e8-92aa-0631a871e65e","local_time":"20190527170036","is_ascension_mode":true,"campfire_choices":[{"data":"Consume","floor":7.0,"key":"SMITH"},{"data":"Loop","floor":10.0,"key":"SMITH"}],"neow_cost":"PERCENT_DAMAGE","seed_source_timestamp":167738560252273,"circlet_count":0,"master_deck":["AscendersBane","Strike_B+1","Strike_B","Strike_B","Defend_B","Defend_B+1","Defend_B","Defend_B","Zap+1","Dualcast+1","Sunder+1","Consume+1","Coolheaded","Loop+1","Compile Driver","Defragment","Cold Snap"],"special_seed":0,"relics":["Cracked Core","Whetstone","War Paint","Potion Belt"],"potions_floor_usage":[12,12],"damage_taken":[{"damage":1.0,"enemies":"Small Slimes","floor":1.0,"turns":3.0},{"damage":3.0,"enemies":"2 Louse","floor":2.0,"turns":2.0},{"damage":6.0,"enemies":"Lagavulin","floor":6.0,"turns":7.0},{"damage":0.0,"enemies":"Cultist","floor":8.0,"turns":3.0},{"damage":22,"enemies":"Gremlin Nob","floor":12,"turns":4},{"damage":0,"enemies":"Blue Slaver","floor":13,"turns":1}],"seed_played":"5511315744635727813","potions_obtained":[{"floor":6.0,"key":"EssenceOfSteel"},{"floor":8.0,"key":"Weak Potion"}],"is_trial":false,"path_per_floor":["M","M","?","$","?","E","R","M","T","R","?","E","M"],"character_chosen":"DEFECT","items_purchased":["Whetstone","Coolheaded","Loop"],"campfire_rested":0,"item_purchase_floors":[4,4,4],"current_hp_per_floor":[45,42,31,31,31,25,25,25,25,25,25,3,3],"gold":227,"neow_bonus":"TWO_FIFTY_GOLD","is_prod":false,"is_daily":false,"chose_seed":false,"campfire_upgraded":2,"win_rate":0,"timestamp":1558947636,"path_taken":["M","M","?","$","?","E","R","M","T","R","?","E","M"],"build_version":"2019-01-23","purchased_purges":1,"victory":false,"max_hp_per_floor":[71,71,71,71,71,71,71,71,71,71,71,71,71],"card_choices":[{"not_picked":["Turbo","Compile Driver"],"picked":"Sunder","floor":1.0},{"not_picked":["Beam Cell","Rebound"],"picked":"Consume","floor":2.0},{"not_picked":["Go for the Eyes","Steam"],"picked":"Compile Driver","floor":6.0},{"not_picked":["Coolheaded","Stack"],"picked":"Defragment","floor":8.0},{"not_picked":["Thunder Strike","Scrape"],"picked":"Cold Snap","floor":12}],"player_experience":1774575,"relics_obtained":[{"floor":6.0,"key":"War Paint"},{"floor":12,"key":"Potion Belt"}],"event_choices":[{"damage_healed":0.0,"max_hp_gain":0.0,"max_hp_loss":0.0,"gold_gain":75.0,"event_name":"World of Goop","player_choice":"Gather Gold","floor":3.0,"gold_loss":0.0,"damage_taken":11.0},{"damage_healed":0.0,"max_hp_gain":0.0,"max_hp_loss":0.0,"gold_gain":0.0,"event_name":"Liars Game","player_choice":"Ignored","floor":5.0,"gold_loss":0.0,"damage_taken":0.0},{"damage_healed":0.0,"max_hp_gain":0.0,"max_hp_loss":0.0,"gold_gain":0.0,"event_name":"Upgrade Shrine","player_choice":"Upgraded","floor":11.0,"gold_loss":0.0,"damage_taken":0.0,"cards_upgraded":["Zap"]}],"is_beta":false,"boss_relics":[],"items_purged_floors":[4],"is_endless":false,"potions_floor_spawned":[6,8],"killed_by":"Blue Slaver","ascension_level":20}