{"gold_per_floor":[119,119,130,141,141,141,153,179,179,179,194,194,194,213,213,314,314,328,340,357,377,377],"floor_reached":22,"playtime":33058,"items_purged":[],"score":190,"play_id":"b4defc18-8b66-4ea8-81fa-9b63db6fc8bc","local_time":"20190316005616","is_ascension_mode":false,"campfire_choices":[{"data":"Cold Snap","floor":6,"key":"SMITH"},{"floor":10,"key":"REST"},{"floor":12,"key":"REST"},{"data":"Cold Snap","floor":15,"key":"SMITH"}],"neow_cost":"CURSE","seed_source_timestamp":218859877694999,"circlet_count":0,"master_deck":["Strike_B","Strike_B","Strike_B","Strike_B","Defend_B","Defend_B","Defend_B","Defend_B","Zap","Dualcast","Decay","All For One+1","Chill","Chill","Cold Snap+1","FTL","Beam Cell","Cold Snap+1","Turbo","Biased Cognition","Cold Snap+1","Capacitor","Melter","Go for the Eyes+1"],"relics":["Cracked Core","Blue Candle","Symbiotic Virus","Black Star"],"potions_floor_usage":[],"damage_taken":[{"damage":8,"enemies":"Jaw Worm","floor":1,"turns":3},{"damage":0,"enemies":"Cultist","floor":3,"turns":4},{"damage":0,"enemies":"Small Slimes","floor":4,"turns":3},{"damage":19,"enemies":"Blue Slaver","floor":7,"turns":3},{"damage":27,"enemies":"Gremlin Nob","floor":8,"turns":5},{"damage":13,"enemies":"Gremlin Gang","floor":11,"turns":4},{"damage":2,"enemies":"Exordium Wildlife","floor":14,"turns":3},{"damage":43,"enemies":"Hexaghost","floor":16,"turns":12},{"damage":15,"enemies":"Shell Parasite","floor":18,"turns":6},{"damage":1,"enemies":"Chosen","floor":19,"turns":5},{"damage":34,"enemies":"Shelled Parasite and Fungi","floor":20,"turns":8},{"damage":22,"enemies":"Snake Plant","floor":21,"turns":4},{"damage":7,"enemies":"3 Cultists","floor":22,"turns":2}],"seed_played":"7390810315691696972","potions_obtained":[{"floor":3,"key":"Energy Potion"},{"floor":4,"key":"EssenceOfSteel"},{"floor":11,"key":"SpeedPotion"},{"floor":21,"key":"Energy Potion"}],"is_trial":false,"path_per_floor":["M","?","M","M","$","R","M","E","T","R","M","R","T","M","R","B",null,"M","M","M","M","M"],"character_chosen":"DEFECT","items_purchased":[],"campfire_rested":2,"item_purchase_floors":[],"current_hp_per_floor":[67,67,67,67,67,67,48,21,21,43,30,52,52,50,50,7,75,60,59,25,3,0],"gold":377,"neow_bonus":"THREE_RARE_CARDS","is_prod":false,"is_daily":false,"chose_seed":false,"campfire_upgraded":2,"win_rate":0,"timestamp":1552712176,"path_taken":["M","?","M","M","$","R","?","E","T","R","M","R","?","M","R","BOSS","M","M","?","M","M"],"build_version":"2019-01-23","purchased_purges":0,"victory":false,"max_hp_per_floor":[75,75,75,75,75,75,75,75,75,75,75,75,75,75,75,75,75,75,75,75,75,75],"card_choices":[{"not_picked":["Core Surge","Hyperbeam"],"picked":"All For One","floor":0},{"not_picked":["Aggregate","Barrage"],"picked":"Chill","floor":1},{"not_picked":["Glacier","Redo"],"picked":"Chill","floor":3},{"not_picked":["Glacier","Undo"],"picked":"Cold Snap","floor":4},{"not_picked":["Self Repair","Static Discharge"],"picked":"FTL","floor":7},{"not_picked":["Streamline","Go for the Eyes"],"picked":"Beam Cell","floor":8},{"not_picked":["Hologram","Barrage"],"picked":"Cold Snap","floor":11},{"not_picked":["Aggregate","BootSequence"],"picked":"Turbo","floor":14},{"not_picked":["Machine Learning","Hyperbeam"],"picked":"Biased Cognition","floor":16},{"not_picked":["Reprogram","Barrage+1"],"picked":"Cold Snap+1","floor":18},{"not_picked":["Storm","Sweeping Beam+1"],"picked":"Capacitor","floor":19},{"not_picked":["Chaos","Ball Lightning"],"picked":"Melter","floor":20},{"not_picked":["Fusion","Leap"],"picked":"Go for the Eyes+1","floor":21}],"player_experience":670583,"relics_obtained":[{"floor":8,"key":"Blue Candle"},{"floor":9,"key":"Symbiotic Virus"}],"event_choices":[{"damage_healed":0,"gold_gain":0,"player_choice":"Upgraded","damage_taken":0,"max_hp_gain":0,"max_hp_loss":0,"event_name":"Upgrade Shrine","floor":2,"gold_loss":0,"cards_upgraded":["All For One"]}],"is_beta":false,"boss_relics":[{"not_picked":["Ectoplasm","Empty Cage"],"picked":"Black Star"}],"items_purged_floors":[],"is_endless":false,"potions_floor_spawned":[3,4,11,14,16,21],"killed_by":"3 Cultists","ascension_level":0}