{"gold_per_floor":[119,74,74,84,84,84,113,113,140,140,140,21,64,80,80,169,169,183,183,201,221,246,246,296,296,296,296,296],"floor_reached":28,"playtime":841,"items_purged":[],"score":498,"play_id":"9459707a-e0fc-4775-90b9-edd7eb5b9177","local_time":"20190531163653","is_ascension_mode":true,"campfire_choices":[{"data":"Body Slam","floor":6.0,"key":"SMITH"},{"data":"Feel No Pain","floor":8.0,"key":"SMITH"},{"floor":10.0,"key":"RECALL"},{"data":"Disarm","floor":15.0,"key":"SMITH"},{"data":"True Grit","floor":23,"key":"SMITH"},{"data":"Feed","floor":25,"key":"SMITH"},{"floor":27,"key":"REST"}],"neow_cost":"NONE","seed_source_timestamp":79088139549682,"circlet_count":0,"master_deck":["AscendersBane","Strike_R","Strike_R+1","Strike_R","Strike_R","Defend_R","Defend_R","Defend_R","Defend_R","Bash+1","Feel No Pain+1","Body Slam+1","Dropkick","Disarm+1","Shrug It Off","Second Wind","Feed+1","True Grit+1"],"special_seed":0,"relics":["Black Blood","NeowsBlessing","Singing Bowl","Centennial Puzzle","Golden Idol","Sundial","Ginger"],"potions_floor_usage":[28],"damage_taken":[{"damage":0.0,"enemies":"Small Slimes","floor":1.0,"turns":1.0},{"damage":0.0,"enemies":"2 Louse","floor":4.0,"turns":1.0},{"damage":0.0,"enemies":"Gremlin Nob","floor":7.0,"turns":1.0},{"damage":17.0,"enemies":"3 Sentries","floor":13.0,"turns":17.0},{"damage":0.0,"enemies":"Jaw Worm","floor":14.0,"turns":3.0},{"damage":39.0,"enemies":"The Guardian","floor":16.0,"turns":13.0},{"damage":23.0,"enemies":"3 Byrds","floor":18.0,"turns":9.0},{"damage":18.0,"enemies":"Chosen","floor":20.0,"turns":4.0},{"damage":35.0,"enemies":"Centurion and Healer","floor":21.0,"turns":11.0},{"damage":18,"enemies":"Chosen and Byrds","floor":22,"turns":10},{"damage":39,"enemies":"Slavers","floor":28,"turns":7}],"seed_played":"3614124144564037894","potions_obtained":[{"floor":7.0,"key":"AttackPotion"},{"floor":13.0,"key":"SneckoOil"},{"floor":14.0,"key":"Energy Potion"},{"floor":20.0,"key":"Weak Potion"},{"floor":22,"key":"SteroidPotion"}],"is_trial":false,"path_per_floor":["M","$","?","M","?","R","E","R","T","R","?","$","E","M","R","B",null,"M","?","M","M","M","R","?","R","T","R","E"],"character_chosen":"IRONCLAD","items_purchased":["Feel No Pain","Dropkick","Disarm"],"campfire_rested":1,"item_purchase_floors":[2,12,12],"current_hp_per_floor":[74,74,74,75,52,52,60,60,60,60,60,60,49,55,55,22,58,48,48,42,22,16,16,16,16,16,40,1],"gold":296,"neow_bonus":"THREE_ENEMY_KILL","is_prod":false,"is_daily":false,"chose_seed":false,"campfire_upgraded":5,"win_rate":0,"timestamp":1559291813,"path_taken":["M","$","?","M","?","R","E","R","T","R","?","$","E","M","R","BOSS","M","?","M","M","M","R","?","R","T","R","E"],"build_version":"2019-01-23","purchased_purges":0,"victory":false,"max_hp_per_floor":[75,75,75,75,75,75,77,77,77,77,70,70,70,70,70,70,70,73,73,75,80,82,82,82,82,82,82,82],"card_choices":[{"not_picked":["Thunderclap","Intimidate","Hemokinesis"],"picked":"SKIP","floor":1.0},{"not_picked":["Havoc","Carnage"],"picked":"Body Slam","floor":4.0},{"not_picked":["Perfected Strike","Fiend Fire","Clothesline"],"picked":"Singing Bowl","floor":7.0},{"not_picked":["Whirlwind","Headbutt"],"picked":"Shrug It Off","floor":13.0},{"not_picked":["Inflame","Armaments"],"picked":"Second Wind","floor":14.0},{"not_picked":["Juggernaut","Limit Break"],"picked":"Feed","floor":16.0},{"not_picked":["Shrug It Off","Thunderclap"],"picked":"True Grit","floor":18.0},{"not_picked":["Headbutt","Armaments","Entrench"],"picked":"Singing Bowl","floor":20.0},{"not_picked":["Body Slam","Sword Boomerang","Heavy Blade"],"picked":"Singing Bowl","floor":21.0},{"not_picked":["Twin Strike","Heavy Blade","Cleave"],"picked":"Singing Bowl","floor":22}],"player_experience":1802463,"relics_obtained":[{"floor":7.0,"key":"Singing Bowl"},{"floor":9.0,"key":"Centennial Puzzle"},{"floor":13.0,"key":"Sundial"},{"floor":26,"key":"Ginger"}],"event_choices":[{"cards_removed":["Strike_R"],"damage_healed":0.0,"max_hp_gain":0.0,"max_hp_loss":0.0,"gold_gain":0.0,"event_name":"Living Wall","player_choice":"Forget","floor":3.0,"gold_loss":0.0,"damage_taken":0.0},{"damage_healed":0.0,"max_hp_gain":0.0,"max_hp_loss":0.0,"gold_gain":0.0,"event_name":"Shining Light","player_choice":"Entered Light","floor":5.0,"gold_loss":0.0,"damage_taken":23.0,"cards_upgraded":["Bash","Strike_R"]},{"damage_healed":0.0,"max_hp_gain":0.0,"max_hp_loss":7.0,"gold_gain":0.0,"event_name":"Golden Idol","player_choice":"Lose Max HP","floor":11.0,"gold_loss":0.0,"damage_taken":0.0,"relics_obtained":["Golden Idol"]},{"damage_healed":0.0,"max_hp_gain":0.0,"max_hp_loss":0.0,"gold_gain":0.0,"event_name":"Cursed Tome","player_choice":"Ignored","floor":19.0,"gold_loss":0.0,"damage_taken":0.0},{"damage_healed":0,"gold_gain":50,"player_choice":"Stole From Cult","damage_taken":0,"max_hp_gain":0,"max_hp_loss":0,"event_name":"Nest","floor":24,"gold_loss":0}],"is_beta":false,"boss_relics":[{"not_picked":["Snecko Eye","Orrery"],"picked":"Black Blood"}],"items_purged_floors":[],"is_endless":false,"potions_floor_spawned":[7,13,14,20,22],"killed_by":"Slavers","ascension_level":20}