{"gold_per_floor":[110,125,138,158,175,175,175,195,195,41,41,75,85,101,101,101],"floor_reached":16,"playtime":718,"items_purged":["Normality"],"score":106,"play_id":"258423cd-70cf-4458-9b6b-f7112e433395","local_time":"20190306004304","is_ascension_mode":false,"campfire_choices":[{"data":"Accuracy","floor":6,"key":"SMITH"},{"data":"Caltrops","floor":11,"key":"SMITH"},{"floor":15,"key":"REST"}],"neow_cost":"CURSE","seed_source_timestamp":372703654911168,"circlet_count":0,"master_deck":["Defend_G","Defend_G","Defend_G","Defend_G","Defend_G","Strike_G","Strike_G","Strike_G","Strike_G","Strike_G","Survivor","Neutralize","Corpse Explosion","Underhanded Strike","Outmaneuver","Dagger Spray","Accuracy+1","Poisoned Stab","Caltrops+1","Cloak And Dagger","Bouncing Flask"],"relics":["Ring of the Snake","Ancient Tea Set","Pen Nib"],"potions_floor_usage":[5,8,8,12,13,16],"damage_taken":[{"damage":0,"enemies":"Jaw Worm","floor":1,"turns":4},{"damage":1,"enemies":"Cultist","floor":2,"turns":4},{"damage":8,"enemies":"Small Slimes","floor":3,"turns":4},{"damage":7,"enemies":"2 Fungi Beasts","floor":4,"turns":2},{"damage":7,"enemies":"Blue Slaver","floor":5,"turns":3},{"damage":1,"enemies":"Gremlin Gang","floor":8,"turns":3},{"damage":34,"enemies":"Lagavulin","floor":12,"turns":7},{"damage":3,"enemies":"3 Louse","floor":13,"turns":3},{"damage":5,"enemies":"2 Fungi Beasts","floor":14,"turns":2},{"damage":25,"enemies":"Slime Boss","floor":16,"turns":5}],"seed_played":"5145218318647448988","potions_obtained":[{"floor":2,"key":"LiquidBronze"},{"floor":4,"key":"Poison Potion"},{"floor":7,"key":"Strength Potion"},{"floor":7,"key":"Poison Potion"},{"floor":12,"key":"Block Potion"},{"floor":14,"key":"AttackPotion"}],"is_trial":false,"path_per_floor":["M","M","M","M","M","R","?","M","T","$","R","E","M","M","R","B"],"character_chosen":"THE_SILENT","items_purchased":["Caltrops"],"campfire_rested":1,"item_purchase_floors":[10],"current_hp_per_floor":[70,69,61,54,47,47,47,46,46,46,46,12,9,4,25,0],"gold":101,"neow_bonus":"THREE_RARE_CARDS","is_prod":false,"is_daily":false,"chose_seed":false,"campfire_upgraded":2,"win_rate":0,"timestamp":1551850984,"path_taken":["M","M","M","M","M","R","?","M","T","$","R","E","?","M","R","BOSS"],"build_version":"2019-01-23","purchased_purges":1,"victory":false,"max_hp_per_floor":[70,70,70,70,70,70,70,70,70,70,70,70,70,70,70,70],"card_choices":[{"not_picked":["Glass Knife","Doppelganger"],"picked":"Corpse Explosion","floor":0},{"not_picked":["Tactician","Deadly Poison"],"picked":"Underhanded Strike","floor":1},{"not_picked":["Calculated Gamble","Poisoned Stab"],"picked":"Outmaneuver","floor":2},{"not_picked":["Slice","Cloak And Dagger"],"picked":"Dagger Spray","floor":3},{"not_picked":["Dagger Throw","Cloak And Dagger"],"picked":"Accuracy","floor":4},{"not_picked":["Choke","Skewer"],"picked":"Poisoned Stab","floor":5},{"not_picked":["Poisoned Stab","Reflex","Endless Agony"],"picked":"SKIP","floor":8},{"not_picked":["Prepared","Backflip"],"picked":"Cloak And Dagger","floor":12},{"not_picked":["Acrobatics","Unload","Underhanded Strike"],"picked":"SKIP","floor":13},{"not_picked":["Quick Slash","Dagger Throw"],"picked":"Bouncing Flask","floor":14}],"player_experience":637378,"relics_obtained":[{"floor":9,"key":"Ancient Tea Set"},{"floor":12,"key":"Pen Nib"}],"event_choices":[{"damage_healed":0,"gold_gain":0,"player_choice":"Got Potions","damage_taken":0,"max_hp_gain":0,"max_hp_loss":0,"event_name":"Lab","floor":7,"gold_loss":0}],"is_beta":false,"boss_relics":[],"items_purged_floors":[10],"is_endless":false,"potions_floor_spawned":[2,4,12,14],"killed_by":"Slime Boss","ascension_level":0}