{"gold_per_floor":[115,132,56,56,66,66,77,88,136,200,216,216,232,246,246,341,341,355,355,369,380,380,380,395,412,412,35,35,35,45,59,59,59],"floor_reached":33,"playtime":2865,"items_purged":[],"score":245,"play_id":"07c77689-a249-4892-967a-5cddb63f671a","local_time":"20190707003122","is_ascension_mode":false,"campfire_choices":[{"floor":6,"key":"REST"},{"data":"All Out Attack","floor":12,"key":"SMITH"},{"data":"Die Die Die","floor":15,"key":"SMITH"},{"data":"Blade Dance","floor":23,"key":"SMITH"},{"floor":29,"key":"REST"},{"floor":32,"key":"REST"}],"neow_cost":"NONE","seed_source_timestamp":1460889913262000,"circlet_count":0,"master_deck":["Strike_G","Strike_G","Defend_G+1","Defend_G","Defend_G","Defend_G","Defend_G","Survivor","Neutralize","Flying Knee","All Out Attack+1","Sucker Punch+1","Deflect","Dagger Spray","Die Die Die+1","Dagger Spray","Outmaneuver","Blade Dance+1","Choke","Slice","Adrenaline","Riddle With Holes+1","Phantasmal Killer+1","Doppelganger+1","Eviscerate+1","Writhe","Poisoned Stab","Deflect","Die Die Die+1","Skewer","Deflect+1","Dagger Spray","Die Die Die","Calculated Gamble+1"],"relics":["Ring of the Snake","Oddly Smooth Stone","Mummified Hand","Astrolabe","PreservedInsect","Meat on the Bone","MealTicket"],"potions_floor_usage":[7,11,16,21,24,25,31,31,33],"damage_taken":[{"damage":4,"enemies":"Cultist","floor":1,"turns":4},{"damage":0,"enemies":"2 Louse","floor":2,"turns":3},{"damage":1,"enemies":"Jaw Worm","floor":5,"turns":4},{"damage":2,"enemies":"Large Slime","floor":7,"turns":6},{"damage":0,"enemies":"Looter","floor":8,"turns":4},{"damage":7,"enemies":"3 Sentries","floor":10,"turns":5},{"damage":3,"enemies":"Red Slaver","floor":11,"turns":6},{"damage":0,"enemies":"Exordium Thugs","floor":13,"turns":4},{"damage":2,"enemies":"Exordium Wildlife","floor":14,"turns":3},{"damage":14,"enemies":"Slime Boss","floor":16,"turns":10},{"damage":0,"enemies":"Chosen","floor":18,"turns":4},{"damage":0,"enemies":"3 Byrds","floor":20,"turns":3},{"damage":29,"enemies":"Centurion and Healer","floor":21,"turns":6},{"damage":3,"enemies":"Cultist and Chosen","floor":24,"turns":4},{"damage":3,"enemies":"Snecko","floor":25,"turns":3},{"damage":2,"enemies":"Chosen and Byrds","floor":30,"turns":5},{"damage":12,"enemies":"Centurion and Healer","floor":31,"turns":3},{"damage":72,"enemies":"Collector","floor":33,"turns":6}],"seed_played":"-6707131401157194504","potions_obtained":[{"floor":0,"key":"Regen Potion"},{"floor":0,"key":"Energy Potion"},{"floor":0,"key":"GamblersBrew"},{"floor":7,"key":"GamblersBrew"},{"floor":11,"key":"Dexterity Potion"},{"floor":14,"key":"Ancient Potion"},{"floor":16,"key":"Swift Potion"},{"floor":20,"key":"Explosive Potion"},{"floor":30,"key":"Weak Potion"}],"is_trial":false,"path_per_floor":["M","M","$","?","M","R","M","M","T","?","M","R","M","M","R","B",null,"M","?","M","M","?","R","M","M","T","$","?","R","M","M","R","B"],"character_chosen":"THE_SILENT","items_purchased":["Sucker Punch","Deflect","MealTicket","Regen Potion","Block Potion","Dagger Spray"],"campfire_rested":3,"item_purchase_floors":[3,3,27,27,27,27],"current_hp_per_floor":[66,66,66,52,51,70,68,68,68,61,58,58,58,56,56,42,70,70,70,70,41,41,41,38,44,44,44,44,65,63,51,70,0],"gold":59,"neow_bonus":"THREE_SMALL_POTIONS","is_prod":false,"is_daily":false,"chose_seed":false,"campfire_upgraded":3,"win_rate":0.0,"timestamp":1562477482,"path_taken":["M","M","$","?","M","R","M","M","T","?","M","R","?","M","R","BOSS","M","?","M","M","?","R","?","M","T","$","?","R","M","M","R","BOSS"],"build_version":"2019-07-05","purchased_purges":0,"victory":false,"max_hp_per_floor":[70,70,70,70,70,70,70,70,70,70,70,70,70,70,70,70,70,70,70,70,70,70,70,70,70,70,70,70,70,70,70,70,70],"card_choices":[{"not_picked":["Backflip","Eviscerate"],"picked":"Flying Knee","floor":1},{"not_picked":["Distraction","Predator"],"picked":"All Out Attack","floor":2},{"not_picked":["Acrobatics","Endless Agony"],"picked":"Dagger Spray","floor":5},{"not_picked":["Backflip","Expertise"],"picked":"Die Die Die","floor":7},{"not_picked":["Acrobatics","Distraction"],"picked":"Dagger Spray","floor":8},{"not_picked":["Quick Slash","Dagger Throw"],"picked":"Outmaneuver","floor":10},{"not_picked":["Dagger Throw","Deflect"],"picked":"Blade Dance","floor":11},{"not_picked":["Sucker Punch","Poisoned Stab"],"picked":"Choke","floor":13},{"not_picked":["Deadly Poison","Dodge and Roll"],"picked":"Slice","floor":14},{"not_picked":["Bullet Time","Night Terror"],"picked":"Adrenaline","floor":16},{"not_picked":["Dagger Spray+1","Deflect"],"picked":"Eviscerate+1","floor":18},{"not_picked":["Backflip+1","PiercingWail+1"],"picked":"Poisoned Stab","floor":20},{"not_picked":["Prepared","Dodge and Roll"],"picked":"Deflect","floor":21},{"not_picked":["Dagger Spray","Blade Dance"],"picked":"Skewer","floor":24},{"not_picked":["Underhanded Strike+1","Tactician"],"picked":"Deflect+1","floor":25},{"not_picked":["Dodge and Roll+1","Backflip"],"picked":"Die Die Die","floor":30},{"not_picked":["Dagger Spray","Dagger Throw"],"picked":"Calculated Gamble+1","floor":31}],"player_experience":40147,"relics_obtained":[{"floor":9,"key":"Oddly Smooth Stone"},{"floor":10,"key":"Mummified Hand"},{"floor":26,"key":"Meat on the Bone"}],"event_choices":[{"damage_healed":0,"gold_gain":0,"player_choice":"Entered Light","damage_taken":14,"max_hp_gain":0,"max_hp_loss":0,"event_name":"Shining Light","floor":4,"gold_loss":0,"cards_upgraded":["Sucker Punch","Defend_G"]},{"damage_healed":0,"gold_gain":0,"player_choice":"Searched \u00271\u0027 times","damage_taken":0,"max_hp_gain":0,"max_hp_loss":0,"event_name":"Dead Adventurer","floor":10,"gold_loss":0},{"damage_healed":0,"gold_gain":0,"player_choice":"Opened","damage_taken":0,"relics_obtained":["PreservedInsect"],"max_hp_gain":0,"max_hp_loss":0,"event_name":"The Mausoleum","floor":19,"gold_loss":0,"cards_obtained":["Writhe"]},{"damage_healed":0,"gold_gain":0,"player_choice":"Copied","damage_taken":0,"max_hp_gain":0,"max_hp_loss":0,"event_name":"Duplicator","floor":22,"gold_loss":0,"cards_obtained":["Die Die Die"]},{"damage_healed":0,"gold_gain":0,"player_choice":"Ignored","damage_taken":0,"max_hp_gain":0,"max_hp_loss":0,"event_name":"Ghosts","floor":28,"gold_loss":0}],"is_beta":false,"boss_relics":[{"not_picked":["Ring of the Serpent","Runic Pyramid"],"picked":"Astrolabe"}],"items_purged_floors":[],"is_endless":false,"potions_floor_spawned":[5,7,8,11,14,16,18,20,30],"killed_by":"Collector","ascension_level":0}