{"gold_per_floor":[111,111,111,111,67,67,97,109,134,159,219,239,239,167,167,245,245,262,25,25,45,65,98,98,0,0,23,23,40,40,53,53,127,127,137,137,37,51,61,61,86,102,127,127,127],"floor_reached":45,"playtime":1485,"items_purged":["Strike_B","Strike_B"],"score":1138,"play_id":"7e6fd5dc-6665-4df9-a41f-d6dd8365af15","local_time":"20190524184536","is_ascension_mode":true,"campfire_choices":[{"data":"Chaos","floor":6.0,"key":"SMITH"},{"data":"Zap","floor":13.0,"key":"SMITH"},{"data":"Dualcast","floor":15.0,"key":"SMITH"},{"data":"Recycle","floor":24.0,"key":"SMITH"},{"data":"Multi-Cast","floor":30.0,"key":"SMITH"},{"data":"Redo","floor":32.0,"key":"SMITH"},{"floor":40.0,"key":"REST"}],"neow_cost":"NONE","seed_source_timestamp":59417568102304,"circlet_count":0,"master_deck":["AscendersBane","Defend_B","Defend_B","Defend_B","Defend_B","Zap+1","Dualcast+1","Compile Driver","Chaos+1","Recycle+1","Core Surge","Reinforced Body","Multi-Cast+1","Compile Driver+1","Glacier","Thunder Strike+1","Redo+1","Meteor Strike","Tempest","Coolheaded","Reboot","Double Energy"],"special_seed":0,"relics":["Cracked Core","NeowsBlessing","Oddly Smooth Stone","Orichalcum","Ancient Tea Set","Cables","Gremlin Horn","Runic Dome","Bag of Preparation","Pantograph","Bottled Flame","Whetstone","Inserter","Calipers","Bottled Lightning","Juzu Bracelet"],"potions_floor_usage":[],"damage_taken":[{"damage":0.0,"enemies":"2 Louse","floor":1.0,"turns":1.0},{"damage":0.0,"enemies":"Lagavulin","floor":7.0,"turns":1.0},{"damage":0.0,"enemies":"Jaw Worm","floor":8.0,"turns":1.0},{"damage":18.0,"enemies":"3 Sentries","floor":10.0,"turns":9.0},{"damage":14.0,"enemies":"Gremlin Nob","floor":11.0,"turns":4.0},{"damage":6.0,"enemies":"Small Slimes","floor":12.0,"turns":3.0},{"damage":0.0,"enemies":"The Guardian","floor":16.0,"turns":14.0},{"damage":24.0,"enemies":"2 Thieves","floor":18.0,"turns":4.0},{"damage":0.0,"enemies":"3 Byrds","floor":21.0,"turns":2.0},{"damage":18.0,"enemies":"Snake Plant","floor":22.0,"turns":3.0},{"damage":0.0,"enemies":"Gremlin Leader","floor":23.0,"turns":2.0},{"damage":4.0,"enemies":"Sentry and Sphere","floor":29.0,"turns":8.0},{"damage":0.0,"enemies":"Centurion and Healer","floor":31.0,"turns":5.0},{"damage":8.0,"enemies":"Champ","floor":33.0,"turns":9.0},{"damage":3.0,"enemies":"3 Shapes","floor":35.0,"turns":8.0},{"damage":7.0,"enemies":"Orb Walker","floor":38.0,"turns":4.0},{"damage":54.0,"enemies":"3 Darklings","floor":39.0,"turns":5.0},{"damage":5.0,"enemies":"Reptomancer","floor":41.0,"turns":8.0},{"damage":13.0,"enemies":"Sphere and 2 Shapes","floor":42.0,"turns":3.0},{"damage":10,"enemies":"Giant Head","floor":45,"turns":5}],"seed_played":"112889109474900418","potions_obtained":[{"floor":1.0,"key":"Dexterity Potion"},{"floor":7.0,"key":"Block Potion"},{"floor":21.0,"key":"Fire Potion"},{"floor":22.0,"key":"PowerPotion"},{"floor":31.0,"key":"Ancient Potion"},{"floor":33.0,"key":"Weak Potion"},{"floor":38.0,"key":"Ancient Potion"},{"floor":41.0,"key":"Ancient Potion"}],"is_trial":false,"path_per_floor":["M","?","?","T","$","R","E","M","T","E","?","M","R","?","R","B",null,"M","$","?","M","M","E","R","?","T","T","?","M","R","M","R","B",null,"M","T","$","M","M","R","E","M","T","?","E"],"character_chosen":"DEFECT","items_purchased":["Chaos","Bag of Preparation"],"campfire_rested":1,"item_purchase_floors":[5,19],"current_hp_per_floor":[64,64,69,69,69,69,69,69,69,51,37,31,31,31,31,31,65,41,41,41,41,23,23,23,23,23,23,23,19,19,19,19,36,66,63,63,63,56,2,24,19,6,6,6,0],"gold":127,"neow_bonus":"THREE_ENEMY_KILL","is_prod":false,"is_daily":false,"chose_seed":false,"campfire_upgraded":6,"win_rate":0,"timestamp":1558694736,"path_taken":["M","?","?","?","$","R","E","M","T","E","?","M","R","?","R","BOSS","M","$","?","M","M","E","R","?","T","?","?","M","R","M","R","BOSS","M","?","$","?","M","R","E","M","T","?","E"],"build_version":"2019-01-23","purchased_purges":2,"victory":false,"max_hp_per_floor":[71,71,76,76,76,76,76,76,76,76,76,76,76,76,76,76,76,76,76,76,76,76,76,76,76,76,76,76,76,76,76,76,76,76,76,76,76,76,76,76,76,76,76,76,76],"card_choices":[{"not_picked":["Genetic Algorithm","Lockon"],"picked":"Compile Driver","floor":1.0},{"not_picked":["Stack","Streamline","Barrage"],"picked":"SKIP","floor":7.0},{"not_picked":["Reboot","Static Discharge"],"picked":"Recycle","floor":8.0},{"not_picked":["Coolheaded","Turbo"],"picked":"Core Surge","floor":10.0},{"not_picked":["Redo","Recycle"],"picked":"Reinforced Body","floor":12.0},{"not_picked":["Rainbow","Core Surge"],"picked":"Multi-Cast","floor":16.0},{"not_picked":["Steam","Stack"],"picked":"Compile Driver","floor":18.0},{"not_picked":["Barrage+1","Go for the Eyes","Steam"],"picked":"SKIP","floor":21.0},{"not_picked":["Hello World","Beam Cell"],"picked":"Glacier","floor":22.0},{"not_picked":["Lockon","Static Discharge"],"picked":"Thunder Strike","floor":23.0},{"not_picked":["Barrage","Leap+1","Compile Driver"],"picked":"SKIP","floor":29.0},{"not_picked":["Hologram","Go for the Eyes"],"picked":"Redo","floor":31.0},{"not_picked":["Machine Learning","Rainbow"],"picked":"Meteor Strike","floor":33.0},{"not_picked":["Barrage","Steam"],"picked":"Tempest","floor":35.0},{"not_picked":["Turbo","Ball Lightning"],"picked":"Coolheaded","floor":38.0},{"not_picked":["Ball Lightning","Sweeping Beam","Cold Snap"],"picked":"SKIP","floor":39.0},{"not_picked":["Beam Cell+1","Ball Lightning"],"picked":"Reboot","floor":41.0},{"not_picked":["Leap","Rebound+1"],"picked":"Double Energy","floor":42.0}],"player_experience":1760656,"relics_obtained":[{"floor":7.0,"key":"Oddly Smooth Stone"},{"floor":9.0,"key":"Orichalcum"},{"floor":10.0,"key":"Ancient Tea Set"},{"floor":11.0,"key":"Cables"},{"floor":23.0,"key":"Pantograph"},{"floor":26.0,"key":"Bottled Flame"},{"floor":27.0,"key":"Whetstone"},{"floor":36.0,"key":"Calipers"},{"floor":41.0,"key":"Bottled Lightning"},{"floor":43.0,"key":"Juzu Bracelet"}],"event_choices":[{"damage_healed":0.0,"max_hp_gain":0.0,"max_hp_loss":0.0,"gold_gain":0.0,"event_name":"Liars Game","player_choice":"Ignored","floor":2.0,"gold_loss":0.0,"damage_taken":0.0},{"damage_healed":0.0,"max_hp_gain":5.0,"max_hp_loss":0.0,"gold_gain":0.0,"event_name":"Big Fish","player_choice":"Donut","floor":3.0,"gold_loss":0.0,"damage_taken":0.0},{"damage_healed":0.0,"max_hp_gain":0.0,"max_hp_loss":0.0,"gold_gain":30.0,"event_name":"Dead Adventurer","player_choice":"Searched \u00273\u0027 times","floor":11.0,"gold_loss":0.0,"damage_taken":0.0},{"damage_healed":0.0,"max_hp_gain":0.0,"max_hp_loss":0.0,"gold_gain":0.0,"event_name":"WeMeetAgain","player_choice":"Paid Gold","floor":14.0,"gold_loss":72.0,"damage_taken":0.0,"relics_obtained":["Gremlin Horn"]},{"cards_removed":["Strike_B"],"damage_healed":0.0,"max_hp_gain":0.0,"max_hp_loss":0.0,"gold_gain":0.0,"event_name":"Back to Basics","player_choice":"Elegance","floor":20.0,"gold_loss":0.0,"damage_taken":0.0},{"damage_healed":0.0,"max_hp_gain":0.0,"max_hp_loss":0.0,"gold_gain":0.0,"event_name":"Masked Bandits","player_choice":"Paid Fearfully","floor":25.0,"gold_loss":98.0,"damage_taken":0.0},{"damage_healed":0.0,"max_hp_gain":0.0,"max_hp_loss":0.0,"gold_gain":0.0,"event_name":"N\u0027loth","player_choice":"Ignored","floor":28.0,"gold_loss":0.0,"damage_taken":0.0},{"cards_removed":["Strike_B"],"damage_healed":0.0,"max_hp_gain":0.0,"max_hp_loss":0.0,"gold_gain":0.0,"event_name":"Falling","player_choice":"Removed Attack","floor":44.0,"gold_loss":0.0,"damage_taken":0.0}],"is_beta":false,"boss_relics":[{"not_picked":["Calling Bell","White Beast Statue"],"picked":"Runic Dome"},{"not_picked":["Tiny House","Philosopher\u0027s Stone"],"picked":"Inserter"}],"items_purged_floors":[19,37],"is_endless":false,"potions_floor_spawned":[1,7,21,22,31,33,38,39,41,42],"killed_by":"Giant Head","ascension_level":20}