{"gold_per_floor":[117,131,131,7,7,347,347,360,360,394,394,425,425,450,450,450],"floor_reached":16,"playtime":339,"items_purged":[],"score":266,"play_id":"3a4982aa-52cd-4ae8-a419-e66819306e2d","local_time":"20190607164524","is_ascension_mode":true,"campfire_choices":[{"data":"Neutralize","floor":7,"key":"SMITH"},{"data":"Well Laid Plans","floor":11,"key":"SMITH"},{"data":"Choke","floor":15,"key":"SMITH"}],"neow_cost":"NONE","seed_source_timestamp":436977686635087,"circlet_count":0,"master_deck":["AscendersBane","Defend_G","Defend_G","Defend_G","Defend_G","Defend_G","Strike_G","Strike_G","Strike_G","Strike_G","Survivor","Neutralize+1","Acrobatics","Well Laid Plans+1","Choke+1","Adrenaline"],"relics":["Ring of the Snake","NeowsBlessing","Golden Idol","Old Coin","Du-Vu Doll","Odd Mushroom","Omamori"],"potions_floor_usage":[10],"damage_taken":[{"damage":0,"enemies":"2 Louse","floor":1,"turns":1},{"damage":0,"enemies":"Small Slimes","floor":2,"turns":1},{"damage":0,"enemies":"Gremlin Nob","floor":6,"turns":1},{"damage":4,"enemies":"Jaw Worm","floor":8,"turns":2},{"damage":23,"enemies":"The Mushroom Lair","floor":10,"turns":5},{"damage":27,"enemies":"Lagavulin","floor":12,"turns":10},{"damage":3,"enemies":"Looter","floor":14,"turns":3},{"damage":5,"enemies":"Hexaghost","floor":16,"turns":5}],"seed_played":"-2654270123090805739","potions_obtained":[{"floor":2,"key":"LiquidBronze"},{"floor":10,"key":"Fire Potion"},{"floor":12,"key":"Explosive Potion"}],"is_trial":false,"path_per_floor":["M","M","?","$","?","E","R","M","T","?","R","E","?","M","R","B"],"character_chosen":"THE_SILENT","items_purchased":["Well Laid Plans","Choke"],"campfire_rested":0,"item_purchase_floors":[4,4],"current_hp_per_floor":[59,59,59,59,64,64,64,60,60,37,37,10,10,7,7,2],"gold":450,"neow_bonus":"THREE_ENEMY_KILL","is_prod":false,"is_daily":false,"chose_seed":false,"campfire_upgraded":3,"win_rate":0,"timestamp":1559897124,"path_taken":["M","M","?","$","?","E","R","M","T","?","R","E","?","M","R","BOSS"],"build_version":"2019-01-23","purchased_purges":0,"victory":false,"max_hp_per_floor":[66,66,60,60,65,65,65,65,65,65,65,65,65,65,65,65],"card_choices":[{"not_picked":["Deflect","Underhanded Strike","Dagger Throw"],"picked":"SKIP","floor":1},{"not_picked":["Predator","Heel Hook"],"picked":"Acrobatics","floor":2},{"not_picked":["Sucker Punch","Finisher","Dodge and Roll"],"picked":"SKIP","floor":6},{"not_picked":["Bane","Blade Dance","Slice"],"picked":"SKIP","floor":8},{"not_picked":["Crippling Poison","Quick Slash","Deflect"],"picked":"SKIP","floor":12},{"not_picked":["Unload","Setup","Outmaneuver"],"picked":"SKIP","floor":14}],"player_experience":1898002,"relics_obtained":[{"floor":6,"key":"Old Coin"},{"floor":9,"key":"Du-Vu Doll"},{"floor":10,"key":"Odd Mushroom"},{"floor":12,"key":"Omamori"}],"event_choices":[{"damage_healed":0,"gold_gain":0,"player_choice":"Lose Max HP","damage_taken":0,"relics_obtained":["Golden Idol"],"max_hp_gain":0,"max_hp_loss":6,"event_name":"Golden Idol","floor":3,"gold_loss":0},{"damage_healed":0,"gold_gain":0,"player_choice":"Donut","damage_taken":0,"max_hp_gain":5,"max_hp_loss":0,"event_name":"Big Fish","floor":5,"gold_loss":0},{"damage_healed":0,"gold_gain":0,"player_choice":"Fought Mushrooms","damage_taken":0,"max_hp_gain":0,"max_hp_loss":0,"event_name":"Mushrooms","floor":10,"gold_loss":0},{"damage_healed":0,"gold_gain":0,"cards_transformed":["Strike_G"],"player_choice":"Change","damage_taken":0,"max_hp_gain":0,"max_hp_loss":0,"event_name":"Living Wall","floor":13,"gold_loss":0,"cards_obtained":["Adrenaline"]}],"is_beta":false,"boss_relics":[],"items_purged_floors":[],"is_endless":false,"potions_floor_spawned":[2,10,12],"killed_by":"Hexaghost","ascension_level":20}