{"gold_per_floor":[109,120,120,134,154,154,213,240,290,322,322,350,350,383,383,488,538,555,284,315,326,306,306,322,349,349,349,349,349,349,96,96,197,197,211,211,14,14,30,30,62,62,88,107,123,123,155,166,166,166],"floor_reached":51,"playtime":2482,"items_purged":["Strike_R","Strike_R","Perfected Strike"],"score":1189,"play_id":"f0573c45-5449-466e-861e-35223534b66d","local_time":"20190806055659","is_ascension_mode":true,"campfire_choices":[{"data":"Uppercut","floor":6.0,"key":"SMITH"},{"data":"Body Slam","floor":11.0,"key":"SMITH"},{"data":"Bash","floor":13.0,"key":"SMITH"},{"floor":15.0,"key":"REST"},{"data":"True Grit","floor":23,"key":"SMITH"},{"data":"Intimidate","floor":27,"key":"SMITH"},{"data":"Metallicize","floor":30,"key":"SMITH"},{"floor":32,"key":"REST"},{"data":"Rampage","floor":40,"key":"SMITH"},{"floor":42,"key":"REST"},{"floor":46,"key":"REST"},{"data":"Havoc","floor":49,"key":"SMITH"}],"neow_cost":"NONE","seed_source_timestamp":96599719655836,"circlet_count":0,"master_deck":["AscendersBane","Strike_R+1","Defend_R+1","Defend_R+1","Bash+1","Uppercut+1","Ghostly Armor+1","Dropkick+1","Body Slam+1","Intimidate+1","True Grit+1","Metallicize+1","Uppercut+1","Rampage+1","Havoc+1","Clash+1","Battle Trance+1"],"special_seed":0,"relics":["Burning Blood","Pen Nib","Sundial","War Paint","Oddly Smooth Stone","Unceasing Top","Art of War","Happy Flower","Tiny House","Lantern","Red Mask","Blood Vial","Self Forming Clay","Bag of Marbles","Vajra","Empty Cage","Whetstone","Bag of Preparation","Orichalcum"],"potions_floor_usage":[16,20,20,25,38,50,50,50],"damage_taken":[{"damage":6.0,"enemies":"Cultist","floor":1.0,"turns":4.0},{"damage":4.0,"enemies":"Small Slimes","floor":2.0,"turns":4.0},{"damage":0.0,"enemies":"Jaw Worm","floor":4.0,"turns":3.0},{"damage":0.0,"enemies":"2 Fungi Beasts","floor":5.0,"turns":3.0},{"damage":11.0,"enemies":"Lagavulin Event","floor":7.0,"turns":5.0},{"damage":27.0,"enemies":"3 Sentries","floor":8.0,"turns":9.0},{"damage":6.0,"enemies":"Lagavulin","floor":10.0,"turns":6.0},{"damage":2.0,"enemies":"3 Sentries","floor":12.0,"turns":7.0},{"damage":24.0,"enemies":"Lagavulin","floor":14.0,"turns":4.0},{"damage":32,"enemies":"Slime Boss","floor":16,"turns":11},{"damage":26,"enemies":"Shell Parasite","floor":18,"turns":6},{"damage":16,"enemies":"Masked Bandits","floor":20,"turns":5},{"damage":0,"enemies":"Spheric Guardian","floor":21,"turns":2},{"damage":7,"enemies":"Centurion and Healer","floor":24,"turns":6},{"damage":25,"enemies":"Slavers","floor":25,"turns":9},{"damage":73,"enemies":"Automaton","floor":33,"turns":14},{"damage":21,"enemies":"3 Darklings","floor":35,"turns":11},{"damage":0,"enemies":"Orb Walker","floor":38,"turns":3},{"damage":6,"enemies":"Sphere and 2 Shapes","floor":39,"turns":9},{"damage":50,"enemies":"Giant Head","floor":41,"turns":8},{"damage":29,"enemies":"Writhing Mass","floor":44,"turns":5},{"damage":0,"enemies":"4 Shapes","floor":45,"turns":6},{"damage":14,"enemies":"Nemesis","floor":47,"turns":9},{"damage":0,"enemies":"Transient","floor":48,"turns":5},{"damage":18,"enemies":"Time Eater","floor":50,"turns":8}],"seed_played":"-5377287260839640850","potions_obtained":[{"floor":2.0,"key":"Explosive Potion"},{"floor":7.0,"key":"Ancient Potion"},{"floor":8.0,"key":"EntropicBrew"},{"floor":14.0,"key":"FairyPotion"},{"floor":17,"key":"Energy Potion"},{"floor":18,"key":"Regen Potion"},{"floor":21,"key":"Ancient Potion"},{"floor":22,"key":"GamblersBrew"},{"floor":35,"key":"SmokeBomb"},{"floor":44,"key":"Strength Potion"},{"floor":47,"key":"Ancient Potion"}],"is_trial":false,"path_per_floor":["M","M","?","M","M","R","?","E","T","E","R","E","R","E","R","B",null,"M","$","?","M","?","R","M","E","T","R","T","?","R","$","R","B",null,"M","?","$","M","M","R","E","R","T","M","M","R","E","M","R","B",null],"character_chosen":"IRONCLAD","items_purchased":["Lantern","True Grit","Vajra","Rampage"],"campfire_rested":4,"item_purchase_floors":[19,19,31,37],"current_hp_per_floor":[72,74,58,64,70,70,65,44,44,44,44,48,48,30,54,28,72,52,52,56,62,62,62,61,42,42,42,42,42,42,42,67,14,67,54,54,54,62,64,64,22,47,47,26,34,59,53,61,61,51],"gold":166,"neow_bonus":"RANDOM_COMMON_RELIC","is_prod":false,"is_daily":false,"chose_seed":false,"campfire_upgraded":8,"win_rate":0,"timestamp":1565038619,"path_taken":["M","M","?","M","M","R","?","E","T","E","R","E","R","E","R","BOSS","M","$","?","M","?","R","?","E","T","R","?","?","R","$","R","BOSS","M","?","$","M","M","R","E","R","T","M","M","R","E","?","R","BOSS"],"build_version":"2019-07-17","purchased_purges":3,"victory":true,"max_hp_per_floor":[80,80,80,80,80,80,80,80,80,80,80,80,80,80,80,80,85,85,85,85,85,85,85,85,85,85,85,85,85,85,85,85,85,85,85,85,85,85,85,85,85,85,85,85,85,85,85,85,85,85],"card_choices":[{"not_picked":["Cleave","True Grit"],"picked":"Uppercut","floor":1.0},{"not_picked":["Dual Wield","Perfected Strike"],"picked":"Ghostly Armor","floor":2.0},{"not_picked":["Thunderclap","Sword Boomerang","Reckless Charge"],"picked":"SKIP","floor":4.0},{"not_picked":["Headbutt","Dual Wield"],"picked":"Dropkick","floor":5.0},{"not_picked":["Wild Strike","Rampage"],"picked":"Body Slam","floor":7.0},{"not_picked":["Immolate","Sword Boomerang","Clothesline"],"picked":"SKIP","floor":8.0},{"not_picked":["Twin Strike","Clash","Headbutt"],"picked":"SKIP","floor":10.0},{"not_picked":["Heavy Blade","Impervious","Armaments"],"picked":"SKIP","floor":12.0},{"not_picked":["Inflame","Warcry","Thunderclap"],"picked":"SKIP","floor":14.0},{"not_picked":["Iron Wave","Twin Strike"],"picked":"Intimidate","floor":17},{"not_picked":["Heavy Blade","Blood for Blood","Cleave"],"picked":"SKIP","floor":18},{"not_picked":["Searing Blow","Seeing Red","Second Wind"],"picked":"SKIP","floor":21},{"not_picked":["Headbutt","Thunderclap","Bloodletting"],"picked":"SKIP","floor":24},{"not_picked":["Pommel Strike","Headbutt"],"picked":"Metallicize","floor":25},{"not_picked":["Searing Blow","Shrug It Off+1"],"picked":"Uppercut+1","floor":35},{"not_picked":["Twin Strike+1","Clothesline","Shrug It Off"],"picked":"SKIP","floor":39},{"not_picked":["Combust+1","Searing Blow","Pummel"],"picked":"SKIP","floor":41},{"not_picked":["Twin Strike","Cleave","Seeing Red+1"],"picked":"SKIP","floor":44},{"not_picked":["Uppercut","Shockwave+1"],"picked":"Havoc","floor":45},{"not_picked":["Twin Strike","Carnage"],"picked":"Clash+1","floor":47},{"not_picked":["Brutality","Iron Wave+1"],"picked":"Battle Trance+1","floor":48}],"player_experience":275632,"relics_obtained":[{"floor":7.0,"key":"Sundial"},{"floor":8.0,"key":"War Paint"},{"floor":9.0,"key":"Oddly Smooth Stone"},{"floor":10.0,"key":"Unceasing Top"},{"floor":12.0,"key":"Art of War"},{"floor":14.0,"key":"Happy Flower"},{"floor":20,"key":"Red Mask"},{"floor":25,"key":"Blood Vial"},{"floor":26,"key":"Self Forming Clay"},{"floor":28,"key":"Bag of Marbles"},{"floor":41,"key":"Whetstone"},{"floor":43,"key":"Bag of Preparation"},{"floor":47,"key":"Orichalcum"}],"event_choices":[{"damage_healed":0.0,"max_hp_gain":0.0,"max_hp_loss":0.0,"gold_gain":0.0,"event_name":"Shining Light","player_choice":"Entered Light","floor":3.0,"gold_loss":0.0,"damage_taken":16.0,"cards_upgraded":["Ghostly Armor","Defend_R"]},{"damage_healed":0.0,"max_hp_gain":0.0,"max_hp_loss":0.0,"gold_gain":0.0,"event_name":"Dead Adventurer","player_choice":"Searched \u00271\u0027 times","floor":7.0,"gold_loss":0.0,"damage_taken":0.0},{"damage_healed":0,"gold_gain":0,"player_choice":"Fought Bandits","damage_taken":0,"max_hp_gain":0,"max_hp_loss":0,"event_name":"Masked Bandits","floor":20,"gold_loss":0},{"damage_healed":0,"gold_gain":0,"player_choice":"Bought 1 Potion","damage_taken":0,"max_hp_gain":0,"max_hp_loss":0,"event_name":"The Woman in Blue","floor":22,"gold_loss":0},{"cards_removed":["Strike_R"],"damage_healed":0,"gold_gain":0,"player_choice":"Elegance","damage_taken":0,"max_hp_gain":0,"max_hp_loss":0,"event_name":"Back to Basics","floor":29,"gold_loss":0},{"damage_healed":0,"gold_gain":0,"cards_transformed":["Defend_R"],"player_choice":"Transformed","damage_taken":0,"max_hp_gain":0,"max_hp_loss":0,"event_name":"Transmorgrifier","floor":36,"gold_loss":0,"cards_obtained":["Perfected Strike"]}],"is_beta":false,"boss_relics":[{"not_picked":["Velvet Choker","Snecko Eye"],"picked":"Tiny House"},{"not_picked":["Black Blood","Philosopher\u0027s Stone"],"picked":"Empty Cage"}],"items_purged_floors":[19,31,37],"is_endless":false,"potions_floor_spawned":[2,7,8,14,18,21,24,35,44,47],"ascension_level":10}