{"gold_per_floor":[117,137,86,86,102,102,122,135,135,135,135,135,173,193,193,324,324,345,370,389,137,162,162,162,198,249,272,272,295,295,336,336,336],"floor_reached":33,"playtime":1164,"items_purged":[],"score":390,"play_id":"18ddd457-3556-4fed-85d9-7a45557a23f5","local_time":"20190604012931","is_ascension_mode":true,"campfire_choices":[{"data":"Heavy Blade","floor":6,"key":"SMITH"},{"data":"Flex","floor":10,"key":"SMITH"},{"data":"Perfected Strike","floor":12,"key":"SMITH"},{"data":"Heavy Blade","floor":15,"key":"SMITH"},{"data":"Perfected Strike","floor":23,"key":"SMITH"},{"floor":28,"key":"REST"},{"data":"J.A.X.","floor":30,"key":"SMITH"},{"floor":32,"key":"REST"}],"neow_cost":"TEN_PERCENT_HP_LOSS","seed_source_timestamp":378441760624816,"circlet_count":0,"master_deck":["Strike_R","Strike_R","Strike_R","Strike_R","Strike_R","Defend_R","Defend_R","Defend_R","Defend_R","Bash","Heavy Blade+1","Infernal Blade","Flex+1","Perfected Strike+1","Shrug It Off","Shrug It Off","Injury","Heavy Blade+1","Limit Break","Perfected Strike+1","Infernal Blade+1","J.A.X.+1","Barricade","Body Slam+1"],"relics":["Burning Blood","FossilizedHelix","Meat on the Bone","Golden Idol","Question Card","Sozu","Molten Egg 2","Mercury Hourglass","Regal Pillow","Turnip"],"potions_floor_usage":[16,20,33],"damage_taken":[{"damage":1,"enemies":"2 Louse","floor":1,"turns":3},{"damage":0,"enemies":"Cultist","floor":2,"turns":3},{"damage":0,"enemies":"Small Slimes","floor":5,"turns":2},{"damage":11,"enemies":"Looter","floor":7,"turns":3},{"damage":0,"enemies":"2 Fungi Beasts","floor":8,"turns":3},{"damage":20,"enemies":"Lagavulin","floor":13,"turns":4},{"damage":0,"enemies":"Blue Slaver","floor":14,"turns":2},{"damage":11,"enemies":"The Guardian","floor":16,"turns":7},{"damage":0,"enemies":"Spheric Guardian","floor":18,"turns":3},{"damage":24,"enemies":"Shell Parasite","floor":19,"turns":4},{"damage":37,"enemies":"Sentry and Sphere","floor":20,"turns":6},{"damage":10,"enemies":"Chosen and Byrds","floor":22,"turns":5},{"damage":15,"enemies":"Gremlin Leader","floor":25,"turns":3},{"damage":0,"enemies":"Snecko","floor":27,"turns":4},{"damage":24,"enemies":"3 Cultists","floor":29,"turns":5},{"damage":47,"enemies":"Slavers","floor":31,"turns":4},{"damage":86,"enemies":"Collector","floor":33,"turns":5}],"seed_played":"348938698216478313","potions_obtained":[{"floor":7,"key":"Dexterity Potion"},{"floor":8,"key":"Regen Potion"},{"floor":14,"key":"PowerPotion"}],"is_trial":false,"path_per_floor":["M","M","$","?","M","R","M","M","T","R","?","R","E","M","R","B",null,"M","M","M","$","M","R","?","E","T","M","R","M","R","E","R","B"],"character_chosen":"IRONCLAD","items_purchased":["Flex","Molten Egg 2"],"campfire_rested":2,"item_purchase_floors":[3,21],"current_hp_per_floor":[72,72,72,72,72,72,67,72,72,72,72,72,58,64,64,59,69,72,54,50,50,46,46,46,49,49,55,72,54,54,25,61,0],"gold":336,"neow_bonus":"ONE_RARE_RELIC","is_prod":false,"is_daily":false,"chose_seed":false,"campfire_upgraded":6,"win_rate":0,"timestamp":1559626171,"path_taken":["M","M","$","?","M","R","?","M","T","R","?","R","E","M","R","BOSS","M","M","M","$","M","R","?","E","T","M","R","M","R","E","R","BOSS"],"build_version":"2019-01-23","purchased_purges":0,"victory":false,"max_hp_per_floor":[72,72,72,72,72,72,72,72,72,72,72,72,72,72,72,72,72,72,72,72,72,72,72,72,72,72,72,72,72,72,72,72,72],"card_choices":[{"not_picked":["Headbutt","Clash"],"picked":"Heavy Blade","floor":1},{"not_picked":["Headbutt","Dropkick"],"picked":"Infernal Blade","floor":2},{"not_picked":["Headbutt","Body Slam"],"picked":"Shrug It Off","floor":5},{"not_picked":["Pummel","Shockwave","Clothesline"],"picked":"SKIP","floor":7},{"not_picked":["Carnage","Warcry"],"picked":"Shrug It Off","floor":8},{"not_picked":["Clothesline","Body Slam","Warcry"],"picked":"SKIP","floor":13},{"not_picked":["Flex","Cleave","Immolate"],"picked":"Heavy Blade","floor":14},{"not_picked":["Impervious","Offering","Brutality"],"picked":"Limit Break","floor":16},{"not_picked":["Infernal Blade","Clothesline","Wild Strike"],"picked":"Perfected Strike","floor":18},{"not_picked":["Anger","Carnage","Uppercut","Headbutt"],"picked":"SKIP","floor":19},{"not_picked":["Clash","Headbutt","Anger+1"],"picked":"Infernal Blade+1","floor":20},{"not_picked":["Wild Strike+1","Twin Strike+1","Warcry","Clash+1"],"picked":"SKIP","floor":22},{"not_picked":["Power Through","Shrug It Off","Sever Soul+1"],"picked":"Barricade","floor":25},{"not_picked":["Second Wind","Twin Strike+1","Cleave+1","Iron Wave+1"],"picked":"SKIP","floor":27},{"not_picked":["Feel No Pain","True Grit","Thunderclap+1","Clothesline+1"],"picked":"SKIP","floor":29},{"not_picked":["Shrug It Off","Searing Blow+1","Anger+1"],"picked":"Body Slam+1","floor":31}],"player_experience":1057598,"relics_obtained":[{"floor":9,"key":"Meat on the Bone"},{"floor":13,"key":"Question Card"},{"floor":25,"key":"Mercury Hourglass"},{"floor":26,"key":"Regal Pillow"},{"floor":31,"key":"Turnip"}],"event_choices":[{"damage_healed":0,"gold_gain":0,"player_choice":"1 cards matched","damage_taken":0,"max_hp_gain":0,"max_hp_loss":0,"event_name":"Match and Keep!","floor":4,"gold_loss":0,"cards_obtained":["Perfected Strike"]},{"damage_healed":0,"gold_gain":0,"player_choice":"Take Wound","damage_taken":0,"relics_obtained":["Golden Idol"],"max_hp_gain":0,"max_hp_loss":0,"event_name":"Golden Idol","floor":11,"gold_loss":0,"cards_obtained":["Injury"]},{"damage_healed":0,"gold_gain":0,"player_choice":"Obtain J.A.X.","damage_taken":0,"max_hp_gain":0,"max_hp_loss":0,"event_name":"Drug Dealer","floor":24,"gold_loss":0,"cards_obtained":["J.A.X."]}],"is_beta":false,"boss_relics":[{"not_picked":["Eternal Feather","Philosopher\u0027s Stone"],"picked":"Sozu"}],"items_purged_floors":[],"is_endless":false,"potions_floor_spawned":[7,8,14,27,31],"killed_by":"Collector","ascension_level":7}