{"gold_per_floor":[115,265,111,125,152,152,166,166,166,176,176,188,188,208,208,287,287,300,46,46,46,65,65,88,108,108,123,123,123,123,123],"floor_reached":31,"playtime":693,"items_purged":["Doubt"],"score":450,"play_id":"0109b862-eba3-402e-8d08-c0514cd705de","local_time":"20190604022208","is_ascension_mode":true,"campfire_choices":[{"data":"Consume","floor":6,"key":"SMITH"},{"data":"Darkness","floor":8,"key":"SMITH"},{"data":"Dualcast","floor":13,"key":"SMITH"},{"data":"Zap","floor":15,"key":"SMITH"},{"data":"Coolheaded","floor":23,"key":"SMITH"}],"neow_cost":"PERCENT_DAMAGE","seed_source_timestamp":125620799890222,"circlet_count":0,"master_deck":["AscendersBane","Strike_B","Defend_B","Defend_B","Defend_B","Defend_B","Zap+1","Dualcast+1","Consume+1","Darkness+1","Ball Lightning","Capacitor","Coolheaded+1","Electrodynamics","Reinforced Body","Heatsinks","Turbo","Fusion"],"relics":["Cracked Core","PreservedInsect","Pen Nib","Boot","Inserter","Medical Kit","Blood Vial","Ornamental Fan"],"potions_floor_usage":[14,16,28,28],"damage_taken":[{"damage":1,"enemies":"2 Louse","floor":1,"turns":3},{"damage":2,"enemies":"Jaw Worm","floor":4,"turns":3},{"damage":1,"enemies":"Cultist","floor":7,"turns":3},{"damage":8,"enemies":"Exordium Wildlife","floor":10,"turns":3},{"damage":7,"enemies":"2 Fungi Beasts","floor":12,"turns":4},{"damage":7,"enemies":"Exordium Thugs","floor":14,"turns":4},{"damage":2,"enemies":"The Guardian","floor":16,"turns":9},{"damage":6,"enemies":"Spheric Guardian","floor":18,"turns":3},{"damage":17,"enemies":"Chosen","floor":22,"turns":6},{"damage":0,"enemies":"Centurion and Healer","floor":25,"turns":6},{"damage":14,"enemies":"Sentry and Sphere","floor":27,"turns":5},{"damage":13,"enemies":"Colosseum Slavers","floor":28,"turns":5},{"damage":16,"enemies":"Snecko","floor":31,"turns":2}],"seed_played":"-6796181316584169655","potions_obtained":[{"floor":1,"key":"Fire Potion"},{"floor":7,"key":"Weak Potion"},{"floor":18,"key":"SpeedPotion"},{"floor":25,"key":"Fire Potion"}],"is_trial":false,"path_per_floor":["M","?","$","M","T","R","M","R","T","M","?","M","R","M","R","B",null,"M","$","?","$","M","R","T","M","T","M","?","?","?","M"],"character_chosen":"DEFECT","items_purchased":["Darkness","Medical Kit","Heatsinks"],"campfire_rested":0,"item_purchase_floors":[3,19,19],"current_hp_per_floor":[45,45,45,43,43,43,42,42,42,34,29,22,22,15,15,13,57,51,51,51,51,34,34,34,36,36,24,13,13,13,0],"gold":123,"neow_bonus":"REMOVE_TWO","is_prod":false,"is_daily":false,"chose_seed":false,"campfire_upgraded":5,"win_rate":0,"timestamp":1559586128,"path_taken":["M","?","$","M","?","R","M","R","T","?","?","M","R","M","R","BOSS","M","$","?","$","M","R","?","M","T","?","?","?","?","M"],"build_version":"2019-01-23","purchased_purges":1,"victory":false,"max_hp_per_floor":[71,71,71,71,71,71,71,71,71,71,71,71,71,71,71,71,71,71,71,71,71,71,71,71,71,71,71,71,71,71,71],"card_choices":[{"not_picked":["White Noise","Rip and Tear"],"picked":"Consume","floor":1},{"not_picked":["Static Discharge","Conserve Battery"],"picked":"Ball Lightning","floor":4},{"not_picked":["Streamline","Compile Driver","Rebound"],"picked":"SKIP","floor":7},{"not_picked":["Hologram","Compile Driver"],"picked":"Capacitor","floor":10},{"not_picked":["Compile Driver","Ball Lightning"],"picked":"Coolheaded","floor":12},{"not_picked":["Beam Cell","Chill","Steam"],"picked":"SKIP","floor":14},{"not_picked":["Machine Learning","Hyperbeam"],"picked":"Electrodynamics","floor":16},{"not_picked":["Steam+1","Leap"],"picked":"Reinforced Body","floor":18},{"not_picked":["Hologram+1","Redo"],"picked":"Turbo","floor":22},{"not_picked":["Consume+1","Rip and Tear","Rebound"],"picked":"SKIP","floor":25},{"not_picked":["Gash","Hello World"],"picked":"Fusion","floor":27}],"player_experience":1860718,"relics_obtained":[{"floor":5,"key":"PreservedInsect"},{"floor":9,"key":"Pen Nib"},{"floor":24,"key":"Blood Vial"},{"floor":26,"key":"Ornamental Fan"}],"event_choices":[{"damage_healed":0,"gold_gain":150,"player_choice":"AGREE","damage_taken":0,"max_hp_gain":0,"max_hp_loss":0,"event_name":"Liars Game","floor":2,"gold_loss":0,"cards_obtained":["Doubt"]},{"damage_healed":0,"gold_gain":0,"player_choice":"Success","damage_taken":5,"relics_obtained":["Boot"],"max_hp_gain":0,"max_hp_loss":0,"event_name":"Scrap Ooze","floor":11,"gold_loss":0},{"cards_removed":["Strike_B"],"damage_healed":0,"gold_gain":0,"player_choice":"Elegance","damage_taken":0,"max_hp_gain":0,"max_hp_loss":0,"event_name":"Back to Basics","floor":20,"gold_loss":0},{"damage_healed":0,"gold_gain":0,"player_choice":"Fight","damage_taken":0,"max_hp_gain":0,"max_hp_loss":0,"event_name":"Colosseum","floor":28,"gold_loss":0},{"damage_healed":0,"gold_gain":0,"player_choice":"Fled From Nobs","damage_taken":0,"max_hp_gain":0,"max_hp_loss":0,"event_name":"Colosseum","floor":28,"gold_loss":0},{"damage_healed":0,"gold_gain":0,"player_choice":"Ignored","damage_taken":0,"max_hp_gain":0,"max_hp_loss":0,"event_name":"Vampires","floor":29,"gold_loss":0},{"damage_healed":0,"gold_gain":0,"player_choice":"Ignored","damage_taken":0,"max_hp_gain":0,"max_hp_loss":0,"event_name":"Cursed Tome","floor":30,"gold_loss":0}],"is_beta":false,"boss_relics":[{"not_picked":["Ectoplasm","Calling Bell"],"picked":"Inserter"}],"items_purged_floors":[3],"is_endless":false,"potions_floor_spawned":[1,7,10,12,18,25,27],"killed_by":"Snecko","ascension_level":20}