{"gold_per_floor":[115,131,131,56,56,89,89,114,114,114,132,164,181,201,201,275,275,290,920,933,944,964,964,282,316,316,316,334,259,293,42,42,121,121,133,147,171,17,17,47,47,75,154,174,94,107,133,143,143,143,143,143,39,64,64],"floor_reached":55,"playtime":3380,"items_purged":["Defend_B","Parasite"],"score":1651,"play_id":"81a9e668-ac52-42e3-95c1-11c3c175ce2f","local_time":"20190730202542","is_ascension_mode":true,"campfire_choices":[{"data":"Genetic Algorithm","floor":7.0,"key":"SMITH"},{"data":"Echo Form","floor":10.0,"key":"SMITH"},{"data":"Defragment","floor":15.0,"key":"SMITH"},{"data":"Seek","floor":23.0,"key":"SMITH"},{"data":"Apotheosis","floor":27.0,"key":"SMITH"},{"floor":32.0,"key":"RECALL"},{"floor":41.0,"key":"DIG"},{"floor":49,"key":"DIG"},{"floor":52,"key":"DIG"}],"neow_cost":"NONE","seed_source_timestamp":328635434002588,"circlet_count":0,"master_deck":["AscendersBane","Defend_B+1","Defend_B","Zap+1","Dualcast","Glacier","Self Repair","Genetic Algorithm+1","Echo Form+1","Hologram","Compile Driver+1","Chill","Defragment+1","Seek+1","Conserve Battery+1","Barrage+1","Go for the Eyes+1","Apotheosis+1","Capacitor","Coolheaded","Ball Lightning+1","Machine Learning","Doom and Gloom+1","Turbo","Conserve Battery+1","Conserve Battery+1","Defragment","Hologram","Multi-Cast"],"special_seed":0,"relics":["Cracked Core","FossilizedHelix","Meat on the Bone","Molten Egg 2","Whetstone","Busted Crown","Torii","Bird Faced Urn","The Courier","Centennial Puzzle","Dead Branch","Empty Cage","OrangePellets","Shovel","Symbiotic Virus","Pen Nib","Darkstone Periapt","Emotion Chip","Kunai","Sundial","Pear"],"potions_floor_usage":[54,55],"damage_taken":[{"damage":3.0,"enemies":"2 Louse","floor":1.0,"turns":2.0},{"damage":8.0,"enemies":"Small Slimes","floor":2.0,"turns":4.0},{"damage":11.0,"enemies":"Lagavulin","floor":6.0,"turns":10.0},{"damage":9.0,"enemies":"3 Sentries","floor":8.0,"turns":10.0},{"damage":0.0,"enemies":"Cultist","floor":11.0,"turns":5.0},{"damage":51.0,"enemies":"Gremlin Nob","floor":12.0,"turns":7.0},{"damage":0.0,"enemies":"Large Slime","floor":13.0,"turns":6.0},{"damage":8.0,"enemies":"Red Slaver","floor":14.0,"turns":5.0},{"damage":0.0,"enemies":"Slime Boss","floor":16.0,"turns":8.0},{"damage":0.0,"enemies":"Spheric Guardian","floor":18.0,"turns":3.0},{"damage":7.0,"enemies":"Shell Parasite","floor":20.0,"turns":6.0},{"damage":0.0,"enemies":"Snecko","floor":21.0,"turns":7.0},{"damage":41.0,"enemies":"Cultist and Chosen","floor":22.0,"turns":6.0},{"damage":0.0,"enemies":"Book of Stabbing","floor":25.0,"turns":10.0},{"damage":17.0,"enemies":"Snake Plant","floor":28.0,"turns":6.0},{"damage":10.0,"enemies":"Slavers","floor":30.0,"turns":9.0},{"damage":0.0,"enemies":"Champ","floor":33.0,"turns":8.0},{"damage":13.0,"enemies":"3 Darklings","floor":35.0,"turns":6.0},{"damage":0.0,"enemies":"Orb Walker","floor":36.0,"turns":4.0},{"damage":1.0,"enemies":"Giant Head","floor":40.0,"turns":9.0},{"damage":43.0,"enemies":"Reptomancer","floor":42.0,"turns":6.0},{"damage":0.0,"enemies":"Writhing Mass","floor":44.0,"turns":7.0},{"damage":18,"enemies":"4 Shapes","floor":46,"turns":5},{"damage":0,"enemies":"Giant Head","floor":47,"turns":10},{"damage":12,"enemies":"Sphere and 2 Shapes","floor":48,"turns":7},{"damage":41,"enemies":"Time Eater","floor":50,"turns":18},{"damage":24,"enemies":"Shield and Spear","floor":54,"turns":12},{"damage":113,"enemies":"The Heart","floor":55,"turns":15}],"seed_played":"4628582969891177617","potions_obtained":[{"floor":1.0,"key":"Explosive Potion"},{"floor":6.0,"key":"EssenceOfSteel"},{"floor":8.0,"key":"Regen Potion"},{"floor":16.0,"key":"SpeedPotion"},{"floor":20.0,"key":"SkillPotion"},{"floor":22.0,"key":"EssenceOfSteel"},{"floor":35.0,"key":"EntropicBrew"}],"is_trial":false,"path_per_floor":["M","M","?","?","?","E","R","E","T","R","M","E","M","M","R","B",null,"M","?","M","M","M","R","$","E","T","R","M","?","E","$","R","B",null,"M","M","T","$","?","E","R","E","T","M","$","M","E","M","R","B",null,"R","$","E","B"],"character_chosen":"DEFECT","items_purchased":["Apotheosis","Torii","Capacitor","Coolheaded","Dead Branch","OrangePellets","Defragment","Hologram"],"campfire_rested":0,"item_purchase_floors":[24,24,24,24,31,38,53,53],"current_hp_per_floor":[68,60,37,37,37,33,33,31,31,31,50,30,49,55,55,69,76,76,20,32,51,29,29,29,61,61,61,57,57,67,67,67,78,78,72,78,78,78,78,78,78,53,53,83,81,75,81,81,81,54,74,74,74,84,0],"gold":64,"neow_bonus":"TEN_PERCENT_HP_BONUS","is_prod":false,"is_daily":false,"chose_seed":false,"campfire_upgraded":5,"win_rate":0,"timestamp":1564532742,"path_taken":["M","M","?","?","?","E","R","E","T","R","?","E","M","M","R","BOSS","M","?","M","?","M","R","$","E","T","R","M","?","E","?","R","BOSS","M","?","?","?","?","E","R","E","T","M","$","M","E","M","R","BOSS","R","$","E","BOSS"],"build_version":"2019-07-17","purchased_purges":2,"victory":false,"max_hp_per_floor":[78,78,78,78,78,78,78,78,78,78,78,78,78,78,78,78,78,78,78,78,78,78,78,78,78,78,78,78,78,78,78,78,78,78,78,78,78,78,78,78,78,78,78,84,81,81,81,81,81,81,81,81,81,91,91],"card_choices":[{"not_picked":["Capacitor","Reinforced Body"],"picked":"Glacier","floor":1.0},{"not_picked":["Cold Snap","Redo"],"picked":"Self Repair","floor":2.0},{"not_picked":["Doom and Gloom","Cold Snap"],"picked":"Genetic Algorithm","floor":6.0},{"not_picked":["Barrage","Self Repair"],"picked":"Echo Form","floor":8.0},{"not_picked":["Stack","Double Energy"],"picked":"Hologram","floor":11.0},{"not_picked":["Cold Snap+1","Force Field"],"picked":"Compile Driver+1","floor":12.0},{"not_picked":["Steam","BootSequence"],"picked":"Chill","floor":13.0},{"not_picked":["Glacier","Tempest"],"picked":"Defragment","floor":14.0},{"not_picked":["Thunder Strike+1","Rainbow"],"picked":"Seek","floor":16.0},{"not_picked":["Beam Cell+1"],"picked":"SKIP","floor":18.0},{"not_picked":[],"picked":"Conserve Battery+1","floor":20.0},{"not_picked":[],"picked":"Barrage+1","floor":21.0},{"not_picked":[],"picked":"Go for the Eyes+1","floor":22.0},{"not_picked":["Leap"],"picked":"SKIP","floor":25.0},{"not_picked":["Double Energy"],"picked":"SKIP","floor":28.0},{"not_picked":[],"picked":"Ball Lightning+1","floor":30.0},{"not_picked":[],"picked":"Machine Learning","floor":33.0},{"not_picked":[],"picked":"Doom and Gloom+1","floor":35.0},{"not_picked":[],"picked":"Barrage+1","floor":36.0},{"not_picked":["Hyperbeam+1"],"picked":"SKIP","floor":40.0},{"not_picked":["Chill+1"],"picked":"SKIP","floor":42.0},{"not_picked":["Steam"],"picked":"SKIP","floor":44},{"not_picked":[],"picked":"Conserve Battery+1","floor":46},{"not_picked":["Genetic Algorithm"],"picked":"SKIP","floor":47},{"not_picked":[],"picked":"Conserve Battery+1","floor":48},{"not_picked":[],"picked":"Multi-Cast","floor":54}],"player_experience":1608339,"relics_obtained":[{"floor":6.0,"key":"FossilizedHelix"},{"floor":8.0,"key":"Meat on the Bone"},{"floor":9.0,"key":"Molten Egg 2"},{"floor":12.0,"key":"Whetstone"},{"floor":25.0,"key":"Bird Faced Urn"},{"floor":26.0,"key":"The Courier"},{"floor":30.0,"key":"Centennial Puzzle"},{"floor":40.0,"key":"Shovel"},{"floor":41.0,"key":"Symbiotic Virus"},{"floor":42.0,"key":"Pen Nib"},{"floor":43.0,"key":"Darkstone Periapt"},{"floor":47,"key":"Emotion Chip"},{"floor":49,"key":"Kunai"},{"floor":52,"key":"Sundial"},{"floor":54,"key":"Pear"}],"event_choices":[{"damage_healed":0.0,"max_hp_gain":0.0,"max_hp_loss":0.0,"gold_gain":0.0,"event_name":"Shining Light","player_choice":"Entered Light","floor":3.0,"gold_loss":0.0,"damage_taken":23.0,"cards_upgraded":["Zap","Defend_B"]},{"cards_removed":["Strike_B"],"damage_healed":0.0,"max_hp_gain":0.0,"max_hp_loss":0.0,"gold_gain":0.0,"event_name":"The Cleric","player_choice":"Card Removal","floor":4.0,"gold_loss":75.0,"damage_taken":0.0},{"cards_removed":["Strike_B"],"damage_healed":0.0,"max_hp_gain":0.0,"max_hp_loss":0.0,"gold_gain":0.0,"event_name":"Purifier","player_choice":"Purged","floor":5.0,"gold_loss":0.0,"damage_taken":0.0},{"damage_healed":0.0,"max_hp_gain":0.0,"max_hp_loss":0.0,"gold_gain":630.0,"event_name":"Knowing Skull","player_choice":"GOLD GOLD GOLD GOLD GOLD GOLD GOLD ","floor":19.0,"potions_obtained":[],"gold_loss":0.0,"damage_taken":56.0,"cards_obtained":[]},{"cards_removed":["Strike_B"],"damage_healed":0.0,"max_hp_gain":0.0,"max_hp_loss":0.0,"gold_gain":0.0,"event_name":"Beggar","player_choice":"Gave Gold","floor":29.0,"gold_loss":75.0,"damage_taken":0.0},{"damage_healed":0.0,"max_hp_gain":0.0,"max_hp_loss":0.0,"gold_gain":0.0,"cards_transformed":["Barrage"],"event_name":"Transmorgrifier","player_choice":"Transformed","floor":39.0,"gold_loss":0.0,"damage_taken":0.0,"cards_obtained":["Turbo"]}],"is_beta":false,"boss_relics":[{"not_picked":["Tiny House","Orrery"],"picked":"Busted Crown"},{"not_picked":["FrozenCore","Velvet Choker"],"picked":"Empty Cage"}],"items_purged_floors":[24,45],"is_endless":false,"potions_floor_spawned":[1,6,8,16,20,22,35,36,44,48],"killed_by":"The Heart","ascension_level":15}