{"gold_per_floor":[117,134,50,65,65,65,76,109,157,157,82,7,7,7,7,81,81,91,141,158,27,44,44,64,64,87,87,105,30,63,63,63,137,137,156,171,171,171,171,171,205,223,291,326,426,426,438,453,453,453,453,453,453,123,157,157],"floor_reached":57,"playtime":3224,"items_purged":["Strike_G","Defend_G"],"score":2891,"play_id":"ab5fe774-966d-4fc2-a102-3f941d9e80db","local_time":"20190530005835","is_ascension_mode":true,"campfire_choices":[{"data":"Noxious Fumes","floor":6.0,"key":"SMITH"},{"data":"Neutralize","floor":10.0,"key":"SMITH"},{"data":"Footwork","floor":15.0,"key":"SMITH"},{"data":"Tactician","floor":23.0,"key":"SMITH"},{"data":"Well Laid Plans","floor":25.0,"key":"SMITH"},{"data":"Acrobatics","floor":32.0,"key":"SMITH"},{"data":"Envenom","floor":40.0,"key":"SMITH"},{"data":"Catalyst","floor":46.0,"key":"SMITH"},{"floor":49.0,"key":"RECALL"},{"data":"Backflip","floor":53.0,"key":"SMITH"}],"neow_cost":"NONE","seed_source_timestamp":365765711554672,"circlet_count":0,"master_deck":["AscendersBane","Defend_G","Defend_G","Survivor","Neutralize+1","Backstab","Footwork+1","Noxious Fumes+1","Tactician+1","Endless Agony","After Image","After Image","Heel Hook+1","Catalyst+1","Calculated Gamble","Well Laid Plans+1","Backflip+1","Well Laid Plans","Well Laid Plans+1","Acrobatics+1","Escape Plan+1","Ghostly","Ghostly","Ghostly","Envenom+1","Flechettes+1","Catalyst+1"],"special_seed":0,"relics":["Ring of the Snake","NeowsBlessing","Kunai","Juzu Bracelet","Astrolabe","Lantern","Red Mask","Coffee Dripper","Vajra","Calipers","Strawberry","Pocketwatch"],"potions_floor_usage":[55,56,56],"damage_taken":[{"damage":0.0,"enemies":"2 Louse","floor":1.0,"turns":1.0},{"damage":0.0,"enemies":"Cultist","floor":2.0,"turns":1.0},{"damage":0.0,"enemies":"Small Slimes","floor":4.0,"turns":1.0},{"damage":3.0,"enemies":"Gremlin Gang","floor":7.0,"turns":5.0},{"damage":39.0,"enemies":"Gremlin Nob","floor":8.0,"turns":5.0},{"damage":23.0,"enemies":"The Guardian","floor":16.0,"turns":14.0},{"damage":7.0,"enemies":"Chosen","floor":18.0,"turns":7.0},{"damage":7.0,"enemies":"3 Byrds","floor":20.0,"turns":5.0},{"damage":9.0,"enemies":"Snake Plant","floor":22.0,"turns":7.0},{"damage":1.0,"enemies":"Snecko","floor":24.0,"turns":7.0},{"damage":9.0,"enemies":"Shelled Parasite and Fungi","floor":28.0,"turns":5.0},{"damage":8.0,"enemies":"Masked Bandits","floor":30.0,"turns":5.0},{"damage":0.0,"enemies":"Champ","floor":33.0,"turns":19.0},{"damage":0.0,"enemies":"3 Darklings","floor":35.0,"turns":6.0},{"damage":0.0,"enemies":"Orb Walker","floor":36.0,"turns":6.0},{"damage":0.0,"enemies":"Giant Head","floor":41.0,"turns":4.0},{"damage":0.0,"enemies":"Writhing Mass","floor":42.0,"turns":8.0},{"damage":0.0,"enemies":"Nemesis","floor":44.0,"turns":9.0},{"damage":0.0,"enemies":"Mind Bloom Boss Battle","floor":45.0,"turns":6.0},{"damage":0.0,"enemies":"Spire Growth","floor":47.0,"turns":4.0},{"damage":3.0,"enemies":"Jaw Worm Horde","floor":48.0,"turns":5.0},{"damage":13.0,"enemies":"Donu and Deca","floor":50.0,"turns":7.0},{"damage":3.0,"enemies":"Awakened One","floor":51.0,"turns":8.0},{"damage":0,"enemies":"Shield and Spear","floor":55,"turns":8},{"damage":28,"enemies":"The Heart","floor":56,"turns":8}],"seed_played":"2030487206305658931","potions_obtained":[{"floor":2.0,"key":"Fire Potion"},{"floor":4.0,"key":"SteroidPotion"},{"floor":28.0,"key":"PowerPotion"},{"floor":33.0,"key":"Ancient Potion"},{"floor":55,"key":"LiquidBronze"}],"is_trial":false,"path_per_floor":["M","M","$","M","?","R","M","E","T","R","?","$","?","?","R","B",null,"M","?","M","$","M","R","M","R","T","?","M","?","?","?","R","B",null,"M","M","?","?","?","R","E","M","T","E","?","R","M","M","R","B","B",null,"R","$","E","B",null],"character_chosen":"THE_SILENT","items_purchased":["Noxious Fumes","Well Laid Plans","Backflip","Strawberry","Weak Potion"],"campfire_rested":0,"item_purchase_floors":[3,21,21,54,54],"current_hp_per_floor":[59,59,59,59,59,59,56,17,17,17,17,17,17,39,39,16,54,47,47,40,40,31,31,30,30,30,30,21,21,13,13,13,13,28,28,28,26,26,26,26,26,26,26,26,26,26,26,23,23,10,7,27,27,34,34,6],"gold":157,"neow_bonus":"THREE_ENEMY_KILL","is_prod":false,"is_daily":false,"chose_seed":false,"campfire_upgraded":9,"win_rate":0,"timestamp":1559149115,"path_taken":["M","M","$","M","?","R","M","E","T","R","?","$","?","?","R","BOSS","M","?","M","$","M","R","M","R","T","?","M","?","?","?","R","BOSS","M","M","?","?","?","R","E","M","T","E","?","R","M","M","R","BOSS","BOSS","R","$","E","BOSS"],"build_version":"2019-01-23","purchased_purges":2,"victory":true,"max_hp_per_floor":[66,66,66,66,66,66,66,66,66,66,66,66,66,66,66,66,66,66,66,66,66,66,66,66,66,66,66,66,66,66,33,33,33,33,33,33,33,33,33,33,33,33,33,33,33,33,33,33,33,33,33,33,33,40,40,40],"card_choices":[{"not_picked":["Acrobatics","Bane"],"picked":"Backstab","floor":1.0},{"not_picked":["Setup","Prepared"],"picked":"Footwork","floor":2.0},{"not_picked":["PiercingWail","Poisoned Stab"],"picked":"Tactician","floor":4.0},{"not_picked":["Deflect","Outmaneuver","Terror"],"picked":"SKIP","floor":7.0},{"not_picked":["Expertise","Prepared"],"picked":"Endless Agony","floor":8.0},{"not_picked":["Burst","Malaise"],"picked":"After Image","floor":16.0},{"not_picked":["Flying Knee","Terror","Setup"],"picked":"SKIP","floor":18.0},{"not_picked":["Backflip","Finisher"],"picked":"Calculated Gamble","floor":20.0},{"not_picked":["Dash","Dodge and Roll"],"picked":"Well Laid Plans","floor":22.0},{"not_picked":["Predator","Distraction"],"picked":"Escape Plan","floor":24.0},{"not_picked":["Blur","Endless Agony"],"picked":"Acrobatics","floor":28.0},{"not_picked":["Setup","Calculated Gamble"],"picked":"Escape Plan+1","floor":30.0},{"not_picked":["Phantasmal Killer","Unload"],"picked":"Envenom","floor":33.0},{"not_picked":["Bane","Prepared","Dagger Throw"],"picked":"SKIP","floor":35.0},{"not_picked":["Distraction","Dagger Throw","Dodge and Roll"],"picked":"SKIP","floor":36.0},{"not_picked":["Outmaneuver","Glass Knife","Quick Slash"],"picked":"SKIP","floor":41.0},{"not_picked":["Deflect","Flying Knee"],"picked":"Flechettes+1","floor":42.0},{"not_picked":["Deadly Poison","Reflex"],"picked":"Catalyst","floor":44.0},{"not_picked":["Slice","Reflex","Cloak And Dagger"],"picked":"SKIP","floor":47.0},{"not_picked":["Backstab","Riddle With Holes","Setup"],"picked":"SKIP","floor":48.0},{"not_picked":["Blade Dance","Slice+1","Phantasmal Killer"],"picked":"SKIP","floor":55}],"player_experience":1798475,"relics_obtained":[{"floor":8.0,"key":"Kunai"},{"floor":9.0,"key":"Juzu Bracelet"},{"floor":26.0,"key":"Lantern"},{"floor":30.0,"key":"Red Mask"},{"floor":41.0,"key":"Vajra"},{"floor":44.0,"key":"Calipers"},{"floor":55,"key":"Pocketwatch"}],"event_choices":[{"cards_removed":["Strike_G"],"damage_healed":0.0,"max_hp_gain":0.0,"max_hp_loss":0.0,"gold_gain":0.0,"event_name":"Bonfire Elementals","player_choice":"Offered Basic","floor":5.0,"gold_loss":0.0,"damage_taken":0.0},{"cards_removed":["Strike_G"],"damage_healed":0.0,"max_hp_gain":0.0,"max_hp_loss":0.0,"gold_gain":0.0,"event_name":"The Cleric","player_choice":"Card Removal","floor":11.0,"gold_loss":75.0,"damage_taken":0.0},{"damage_healed":0.0,"max_hp_gain":0.0,"max_hp_loss":0.0,"gold_gain":0.0,"cards_transformed":["Strike_G"],"event_name":"Transmorgrifier","player_choice":"Transformed","floor":13.0,"gold_loss":0.0,"damage_taken":0.0,"cards_obtained":["After Image"]},{"damage_healed":22.0,"max_hp_gain":0.0,"max_hp_loss":0.0,"gold_gain":0.0,"event_name":"Big Fish","player_choice":"Banana","floor":14.0,"gold_loss":0.0,"damage_taken":0.0},{"damage_healed":0.0,"max_hp_gain":0.0,"max_hp_loss":0.0,"gold_gain":50.0,"event_name":"Nest","player_choice":"Stole From Cult","floor":19.0,"gold_loss":0.0,"damage_taken":0.0},{"damage_healed":0.0,"max_hp_gain":0.0,"max_hp_loss":0.0,"gold_gain":0.0,"event_name":"Duplicator","player_choice":"Copied","floor":27.0,"gold_loss":0.0,"damage_taken":0.0,"cards_obtained":["Well Laid Plans"]},{"cards_removed":["Unload"],"damage_healed":0.0,"max_hp_gain":0.0,"max_hp_loss":0.0,"gold_gain":0.0,"event_name":"Beggar","player_choice":"Gave Gold","floor":29.0,"gold_loss":75.0,"damage_taken":0.0},{"damage_healed":0.0,"max_hp_gain":0.0,"max_hp_loss":0.0,"gold_gain":0.0,"event_name":"Masked Bandits","player_choice":"Fought Bandits","floor":30.0,"gold_loss":0.0,"damage_taken":0.0},{"damage_healed":0.0,"max_hp_gain":0.0,"max_hp_loss":33.0,"gold_gain":0.0,"event_name":"Ghosts","player_choice":"Became a Ghost","floor":31.0,"gold_loss":0.0,"damage_taken":0.0,"cards_obtained":["Ghostly","Ghostly","Ghostly"]},{"damage_healed":0.0,"max_hp_gain":0.0,"max_hp_loss":0.0,"gold_gain":0.0,"event_name":"The Woman in Blue","player_choice":"Bought 0 Potions","floor":37.0,"gold_loss":0.0,"damage_taken":0.0},{"damage_healed":0.0,"max_hp_gain":0.0,"max_hp_loss":0.0,"gold_gain":0.0,"event_name":"Mysterious Sphere","player_choice":"Ignored","floor":38.0,"gold_loss":0.0,"damage_taken":0.0},{"cards_removed":["Escape Plan"],"damage_healed":0.0,"max_hp_gain":0.0,"max_hp_loss":0.0,"gold_gain":0.0,"event_name":"Falling","player_choice":"Removed Skill","floor":39.0,"gold_loss":0.0,"damage_taken":0.0},{"damage_healed":0.0,"max_hp_gain":0.0,"max_hp_loss":0.0,"gold_gain":0.0,"event_name":"MindBloom","player_choice":"Fight","floor":45.0,"gold_loss":0.0,"damage_taken":0.0}],"is_beta":false,"boss_relics":[{"not_picked":["Ectoplasm","Black Star"],"picked":"Astrolabe"},{"not_picked":["Runic Pyramid","Pandora\u0027s Box"],"picked":"Coffee Dripper"}],"items_purged_floors":[12,54],"is_endless":false,"potions_floor_spawned":[2,4,28,33,36,41,45,48,55],"ascension_level":20}