{"gold_per_floor":[110,110,130,130,130,156,156,183,240,265,297,309,321],"floor_reached":13,"playtime":231,"items_purged":[],"score":236,"play_id":"d10ee125-4f1a-4cd7-a935-911b93ec1216","local_time":"20190528004921","is_ascension_mode":true,"campfire_choices":[{"data":"Sword Boomerang","floor":7.0,"key":"SMITH"},{"data":"True Grit","floor":12.0,"key":"SMITH"}],"neow_cost":"NONE","seed_source_timestamp":195824500525457,"circlet_count":0,"master_deck":["AscendersBane","Strike_R","Strike_R","Strike_R","Strike_R","Strike_R","Defend_R","Defend_R","Defend_R","Defend_R","Bash","Sword Boomerang+1","Pain","Flame Barrier","Burning Pact","Evolve","True Grit+1"],"special_seed":0,"relics":["Burning Blood","NeowsBlessing","WarpedTongs","Letter Opener","Pantograph","Bottled Flame","MawBank","Orichalcum"],"potions_floor_usage":[13],"damage_taken":[{"damage":0.0,"enemies":"Small Slimes","floor":1.0,"turns":1.0},{"damage":0.0,"enemies":"Cultist","floor":3.0,"turns":2.0},{"damage":0.0,"enemies":"Lagavulin","floor":6.0,"turns":1.0},{"damage":30.0,"enemies":"Gremlin Nob","floor":8.0,"turns":4.0},{"damage":9.0,"enemies":"Jaw Worm","floor":10.0,"turns":5.0},{"damage":22.0,"enemies":"2 Fungi Beasts","floor":11.0,"turns":4.0},{"damage":13,"enemies":"Gremlin Gang","floor":13,"turns":3}],"seed_played":"-627932410577923886","potions_obtained":[{"floor":1.0,"key":"Regen Potion"},{"floor":11.0,"key":"Block Potion"}],"is_trial":false,"path_per_floor":["M","?","M","T","?","E","R","E","T","M","M","R","M"],"character_chosen":"IRONCLAD","items_purchased":[],"campfire_rested":0,"item_purchase_floors":[],"current_hp_per_floor":[74,74,75,75,75,75,75,51,51,48,32,32,19],"gold":321,"neow_bonus":"THREE_ENEMY_KILL","is_prod":false,"is_daily":false,"chose_seed":false,"campfire_upgraded":2,"win_rate":0,"timestamp":1558975761,"path_taken":["M","?","?","?","?","E","R","E","T","?","M","R","M"],"build_version":"2019-01-23","purchased_purges":0,"victory":false,"max_hp_per_floor":[75,75,75,75,75,75,75,75,75,75,75,75,75],"card_choices":[{"not_picked":["Seeing Red","Warcry"],"picked":"Sword Boomerang","floor":1.0},{"not_picked":["Clash","Intimidate","Clothesline"],"picked":"SKIP","floor":3.0},{"not_picked":["Warcry","Thunderclap"],"picked":"Flame Barrier","floor":6.0},{"not_picked":["Infernal Blade","Heavy Blade"],"picked":"Burning Pact","floor":8.0},{"not_picked":["Blood for Blood","Battle Trance"],"picked":"Evolve","floor":10.0},{"not_picked":["Clash","Shockwave"],"picked":"True Grit","floor":11.0}],"player_experience":1779236,"relics_obtained":[{"floor":4.0,"key":"Letter Opener"},{"floor":6.0,"key":"Bottled Flame"},{"floor":8.0,"key":"MawBank"},{"floor":9.0,"key":"Orichalcum"}],"event_choices":[{"damage_healed":0.0,"max_hp_gain":0.0,"max_hp_loss":0.0,"gold_gain":0.0,"event_name":"Accursed Blacksmith","player_choice":"Rummage","floor":2.0,"gold_loss":0.0,"damage_taken":0.0,"relics_obtained":["WarpedTongs"],"cards_obtained":["Pain"]},{"damage_healed":0.0,"max_hp_gain":0.0,"max_hp_loss":0.0,"gold_gain":0.0,"event_name":"WeMeetAgain","player_choice":"Gave Potion","floor":5.0,"gold_loss":0.0,"damage_taken":0.0,"relics_obtained":["Pantograph"]}],"is_beta":false,"boss_relics":[],"items_purged_floors":[],"is_endless":false,"potions_floor_spawned":[1,11],"killed_by":"Gremlin Gang","ascension_level":20}