{"gold_per_floor":[119,40,40,40,59,93,93,93,93,93,112,126,143,42,42,117,117,128,28,47,6,23,23,73,73,73,87,87,87,102,119,119,119],"floor_reached":33,"playtime":983,"items_purged":["Strike_B","Strike_B"],"score":544,"play_id":"fb25402a-a539-4435-87c8-a453cda9bb1b","local_time":"20190621124226","is_ascension_mode":true,"campfire_choices":[{"data":"Defragment","floor":10.0,"key":"SMITH"},{"data":"Dualcast","floor":15.0,"key":"SMITH"},{"data":"Chaos","floor":23.0,"key":"SMITH"},{"data":"Heatsinks","floor":28.0,"key":"SMITH"},{"data":"Coolheaded","floor":32.0,"key":"SMITH"}],"neow_cost":"NONE","seed_source_timestamp":1631136911483976,"circlet_count":0,"master_deck":["AscendersBane","Strike_B","Defend_B","Defend_B","Defend_B","Defend_B","Zap","Dualcast+1","Heatsinks+1","Defragment+1","Coolheaded+1","Sunder","Darkness","Turbo+1","Amplify","Chaos+1","BootSequence+1","Defragment","Recycle","Conserve Battery","Coolheaded"],"special_seed":0,"relics":["Cracked Core","NeowsBlessing","Girya","Gremlin Horn","FossilizedHelix","Black Star","War Paint"],"potions_floor_usage":[],"damage_taken":[{"damage":0.0,"enemies":"Jaw Worm","floor":1.0,"turns":1.0},{"damage":0.0,"enemies":"Small Slimes","floor":5.0,"turns":1.0},{"damage":0.0,"enemies":"Lagavulin","floor":6.0,"turns":1.0},{"damage":8.0,"enemies":"2 Louse","floor":11.0,"turns":2.0},{"damage":0.0,"enemies":"2 Fungi Beasts","floor":12.0,"turns":3.0},{"damage":2.0,"enemies":"Exordium Wildlife","floor":13.0,"turns":3.0},{"damage":39.0,"enemies":"Slime Boss","floor":16.0,"turns":9.0},{"damage":23.0,"enemies":"Spheric Guardian","floor":18.0,"turns":6.0},{"damage":9.0,"enemies":"Chosen","floor":20.0,"turns":5.0},{"damage":7.0,"enemies":"Sentry and Sphere","floor":22.0,"turns":8.0},{"damage":0.0,"enemies":"Centurion and Healer","floor":27.0,"turns":8.0},{"damage":0.0,"enemies":"Shelled Parasite and Fungi","floor":30.0,"turns":5.0},{"damage":0.0,"enemies":"Snecko","floor":31.0,"turns":5.0},{"damage":56,"enemies":"Collector","floor":33,"turns":10}],"seed_played":"-6805510350645344187","potions_obtained":[{"floor":12.0,"key":"Energy Potion"},{"floor":13.0,"key":"FairyPotion"},{"floor":20.0,"key":"SteroidPotion"},{"floor":22.0,"key":"Explosive Potion"},{"floor":27.0,"key":"FocusPotion"}],"is_trial":false,"path_per_floor":["M","$","?","?","M","E","?","?","T","R","M","M","M","$","R","B",null,"M","$","M","$","M","R","?","?","T","M","R","?","M","M","R","B"],"character_chosen":"DEFECT","items_purchased":["Heatsinks","Turbo","Defragment"],"campfire_rested":0,"item_purchase_floors":[2,14,21],"current_hp_per_floor":[64,64,46,46,46,46,69,62,62,62,54,54,52,52,52,13,57,34,34,25,25,18,18,18,18,18,18,18,18,18,18,18,0],"gold":119,"neow_bonus":"THREE_ENEMY_KILL","is_prod":false,"is_daily":false,"chose_seed":false,"campfire_upgraded":5,"win_rate":0,"timestamp":1561092146,"path_taken":["M","$","?","?","M","E","?","?","T","R","?","M","?","$","R","BOSS","M","?","M","?","M","R","?","?","T","M","R","?","M","M","R","BOSS"],"build_version":"2019-01-23","purchased_purges":2,"victory":false,"max_hp_per_floor":[71,71,71,71,71,71,71,71,71,71,71,71,71,71,71,71,71,71,71,71,71,71,71,71,71,71,71,71,71,71,71,71,71],"card_choices":[{"not_picked":["Steam","Redo","Go for the Eyes"],"picked":"SKIP","floor":1.0},{"not_picked":["Conserve Battery","Lockon"],"picked":"Defragment","floor":5.0},{"not_picked":["White Noise","Genetic Algorithm"],"picked":"Coolheaded","floor":6.0},{"not_picked":["Rebound","Steam"],"picked":"Sunder","floor":11.0},{"not_picked":["Scrape","Lockon"],"picked":"Darkness","floor":12.0},{"not_picked":["Stack","Redo","Go for the Eyes"],"picked":"SKIP","floor":13.0},{"not_picked":["Rainbow","Creative AI"],"picked":"Amplify","floor":16.0},{"not_picked":["Go for the Eyes","Darkness"],"picked":"Chaos","floor":18.0},{"not_picked":["Consume","Go for the Eyes"],"picked":"BootSequence","floor":20.0},{"not_picked":["Aggregate","Sweeping Beam"],"picked":"Recycle","floor":22.0},{"not_picked":["Stack","Fusion","Sweeping Beam"],"picked":"SKIP","floor":27.0},{"not_picked":["Leap","Gash"],"picked":"Conserve Battery","floor":30.0},{"not_picked":["Melter","Darkness"],"picked":"Coolheaded","floor":31.0}],"player_experience":1946762,"relics_obtained":[{"floor":6.0,"key":"Gremlin Horn"},{"floor":9.0,"key":"FossilizedHelix"},{"floor":26.0,"key":"War Paint"}],"event_choices":[{"damage_healed":0.0,"max_hp_gain":0.0,"max_hp_loss":0.0,"gold_gain":0.0,"event_name":"Scrap Ooze","player_choice":"Success","floor":3.0,"gold_loss":0.0,"damage_taken":18.0,"relics_obtained":["Girya"]},{"damage_healed":0.0,"max_hp_gain":0.0,"max_hp_loss":0.0,"gold_gain":0.0,"event_name":"The Cleric","player_choice":"Leave","floor":4.0,"gold_loss":0.0,"damage_taken":0.0},{"damage_healed":23.0,"max_hp_gain":0.0,"max_hp_loss":0.0,"gold_gain":0.0,"event_name":"Big Fish","player_choice":"Banana","floor":7.0,"gold_loss":0.0,"damage_taken":0.0},{"cards_removed":["Strike_B"],"damage_healed":0.0,"max_hp_gain":0.0,"max_hp_loss":0.0,"gold_gain":0.0,"event_name":"Golden Wing","player_choice":"Card Removal","floor":8.0,"gold_loss":0.0,"damage_taken":7.0},{"damage_healed":0.0,"max_hp_gain":0.0,"max_hp_loss":0.0,"gold_gain":50.0,"event_name":"Nest","player_choice":"Stole From Cult","floor":24.0,"gold_loss":0.0,"damage_taken":0.0},{"damage_healed":0.0,"max_hp_gain":0.0,"max_hp_loss":0.0,"gold_gain":0.0,"event_name":"Vampires","player_choice":"Ignored","floor":25.0,"gold_loss":0.0,"damage_taken":0.0},{"damage_healed":0.0,"max_hp_gain":0.0,"max_hp_loss":0.0,"gold_gain":0.0,"event_name":"Cursed Tome","player_choice":"Ignored","floor":29.0,"gold_loss":0.0,"damage_taken":0.0}],"is_beta":false,"boss_relics":[{"not_picked":["FrozenCore","Calling Bell"],"picked":"Black Star"}],"items_purged_floors":[14,19],"is_endless":false,"potions_floor_spawned":[12,13,20,22,27],"killed_by":"Collector","ascension_level":20}