{"gold_per_floor":[112,123,142,122,132,132,164,164,216,226,226,77,77,92,92,167,167,177,38,38,38,0,0,13,13,37,54,54,104,117,135,135,212,212,226,226,226,226,237,264,284,284,284,304,304,123,123,138,138,138,138,138,138,5,31,31],"floor_reached":56,"playtime":2653,"items_purged":["Strike_B","Strike_B","Defend_B"],"score":1754,"play_id":"c3a1babd-6ccc-41c7-859b-8fe38ddd9f69","local_time":"20190602010952","is_ascension_mode":true,"campfire_choices":[{"data":"Zap","floor":6.0,"key":"SMITH"},{"data":"Chaos","floor":8.0,"key":"SMITH"},{"data":"Coolheaded","floor":11.0,"key":"SMITH"},{"data":"Dualcast","floor":13.0,"key":"SMITH"},{"data":"Streamline","floor":15.0,"key":"SMITH"},{"data":"Beam Cell","floor":23.0,"key":"SMITH"},{"data":"Consume","floor":25.0,"key":"SMITH"},{"floor":32.0,"key":"REST"},{"data":"Purity","floor":42.0,"key":"SMITH"},{"floor":47.0,"key":"REST"},{"floor":49.0,"key":"RECALL"},{"data":"Double Energy","floor":53.0,"key":"SMITH"}],"neow_cost":"NONE","seed_source_timestamp":0,"circlet_count":0,"master_deck":["AscendersBane","Defend_B","Defend_B","Defend_B","Zap+1","Dualcast+1","BootSequence","Beam Cell+1","Coolheaded+1","Double Energy+1","Chaos+1","Core Surge","Streamline+1","Echo Form","Capacitor","Consume+1","Compile Driver","Double Energy","Multi-Cast","Force Field+1","Fusion+1","Coolheaded+1","Redo+1","Purity+1","Panacea","Finesse","Tempest","Glacier","Blizzard","Loop"],"special_seed":0,"relics":["Runic Pyramid","Bottled Lightning","Orichalcum","Philosopher\u0027s Stone","Bag of Preparation","Astrolabe","Boot","Pen Nib"],"potions_floor_usage":[],"damage_taken":[{"damage":1.0,"enemies":"Cultist","floor":1.0,"turns":4.0},{"damage":2.0,"enemies":"2 Louse","floor":2.0,"turns":5.0},{"damage":0.0,"enemies":"Small Slimes","floor":3.0,"turns":4.0},{"damage":0.0,"enemies":"Looter","floor":5.0,"turns":4.0},{"damage":45.0,"enemies":"Gremlin Nob","floor":7.0,"turns":4.0},{"damage":6.0,"enemies":"3 Louse","floor":10.0,"turns":6.0},{"damage":0.0,"enemies":"Large Slime","floor":14.0,"turns":4.0},{"damage":3.0,"enemies":"Slime Boss","floor":16.0,"turns":6.0},{"damage":2.0,"enemies":"2 Thieves","floor":18.0,"turns":4.0},{"damage":17.0,"enemies":"Colosseum Slavers","floor":21.0,"turns":4.0},{"damage":0.0,"enemies":"Chosen","floor":24.0,"turns":5.0},{"damage":6.0,"enemies":"3 Cultists","floor":27.0,"turns":4.0},{"damage":2.0,"enemies":"Snake Plant","floor":30.0,"turns":3.0},{"damage":3.0,"enemies":"Sentry and Sphere","floor":31.0,"turns":5.0},{"damage":17.0,"enemies":"Automaton","floor":33.0,"turns":9.0},{"damage":0.0,"enemies":"3 Shapes","floor":35.0,"turns":6.0},{"damage":2.0,"enemies":"Orb Walker","floor":39.0,"turns":4.0},{"damage":4.0,"enemies":"Giant Head","floor":40.0,"turns":7.0},{"damage":16.0,"enemies":"Sphere and 2 Shapes","floor":41.0,"turns":4.0},{"damage":13.0,"enemies":"4 Shapes","floor":44.0,"turns":5.0},{"damage":0.0,"enemies":"Maw","floor":48.0,"turns":8.0},{"damage":3.0,"enemies":"Awakened One","floor":50.0,"turns":9.0},{"damage":22.0,"enemies":"Donu and Deca","floor":51.0,"turns":12.0},{"damage":27.0,"enemies":"Shield and Spear","floor":55.0,"turns":6.0},{"damage":3,"enemies":"The Heart","floor":56,"turns":2}],"seed_played":"6020697014985337742","potions_obtained":[{"floor":1.0,"key":"LiquidBronze"},{"floor":2.0,"key":"Regen Potion"},{"floor":4.0,"key":"PowerPotion"},{"floor":10.0,"key":"Energy Potion"},{"floor":14.0,"key":"Poison Potion"},{"floor":24.0,"key":"SkillPotion"},{"floor":33.0,"key":"SpeedPotion"},{"floor":35.0,"key":"Strength Potion"},{"floor":48.0,"key":"EssenceOfSteel"}],"is_trial":false,"path_per_floor":["M","M","M","?","M","R","E","R","T","M","R","$","R","M","R","B",null,"M","$","?","?","?","R","M","R","T","M","?","?","M","M","R","B",null,"M","?","?","?","M","E","M","R","T","M","?","$","R","M","R","B","B",null,"R","$","E","B"],"character_chosen":"DEFECT","items_purchased":["Core Surge","Capacitor","Swift Potion","Blizzard","SkillPotion"],"campfire_rested":2,"item_purchase_floors":[12,19,46,54,54],"current_hp_per_floor":[63,61,61,61,61,61,16,16,16,25,25,25,25,25,25,22,59,57,57,37,20,20,20,20,20,20,14,14,14,12,9,31,14,61,61,61,61,51,49,45,29,29,29,16,16,16,37,37,37,34,12,57,57,57,30,27],"gold":31,"neow_bonus":"BOSS_RELIC","is_prod":false,"is_daily":false,"chose_seed":false,"campfire_upgraded":9,"win_rate":0,"timestamp":1559408992,"path_taken":["M","?","M","?","M","R","E","R","T","M","R","$","R","M","R","BOSS","M","$","?","?","?","R","M","R","T","M","?","?","M","M","R","BOSS","M","?","?","?","?","E","M","R","T","M","?","$","R","M","R","BOSS","BOSS","R","$","E","BOSS"],"build_version":"2019-01-23","purchased_purges":3,"victory":false,"max_hp_per_floor":[71,71,71,71,71,71,71,71,71,71,71,71,71,71,71,71,71,71,71,76,76,76,76,76,76,76,76,76,76,76,76,76,76,76,76,72,72,72,72,72,72,72,72,72,72,72,72,72,72,72,72,72,72,72,72,72],"card_choices":[{"not_picked":["Sweeping Beam","Redo"],"picked":"BootSequence","floor":1.0},{"not_picked":["Steam","Rebound"],"picked":"Beam Cell","floor":2.0},{"not_picked":["Rebound","Gash"],"picked":"Coolheaded","floor":3.0},{"not_picked":["Coolheaded","Steam"],"picked":"Double Energy","floor":5.0},{"not_picked":["Loop","Gash"],"picked":"Chaos","floor":7.0},{"not_picked":["Doom and Gloom","Steam Power"],"picked":"Hologram","floor":10.0},{"not_picked":["Force Field","Rainbow"],"picked":"Streamline","floor":14.0},{"not_picked":["Electrodynamics","Creative AI"],"picked":"Echo Form","floor":16.0},{"not_picked":["Leap","Gash+1","Blizzard"],"picked":"SKIP","floor":18.0},{"not_picked":["Double Energy","Redo"],"picked":"Consume","floor":24.0},{"not_picked":["Auto Shields","Static Discharge"],"picked":"Compile Driver","floor":27.0},{"not_picked":["Ball Lightning","Scrape"],"picked":"Double Energy","floor":30.0},{"not_picked":["Sweeping Beam+1","Beam Cell","Stack"],"picked":"SKIP","floor":31.0},{"not_picked":["All For One","Thunder Strike"],"picked":"Multi-Cast","floor":33.0},{"not_picked":["Chaos","FTL"],"picked":"Redo+1","floor":35.0},{"not_picked":["HandOfGreed","Chrysalis"],"picked":"Purity","floor":38.0},{"not_picked":["Dramatic Entrance","Secret Weapon"],"picked":"Panacea","floor":38.0},{"not_picked":["Good Instincts","Discovery"],"picked":"Finesse","floor":38.0},{"not_picked":["Go for the Eyes","Barrage"],"picked":"Tempest","floor":39.0},{"not_picked":["Steam Power","Double Energy+1"],"picked":"Glacier","floor":40.0},{"not_picked":["Gash","Stack+1","Conserve Battery"],"picked":"SKIP","floor":41.0},{"not_picked":["Stack","Leap","Compile Driver"],"picked":"SKIP","floor":44.0},{"not_picked":["Rebound","Reinforced Body","Stack"],"picked":"SKIP","floor":48.0},{"not_picked":["Chill","Gash+1"],"picked":"Loop","floor":55.0}],"player_experience":1834330,"relics_obtained":[{"floor":7.0,"key":"Bottled Lightning"},{"floor":9.0,"key":"Orichalcum"},{"floor":26.0,"key":"Bag of Preparation"},{"floor":40.0,"key":"Boot"},{"floor":55.0,"key":"Pen Nib"}],"event_choices":[{"damage_healed":0.0,"max_hp_gain":0.0,"max_hp_loss":0.0,"gold_gain":0.0,"event_name":"The Woman in Blue","player_choice":"Bought 1 Potion","floor":4.0,"gold_loss":0.0,"damage_taken":0.0},{"damage_healed":0.0,"max_hp_gain":5.0,"max_hp_loss":0.0,"gold_gain":0.0,"event_name":"Forgotten Altar","player_choice":"Shed Blood","floor":20.0,"gold_loss":0.0,"damage_taken":25.0},{"damage_healed":0.0,"max_hp_gain":0.0,"max_hp_loss":0.0,"gold_gain":0.0,"event_name":"Colosseum","player_choice":"Fight","floor":21.0,"gold_loss":0.0,"damage_taken":0.0},{"damage_healed":0.0,"max_hp_gain":0.0,"max_hp_loss":0.0,"gold_gain":0.0,"event_name":"Colosseum","player_choice":"Fled From Nobs","floor":21.0,"gold_loss":0.0,"damage_taken":0.0},{"damage_healed":0.0,"max_hp_gain":0.0,"max_hp_loss":0.0,"gold_gain":0.0,"event_name":"Masked Bandits","player_choice":"Paid Fearfully","floor":22.0,"gold_loss":38.0,"damage_taken":0.0},{"damage_healed":0.0,"max_hp_gain":0.0,"max_hp_loss":0.0,"gold_gain":50.0,"event_name":"Nest","player_choice":"Stole From Cult","floor":29.0,"gold_loss":0.0,"damage_taken":0.0},{"damage_healed":0.0,"max_hp_gain":0.0,"max_hp_loss":4.0,"gold_gain":0.0,"event_name":"Winding Halls","player_choice":"Max HP","floor":36.0,"gold_loss":0.0,"damage_taken":0.0},{"damage_healed":0.0,"max_hp_gain":0.0,"max_hp_loss":0.0,"gold_gain":0.0,"event_name":"Tomb of Lord Red Mask","player_choice":"Ignored","floor":37.0,"gold_loss":0.0,"damage_taken":0.0},{"damage_healed":0.0,"max_hp_gain":0.0,"max_hp_loss":0.0,"gold_gain":0.0,"event_name":"SensoryStone","player_choice":"Memory 3","floor":38.0,"gold_loss":0.0,"damage_taken":10.0},{"damage_healed":0.0,"max_hp_gain":0.0,"max_hp_loss":0.0,"gold_gain":0.0,"event_name":"Match and Keep!","player_choice":"0 cards matched","floor":45.0,"gold_loss":0.0,"damage_taken":0.0,"cards_obtained":[]}],"is_beta":false,"boss_relics":[{"not_picked":["Velvet Choker","Ectoplasm"],"picked":"Philosopher\u0027s Stone"},{"not_picked":["Runic Dome","Cursed Key"],"picked":"Astrolabe"}],"items_purged_floors":[12,19,46],"is_endless":false,"potions_floor_spawned":[1,2,10,14,24,33,35,39,48],"killed_by":"The Heart","ascension_level":20}