{"gold_per_floor":[114,114,127,52,70,70,83,83,83,83,83,93,93,109,109,214,214,232,245,245,56,69,102,102,102,127,127,145,245,256,266,266,266],"floor_reached":33,"playtime":1533,"items_purged":["Strike_R"],"score":337,"play_id":"b1d36296-c566-40a3-a737-7b473fb8ab0d","local_time":"20190525140020","is_ascension_mode":true,"campfire_choices":[{"floor":6.0,"key":"DIG"},{"floor":10.0,"key":"DIG"},{"floor":13.0,"key":"REST"},{"data":"Perfected Strike","floor":15.0,"key":"SMITH"},{"floor":25,"key":"DIG"},{"data":"Perfected Strike","floor":27,"key":"SMITH"},{"floor":32,"key":"REST"}],"neow_cost":"PERCENT_DAMAGE","seed_source_timestamp":72054088498399,"circlet_count":0,"master_deck":["Strike_R","Strike_R","Strike_R","Strike_R","Defend_R","Defend_R","Defend_R","Bash","Spot Weakness","Ghostly Armor","Perfected Strike+1","Perfected Strike+1","Flame Barrier","Flex","Immolate","Flex+1","Mayhem","Perfected Strike+1","Disarm"],"special_seed":0,"relics":["Burning Blood","Shovel","Matryoshka","Oddly Smooth Stone","Mercury Hourglass","Calipers","Sozu","Ornamental Fan","Anchor","PreservedInsect","Bag of Preparation"],"potions_floor_usage":[23],"damage_taken":[{"damage":6.0,"enemies":"Cultist","floor":1.0,"turns":3.0},{"damage":10.0,"enemies":"Small Slimes","floor":3.0,"turns":3.0},{"damage":8.0,"enemies":"Jaw Worm","floor":5.0,"turns":5.0},{"damage":16.0,"enemies":"Blue Slaver","floor":7.0,"turns":4.0},{"damage":4.0,"enemies":"Gremlin Gang","floor":12.0,"turns":4.0},{"damage":0.0,"enemies":"2 Fungi Beasts","floor":14.0,"turns":2.0},{"damage":61.0,"enemies":"Hexaghost","floor":16.0,"turns":11.0},{"damage":0.0,"enemies":"Chosen","floor":18.0,"turns":3.0},{"damage":0.0,"enemies":"3 Byrds","floor":19.0,"turns":3.0},{"damage":7.0,"enemies":"3 Cultists","floor":22.0,"turns":4.0},{"damage":42,"enemies":"Book of Stabbing","floor":23,"turns":5},{"damage":14,"enemies":"Snake Plant","floor":28,"turns":2},{"damage":2,"enemies":"Cultist and Chosen","floor":30,"turns":4},{"damage":22,"enemies":"Centurion and Healer","floor":31,"turns":4},{"damage":42,"enemies":"Automaton","floor":33,"turns":4}],"seed_played":"-9144894180075042124","potions_obtained":[{"floor":1.0,"key":"SkillPotion"},{"floor":7.0,"key":"Dexterity Potion"},{"floor":16.0,"key":"SteroidPotion"}],"is_trial":false,"path_per_floor":["M","?","M","$","M","R","M","?","T","R","?","M","R","M","R","B",null,"M","M","?","$","M","E","?","R","T","R","M","?","M","M","R","B"],"character_chosen":"IRONCLAD","items_purchased":["Mayhem"],"campfire_rested":2,"item_purchase_floors":[21],"current_hp_per_floor":[51,51,47,47,45,45,35,35,35,35,35,37,61,67,67,12,63,69,75,75,75,74,38,38,38,38,38,30,30,34,18,42,0],"gold":266,"neow_bonus":"ONE_RARE_RELIC","is_prod":false,"is_daily":false,"chose_seed":false,"campfire_upgraded":2,"win_rate":0,"timestamp":1558807220,"path_taken":["M","?","M","?","M","R","M","?","T","R","?","M","R","M","R","BOSS","M","M","?","$","M","E","?","R","T","R","M","?","M","M","R","BOSS"],"build_version":"2019-01-23","purchased_purges":1,"victory":false,"max_hp_per_floor":[80,80,80,80,80,80,80,80,80,80,80,80,80,80,80,80,80,80,80,80,80,80,80,80,80,80,80,80,80,80,80,80,80],"card_choices":[{"not_picked":["Hemokinesis","Second Wind"],"picked":"Spot Weakness","floor":1.0},{"not_picked":["Twin Strike","Feel No Pain"],"picked":"Ghostly Armor","floor":3.0},{"not_picked":["Reckless Charge","Power Through"],"picked":"Perfected Strike","floor":5.0},{"not_picked":["Cleave","Wild Strike"],"picked":"Perfected Strike","floor":7.0},{"not_picked":["Flex","Hemokinesis"],"picked":"Flame Barrier","floor":12.0},{"not_picked":["Anger","Sentinel"],"picked":"Flex","floor":14.0},{"not_picked":["Exhume","Bludgeon"],"picked":"Immolate","floor":16.0},{"not_picked":["Wild Strike","Havoc+1"],"picked":"Flex+1","floor":18.0},{"not_picked":["Sever Soul","Rage","Warcry"],"picked":"SKIP","floor":19.0},{"not_picked":["Feel No Pain+1","Evolve+1"],"picked":"Perfected Strike","floor":22.0},{"not_picked":["Immolate","Evolve+1"],"picked":"Disarm","floor":23},{"not_picked":["Warcry","Clothesline","Flame Barrier"],"picked":"SKIP","floor":28},{"not_picked":["True Grit","Infernal Blade","Sentinel+1"],"picked":"SKIP","floor":30},{"not_picked":["Flex","Sever Soul+1","Carnage"],"picked":"SKIP","floor":31}],"player_experience":1026278,"relics_obtained":[{"floor":6.0,"key":"Matryoshka"},{"floor":9.0,"key":"Oddly Smooth Stone"},{"floor":9.0,"key":"Mercury Hourglass"},{"floor":10.0,"key":"Calipers"},{"floor":23,"key":"Ornamental Fan"},{"floor":25,"key":"Anchor"},{"floor":26,"key":"PreservedInsect"},{"floor":26,"key":"Bag of Preparation"}],"event_choices":[{"cards_removed":["Defend_R"],"damage_healed":0.0,"max_hp_gain":0.0,"max_hp_loss":0.0,"gold_gain":0.0,"event_name":"Bonfire Elementals","player_choice":"Offered Basic","floor":2.0,"gold_loss":0.0,"damage_taken":0.0},{"damage_healed":0.0,"max_hp_gain":0.0,"max_hp_loss":0.0,"gold_gain":0.0,"event_name":"Living Wall","player_choice":"Grow","floor":8.0,"gold_loss":0.0,"damage_taken":0.0,"cards_upgraded":["Perfected Strike"]},{"damage_healed":0.0,"max_hp_gain":0.0,"max_hp_loss":0.0,"gold_gain":0.0,"event_name":"Shining Light","player_choice":"Ignored","floor":11.0,"gold_loss":0.0,"damage_taken":0.0},{"damage_healed":0.0,"max_hp_gain":0.0,"max_hp_loss":0.0,"gold_gain":0.0,"event_name":"Ghosts","player_choice":"Ignored","floor":20.0,"gold_loss":0.0,"damage_taken":0.0},{"damage_healed":0,"gold_gain":0,"player_choice":"Ignored","damage_taken":0,"max_hp_gain":0,"max_hp_loss":0,"event_name":"Vampires","floor":24,"gold_loss":0},{"damage_healed":0,"gold_gain":100,"player_choice":"Pray","damage_taken":0,"max_hp_gain":0,"max_hp_loss":0,"event_name":"Golden Shrine","floor":29,"gold_loss":0}],"is_beta":false,"boss_relics":[{"not_picked":["Empty Cage","Orrery"],"picked":"Sozu"}],"items_purged_floors":[4],"is_endless":false,"potions_floor_spawned":[1,7,16,22,23,30],"killed_by":"Automaton","ascension_level":6}