{"gold_per_floor":[118,135,135,135,135,168,182,182,209,223,223,5,31,51,51,122,122,138,149,149,149,99,99,99],"floor_reached":24,"playtime":695,"items_purged":["Strike_R","Strike_R+1"],"score":508,"play_id":"09ecc84c-2b2a-4382-b86e-44ae57e721d3","local_time":"20190526130130","is_ascension_mode":true,"campfire_choices":[{"data":"Bludgeon","floor":8,"key":"SMITH"},{"data":"Cleave","floor":11,"key":"SMITH"},{"data":"Feel No Pain","floor":15,"key":"SMITH"},{"data":"Pommel Strike","floor":23,"key":"SMITH"}],"neow_cost":"NONE","seed_source_timestamp":43073344700777,"circlet_count":0,"master_deck":["AscendersBane","Defend_R+1","Defend_R+1","Defend_R+1","Defend_R+1","Bash+1","Flame Barrier","Pommel Strike+1","Bludgeon+1","Cleave+1","Exhume","Evolve","Feel No Pain+1","Impervious","Feel No Pain+1","Clothesline+1","Spot Weakness+1","Feel No Pain","Second Wind"],"special_seed":0,"relics":["Burning Blood","NeowsBlessing","Smiling Mask","Thread and Needle","Strawberry","Pen Nib","Astrolabe","Enchiridion"],"potions_floor_usage":[24],"damage_taken":[{"damage":0.0,"enemies":"2 Louse","floor":1.0,"turns":1.0},{"damage":0.0,"enemies":"Small Slimes","floor":2.0,"turns":1.0},{"damage":0,"enemies":"Lagavulin","floor":6,"turns":1},{"damage":0,"enemies":"Jaw Worm","floor":7,"turns":3},{"damage":0,"enemies":"Exordium Thugs","floor":10,"turns":5},{"damage":25,"enemies":"Gremlin Nob","floor":13,"turns":4},{"damage":3,"enemies":"3 Louse","floor":14,"turns":2},{"damage":34,"enemies":"Slime Boss","floor":16,"turns":5},{"damage":7,"enemies":"3 Byrds","floor":18,"turns":5},{"damage":22,"enemies":"Spheric Guardian","floor":19,"turns":8},{"damage":40,"enemies":"Slavers","floor":24,"turns":3}],"seed_played":"-119476060753359422","potions_obtained":[{"floor":2.0,"key":"Ancient Potion"},{"floor":7,"key":"Ancient Potion"},{"floor":14,"key":"FearPotion"},{"floor":19,"key":"LiquidBronze"}],"is_trial":false,"path_per_floor":["M","M","?","?","?","E","M","R","T","M","R","$","E","M","R","B",null,"M","M","?","?","$","R","E"],"character_chosen":"IRONCLAD","items_purchased":["Exhume","Evolve"],"campfire_rested":0,"item_purchase_floors":[12,12],"current_hp_per_floor":[74,75,75,64,69,75,80,80,87,87,87,87,68,71,71,43,76,75,59,38,38,38,38,0],"gold":99,"neow_bonus":"THREE_ENEMY_KILL","is_prod":false,"is_daily":false,"chose_seed":false,"campfire_upgraded":4,"win_rate":0,"timestamp":1558890090,"path_taken":["M","M","?","?","?","E","M","R","T","M","R","$","E","M","R","BOSS","M","M","?","?","?","R","E"],"build_version":"2019-01-23","purchased_purges":2,"victory":false,"max_hp_per_floor":[75,75,75,75,80,80,80,80,87,87,87,87,87,87,87,87,87,87,87,87,87,87,87,87],"card_choices":[{"not_picked":["Headbutt","Warcry"],"picked":"Flame Barrier","floor":1.0},{"not_picked":["Second Wind","Perfected Strike"],"picked":"Pommel Strike","floor":2.0},{"not_picked":["Flex","Evolve"],"picked":"Bludgeon","floor":6},{"not_picked":["Wild Strike","Twin Strike"],"picked":"Cleave","floor":7},{"not_picked":["Whirlwind","Flex","Heavy Blade"],"picked":"SKIP","floor":10},{"not_picked":["Havoc","Thunderclap"],"picked":"Feel No Pain","floor":13},{"not_picked":["Body Slam","Iron Wave","Perfected Strike"],"picked":"SKIP","floor":14},{"not_picked":["Dark Embrace","Limit Break"],"picked":"Impervious","floor":16},{"not_picked":["Thunderclap+1","Sword Boomerang"],"picked":"Feel No Pain","floor":18},{"not_picked":["Heavy Blade","Bloodletting"],"picked":"Second Wind","floor":19}],"player_experience":1440861,"relics_obtained":[{"floor":6,"key":"Thread and Needle"},{"floor":9,"key":"Strawberry"},{"floor":13,"key":"Pen Nib"},{"floor":20,"key":"Enchiridion"}],"event_choices":[{"damage_healed":0.0,"max_hp_gain":0.0,"max_hp_loss":0.0,"gold_gain":0.0,"event_name":"Living Wall","player_choice":"Grow","floor":3.0,"gold_loss":0.0,"damage_taken":0.0,"cards_upgraded":["Bash"]},{"damage_healed":0,"gold_gain":0,"player_choice":"Success","damage_taken":11,"relics_obtained":["Smiling Mask"],"max_hp_gain":0,"max_hp_loss":0,"event_name":"Scrap Ooze","floor":4,"gold_loss":0},{"damage_healed":0,"gold_gain":0,"player_choice":"Donut","damage_taken":0,"max_hp_gain":5,"max_hp_loss":0,"event_name":"Big Fish","floor":5,"gold_loss":0},{"damage_healed":0,"gold_gain":0,"player_choice":"Obtained Book","damage_taken":21,"max_hp_gain":0,"max_hp_loss":0,"event_name":"Cursed Tome","floor":20,"gold_loss":0},{"damage_healed":0,"gold_gain":0,"player_choice":"Simplicity","damage_taken":0,"max_hp_gain":0,"max_hp_loss":0,"event_name":"Back to Basics","floor":21,"gold_loss":0,"cards_upgraded":["Strike_R","Defend_R","Defend_R","Defend_R","Defend_R"]}],"is_beta":false,"boss_relics":[{"not_picked":["Lizard Tail","Tiny House"],"picked":"Astrolabe"}],"items_purged_floors":[12,22],"is_endless":false,"potions_floor_spawned":[2,7,13,14,19],"killed_by":"Slavers","ascension_level":20}