{"gold_per_floor":[16,28,48,123,123,123,143,176,244,262,187,33,33],"floor_reached":13,"playtime":355,"items_purged":["Strike_G"],"score":170,"play_id":"8ea449d6-0006-4109-8582-8f582fb9e7d8","local_time":"20190604213507","is_ascension_mode":true,"campfire_choices":[{"data":"Caltrops","floor":6,"key":"SMITH"}],"neow_cost":"NO_GOLD","seed_source_timestamp":195142362800297,"circlet_count":0,"master_deck":["AscendersBane","Defend_G","Defend_G","Defend_G","Defend_G","Defend_G","Strike_G","Survivor","Neutralize","Caltrops+1","Backstab","Deadly Poison","Well Laid Plans","Noxious Fumes"],"relics":["Ring of the Snake","Golden Idol"],"potions_floor_usage":[8,10,10],"damage_taken":[{"damage":3,"enemies":"Small Slimes","floor":1,"turns":7},{"damage":17,"enemies":"Jaw Worm","floor":2,"turns":8},{"damage":0,"enemies":"2 Louse","floor":3,"turns":4},{"damage":0,"enemies":"Blue Slaver","floor":7,"turns":4},{"damage":24,"enemies":"Lagavulin","floor":8,"turns":7},{"damage":1,"enemies":"Exordium Wildlife","floor":10,"turns":6},{"damage":2,"enemies":"Lots of Slimes","floor":13,"turns":2}],"seed_played":"4098684804552901074","potions_obtained":[{"floor":1,"key":"Swift Potion"},{"floor":3,"key":"Explosive Potion"},{"floor":8,"key":"Swift Potion"}],"is_trial":false,"path_per_floor":["M","M","M","?","?","R","M","E","T","M","?","$","M"],"character_chosen":"THE_SILENT","items_purchased":["Noxious Fumes"],"campfire_rested":0,"item_purchase_floors":[12],"current_hp_per_floor":[56,39,39,28,28,28,28,4,4,3,3,3,1],"gold":33,"neow_bonus":"REMOVE_TWO","is_prod":false,"is_daily":false,"chose_seed":false,"campfire_upgraded":1,"win_rate":0,"timestamp":1559655307,"path_taken":["M","M","M","?","?","R","M","E","T","M","?","$","M"],"build_version":"2019-01-23","purchased_purges":1,"victory":false,"max_hp_per_floor":[66,66,66,66,60,60,60,60,60,60,60,60,60],"card_choices":[{"not_picked":["Escape Plan","Outmaneuver"],"picked":"Caltrops","floor":1},{"not_picked":["Outmaneuver","Bane"],"picked":"Backstab","floor":2},{"not_picked":["Poisoned Stab","Cloak And Dagger","All Out Attack"],"picked":"SKIP","floor":3},{"not_picked":["Sucker Punch","Blade Dance"],"picked":"Deadly Poison","floor":7},{"not_picked":["Sucker Punch","Heel Hook","Doppelganger"],"picked":"SKIP","floor":8},{"not_picked":["Dagger Spray","Poisoned Stab"],"picked":"Well Laid Plans","floor":10}],"player_experience":1872561,"relics_obtained":[],"event_choices":[{"damage_healed":0,"gold_gain":75,"player_choice":"Gather Gold","damage_taken":11,"max_hp_gain":0,"max_hp_loss":0,"event_name":"World of Goop","floor":4,"gold_loss":0},{"damage_healed":0,"gold_gain":0,"player_choice":"Lose Max HP","damage_taken":0,"relics_obtained":["Golden Idol"],"max_hp_gain":0,"max_hp_loss":6,"event_name":"Golden Idol","floor":5,"gold_loss":0},{"cards_removed":["Strike_G"],"damage_healed":0,"gold_gain":0,"player_choice":"Card Removal","damage_taken":0,"max_hp_gain":0,"max_hp_loss":0,"event_name":"The Cleric","floor":11,"gold_loss":75}],"is_beta":false,"boss_relics":[],"items_purged_floors":[12],"is_endless":false,"potions_floor_spawned":[1,3,8],"killed_by":"Lots of Slimes","ascension_level":20}