{"gold_per_floor":[10,23,23,23,37,37,77,77,129,129,145,145,166,201,201,201],"floor_reached":16,"playtime":1208,"items_purged":[],"score":141,"play_id":"cd34aac9-3d7e-45a7-ab45-f8ad5d30411f","local_time":"20190708184218","is_ascension_mode":true,"campfire_choices":[{"data":"Thunderclap","floor":6,"key":"SMITH"},{"data":"Flex","floor":8,"key":"SMITH"},{"data":"Rage","floor":10,"key":"SMITH"},{"data":"Offering","floor":15,"key":"SMITH"}],"neow_cost":"NO_GOLD","seed_source_timestamp":51222131163600,"circlet_count":0,"master_deck":["Strike_R","Strike_R","Strike_R","Strike_R","Strike_R","Defend_R","Defend_R","Defend_R","Defend_R","Bash","Thunderclap+1","Flex+1","Injury","Rage+1","Offering+1","Pommel Strike","Heavy Blade","Shrug It Off"],"relics":["Burning Blood","Golden Idol","Anchor","Bag of Preparation","CultistMask","Charon\u0027s Ashes"],"potions_floor_usage":[7,14,16],"damage_taken":[{"damage":5,"enemies":"Cultist","floor":1,"turns":4},{"damage":2,"enemies":"2 Louse","floor":2,"turns":3},{"damage":8,"enemies":"Jaw Worm","floor":5,"turns":3},{"damage":29,"enemies":"Lagavulin","floor":7,"turns":6},{"damage":6,"enemies":"Large Slime","floor":11,"turns":4},{"damage":0,"enemies":"Lots of Slimes","floor":13,"turns":4},{"damage":27,"enemies":"3 Sentries","floor":14,"turns":6},{"damage":59,"enemies":"Hexaghost","floor":16,"turns":9}],"seed_played":"-358776471891756623","potions_obtained":[{"floor":2,"key":"Fire Potion"},{"floor":7,"key":"LiquidBronze"},{"floor":14,"key":"SneckoOil"}],"is_trial":false,"path_per_floor":["M","M","?","?","M","R","E","R","T","R","M","?","M","E","R","B"],"character_chosen":"IRONCLAD","items_purchased":[],"campfire_rested":0,"item_purchase_floors":[],"current_hp_per_floor":[96,96,96,96,94,94,71,71,71,71,71,71,77,56,56,0],"gold":201,"neow_bonus":"TWENTY_PERCENT_HP_BONUS","is_prod":false,"is_daily":false,"chose_seed":false,"campfire_upgraded":4,"win_rate":0,"timestamp":1562629338,"path_taken":["M","M","?","?","M","R","E","R","T","R","?","?","M","E","R","BOSS"],"build_version":"2019-07-05","purchased_purges":0,"victory":false,"max_hp_per_floor":[96,96,96,96,96,96,96,96,96,96,96,96,96,96,96,96],"card_choices":[{"not_picked":["Clothesline","Shrug It Off"],"picked":"Thunderclap","floor":1},{"not_picked":["Armaments","Warcry"],"picked":"Flex","floor":2},{"not_picked":["Combust","True Grit"],"picked":"Rage","floor":5},{"not_picked":["Shrug It Off","Flex"],"picked":"Offering","floor":7},{"not_picked":["Shrug It Off","Second Wind"],"picked":"Pommel Strike","floor":11},{"not_picked":["Rage","Pummel"],"picked":"Heavy Blade","floor":13},{"not_picked":["Entrench","Brutality"],"picked":"Shrug It Off","floor":14}],"player_experience":68915,"relics_obtained":[{"floor":7,"key":"Anchor"},{"floor":9,"key":"Bag of Preparation"},{"floor":14,"key":"Charon\u0027s Ashes"}],"event_choices":[{"damage_healed":0,"gold_gain":0,"player_choice":"Take Wound","damage_taken":0,"relics_obtained":["Golden Idol"],"max_hp_gain":0,"max_hp_loss":0,"event_name":"Golden Idol","floor":3,"gold_loss":0,"cards_obtained":["Injury"]},{"damage_healed":0,"gold_gain":0,"player_choice":"Full Heal","damage_taken":0,"max_hp_gain":0,"max_hp_loss":0,"event_name":"Wheel of Change","floor":4,"gold_loss":0},{"damage_healed":0,"gold_gain":0,"player_choice":"Trade","damage_taken":0,"relics_obtained":["CultistMask"],"max_hp_gain":0,"max_hp_loss":0,"event_name":"FaceTrader","floor":12,"gold_loss":0}],"is_beta":false,"boss_relics":[],"items_purged_floors":[],"is_endless":false,"potions_floor_spawned":[2,7,14],"killed_by":"Hexaghost","ascension_level":1}