{"gold_per_floor":[111,111,111,111,161,172,172,202,278,298,298,298,314,35,35,106,106,119,119],"floor_reached":19,"playtime":429,"items_purged":["Defend_B"],"score":430,"play_id":"44cf50de-0382-492c-936d-57edd880e3b6","local_time":"20190529212814","is_ascension_mode":true,"campfire_choices":[{"data":"Zap","floor":7,"key":"SMITH"},{"data":"Dualcast","floor":12,"key":"SMITH"},{"data":"Sunder","floor":15,"key":"SMITH"}],"neow_cost":"NONE","seed_source_timestamp":0,"circlet_count":0,"master_deck":["AscendersBane","Zap+1","Dualcast+1","Ball Lightning","Cold Snap+1","Hologram","Self Repair","Turbo","Ball Lightning","Glacier","Heatsinks","Sunder+1","Biased Cognition","Turbo","BootSequence"],"relics":["Empty Cage","Oddly Smooth Stone","Letter Opener","Pandora\u0027s Box"],"potions_floor_usage":[16,18],"damage_taken":[{"damage":1,"enemies":"Cultist","floor":1,"turns":4},{"damage":0,"enemies":"2 Louse","floor":6,"turns":3},{"damage":18,"enemies":"Lagavulin","floor":8,"turns":8},{"damage":0,"enemies":"Jaw Worm","floor":10,"turns":4},{"damage":2,"enemies":"Blue Slaver","floor":13,"turns":4},{"damage":0,"enemies":"Slime Boss","floor":16,"turns":5},{"damage":21,"enemies":"3 Byrds","floor":18,"turns":3},{"damage":7,"enemies":"Colosseum Slavers","floor":19,"turns":4},{"damage":53,"enemies":"Colosseum Nobs","floor":19,"turns":3}],"seed_played":"2559190793786066","potions_obtained":[{"floor":8,"key":"FocusPotion"},{"floor":10,"key":"Explosive Potion"},{"floor":16,"key":"Regen Potion"}],"is_trial":false,"path_per_floor":["M","?","?","?","?","M","R","E","T","M","?","R","M","$","R","B",null,"M","?"],"character_chosen":"DEFECT","items_purchased":["Glacier","Heatsinks","Sunder"],"campfire_rested":0,"item_purchase_floors":[14,14,14],"current_hp_per_floor":[63,63,56,35,35,35,35,17,17,24,24,24,29,29,29,36,62,48,0],"gold":119,"neow_bonus":"BOSS_RELIC","is_prod":false,"is_daily":false,"chose_seed":true,"campfire_upgraded":3,"win_rate":0,"timestamp":1559136494,"path_taken":["M","?","?","?","?","M","R","E","T","?","?","R","M","$","R","BOSS","M","?"],"build_version":"2019-01-23","purchased_purges":1,"victory":false,"max_hp_per_floor":[71,71,71,71,71,71,71,71,71,71,71,71,71,71,71,71,71,71,71],"card_choices":[{"not_picked":["Coolheaded","Sweeping Beam"],"picked":"Ball Lightning","floor":1},{"not_picked":["Streamline","Rebound"],"picked":"Hologram","floor":6},{"not_picked":["Cold Snap","Rip and Tear"],"picked":"Self Repair","floor":8},{"not_picked":["Rebound","Leap"],"picked":"Turbo","floor":10},{"not_picked":["Beam Cell","Scrape"],"picked":"Ball Lightning","floor":13},{"not_picked":["Echo Form","All For One"],"picked":"Biased Cognition","floor":16},{"not_picked":["Hologram","Ball Lightning","Sweeping Beam+1"],"picked":"SKIP","floor":18}],"player_experience":1794688,"relics_obtained":[{"floor":8,"key":"Oddly Smooth Stone"},{"floor":9,"key":"Letter Opener"}],"event_choices":[{"damage_healed":0,"gold_gain":0,"cards_transformed":["Strike_B"],"player_choice":"Change","damage_taken":0,"max_hp_gain":0,"max_hp_loss":0,"event_name":"Living Wall","floor":2,"gold_loss":0,"cards_obtained":["Cold Snap"]},{"cards_removed":["Strike_B"],"damage_healed":0,"gold_gain":0,"player_choice":"Card Removal","damage_taken":7,"max_hp_gain":0,"max_hp_loss":0,"event_name":"Golden Wing","floor":3,"gold_loss":0},{"damage_healed":0,"gold_gain":0,"player_choice":"Entered Light","damage_taken":21,"max_hp_gain":0,"max_hp_loss":0,"event_name":"Shining Light","floor":4,"gold_loss":0,"cards_upgraded":["Defend_B","Cold Snap"]},{"damage_healed":0,"gold_gain":50,"player_choice":"Pray","damage_taken":0,"max_hp_gain":0,"max_hp_loss":0,"event_name":"Golden Shrine","floor":5,"gold_loss":0},{"cards_removed":["Defend_B"],"damage_healed":0,"gold_gain":0,"player_choice":"Offered Basic","damage_taken":0,"max_hp_gain":0,"max_hp_loss":0,"event_name":"Bonfire Elementals","floor":11,"gold_loss":0},{"damage_healed":0,"gold_gain":0,"player_choice":"Fight","damage_taken":0,"max_hp_gain":0,"max_hp_loss":0,"event_name":"Colosseum","floor":19,"gold_loss":0},{"damage_healed":0,"gold_gain":0,"player_choice":"Fought Nobs","damage_taken":0,"max_hp_gain":0,"max_hp_loss":0,"event_name":"Colosseum","floor":19,"gold_loss":0}],"is_beta":false,"boss_relics":[{"not_picked":["Sozu","Fusion Hammer"],"picked":"Pandora\u0027s Box"}],"items_purged_floors":[14],"is_endless":false,"potions_floor_spawned":[8,10,13,16,19],"killed_by":"Colosseum Nobs","ascension_level":20}