{"gold_per_floor":[360,372,13,38,38,72,32,66,66,66,96,96,116,116,116,220,220,237,272,272],"floor_reached":20,"playtime":1592,"items_purged":[],"score":235,"play_id":"75c32570-1008-4108-88ba-375e555e5035","local_time":"20180723025445","is_ascension_mode":true,"campfire_choices":[{"floor":10,"key":"REST"},{"data":"Footwork","floor":12,"key":"SMITH"},{"data":"Night Terror","floor":15,"key":"SMITH"}],"neow_cost":"FIFTY_PERCENT_DAMAGE","seed_source_timestamp":129466912673169,"circlet_count":0,"master_deck":["Defend_G","Defend_G","Defend_G","Defend_G","Defend_G","Strike_G","Strike_G","Strike_G","Strike_G+1","Strike_G","Survivor","Neutralize","Calculated Gamble+1","Cloak And Dagger","Footwork+1","Dash","Poisoned Stab","Footwork+1","Night Terror+1","Bouncing Flask","Backflip","Adrenaline","Leg Sweep","Backflip+1"],"relics":["Ring of the Snake","Ornamental Fan","Pen Nib","Shuriken","Snake Skull","Ginger","Pantograph","WristBlade","Red Mask"],"potions_floor_usage":[6,16,16,16,16,16,20],"damage_taken":[{"damage":4,"enemies":"Cultist","floor":1,"turns":5},{"damage":0,"enemies":"Small Slimes","floor":2,"turns":4},{"damage":16,"enemies":"Lagavulin","floor":6,"turns":18},{"damage":11,"enemies":"3 Sentries","floor":8,"turns":10},{"damage":5,"enemies":"Lagavulin","floor":11,"turns":6},{"damage":0,"enemies":"Jaw Worm","floor":13,"turns":4},{"damage":5,"enemies":"The Guardian","floor":16,"turns":13},{"damage":6,"enemies":"Shell Parasite","floor":18,"turns":10},{"damage":41,"floor":19,"turns":9},{"damage":26,"enemies":"3 Byrds","floor":20,"turns":2}],"seed_played":"-1237726811738336072","potions_obtained":[{"floor":1,"key":"Swift Potion"},{"floor":8,"key":"Weak Potion"},{"floor":11,"key":"EntropicBrew"},{"floor":19,"key":"Energy Potion"}],"is_trial":false,"path_per_floor":["M","M","$","T","?","E","$","E","T","R","E","R","M","?","R","B",null,"M","?"],"character_chosen":"THE_SILENT","items_purchased":["Footwork","Ornamental Fan","Dash","Footwork"],"campfire_rested":1,"item_purchase_floors":[3,3,3,7],"current_hp_per_floor":[31,31,31,31,31,15,15,4,4,25,20,20,20,6,6,26,59,53,12,0],"gold":272,"neow_bonus":"TWO_FIFTY_GOLD","is_prod":false,"is_daily":false,"chose_seed":false,"campfire_upgraded":2,"win_rate":0,"timestamp":1532328885,"path_taken":["M","M","$","?","?","E","$","E","T","R","E","R","M","?","R","BOSS","M","?","M"],"build_version":"2018-07-19v2","purchased_purges":0,"victory":false,"max_hp_per_floor":[70,70,70,70,70,70,70,70,70,70,70,70,70,70,70,70,70,70,70,70],"card_choices":[{"not_picked":["Reflex","Endless Agony"],"picked":"Calculated Gamble","floor":1},{"not_picked":["Flying Knee","Prepared"],"picked":"Cloak And Dagger","floor":2},{"not_picked":["Concentrate","Bane"],"picked":"Poisoned Stab","floor":6},{"not_picked":["Outmaneuver","Quick Slash"],"picked":"Night Terror","floor":8},{"not_picked":["Finisher","Unload"],"picked":"Bouncing Flask","floor":11},{"not_picked":["Poisoned Stab","Acrobatics"],"picked":"Backflip","floor":13},{"not_picked":["Storm of Steel","Die Die Die"],"picked":"Adrenaline","floor":16},{"not_picked":["Underhanded Strike+1","Escape Plan+1"],"picked":"Leg Sweep","floor":18},{"not_picked":["Concentrate+1","Tactician"],"picked":"Backflip+1","floor":19}],"player_experience":258348,"relics_obtained":[{"floor":4,"key":"Pen Nib"},{"floor":6,"key":"Shuriken"},{"floor":8,"key":"Snake Skull"},{"floor":9,"key":"Ginger"},{"floor":11,"key":"Pantograph"},{"floor":19,"key":"Red Mask"}],"event_choices":[{"event_name":"Living Wall","player_choice":"Grow","floor":5,"damage_taken":0},{"event_name":"Shining Light","player_choice":"Entered Light","floor":14,"damage_taken":0},{"event_name":"Masked Bandits","player_choice":"Fought over 237 gold","floor":19,"damage_taken":0}],"is_beta":false,"boss_relics":[{"not_picked":["Runic Pyramid","Ring of the Serpent"],"picked":"WristBlade"}],"items_purged_floors":[],"is_endless":false,"potions_floor_spawned":[1,8,11,19],"killed_by":"3 Byrds","ascension_level":5}