{"gold_per_floor":[111,111,111,132,151,151,326,326,326,340,340,17,17,36,36,167,167,181,206,206,206,206,239,239,239],"floor_reached":25,"playtime":2143,"items_purged":[],"score":209,"play_id":"6d0df163-c7ce-4574-a38e-ac7e97a8a278","local_time":"20190703051826","is_ascension_mode":false,"campfire_choices":[{"data":"Headbutt","floor":6,"key":"SMITH"},{"floor":8,"key":"REST"},{"data":"Flame Barrier","floor":15,"key":"SMITH"},{"floor":24,"key":"REST"}],"neow_cost":"NONE","seed_source_timestamp":1133237705819800,"circlet_count":0,"master_deck":["Strike_R","Strike_R","Strike_R","Strike_R","Strike_R","Defend_R+1","Defend_R+1","Defend_R+1","Defend_R+1","Bash","Impatience","Sword Boomerang","Metallicize","Headbutt+1","Doubt","Anger","Rage","Fire Breathing+1","Cleave","Dropkick","Double Tap","Perfected Strike","Barricade","Disarm","Armaments"],"relics":["Burning Blood","Golden Idol","War Paint","Runic Pyramid","Enchiridion","Ginger"],"potions_floor_usage":[16,23,25,25],"damage_taken":[{"damage":5,"enemies":"Cultist","floor":1,"turns":4},{"damage":2,"enemies":"2 Louse","floor":4,"turns":3},{"damage":3,"enemies":"Jaw Worm","floor":5,"turns":3},{"damage":0,"enemies":"2 Fungi Beasts","floor":10,"turns":4},{"damage":2,"enemies":"Looter","floor":14,"turns":2},{"damage":36,"enemies":"Slime Boss","floor":16,"turns":11},{"damage":6,"enemies":"3 Byrds","floor":18,"turns":3},{"damage":3,"enemies":"Shell Parasite","floor":19,"turns":6},{"damage":80,"enemies":"Gremlin Leader","floor":23,"turns":7},{"damage":42,"enemies":"Slavers","floor":25,"turns":2}],"seed_played":"-6585123861545875952","potions_obtained":[{"floor":4,"key":"FairyPotion"},{"floor":19,"key":"Fire Potion"},{"floor":23,"key":"Dexterity Potion"}],"is_trial":false,"path_per_floor":["M","?","?","M","M","R","?","R","T","M","?","$","?","M","R","B",null,"M","M","?","?","?","E","R","E"],"character_chosen":"IRONCLAD","items_purchased":["Anger","Rage","Fire Breathing","Cleave","SteroidPotion","Weak Potion"],"campfire_rested":2,"item_purchase_floors":[12,12,12,12,12,12],"current_hp_per_floor":[80,64,44,48,51,51,51,75,75,80,80,80,80,80,80,50,80,80,80,64,64,80,14,38,0],"gold":239,"neow_bonus":"RANDOM_COLORLESS","is_prod":false,"is_daily":false,"chose_seed":false,"campfire_upgraded":2,"win_rate":0.0,"timestamp":1562149106,"path_taken":["M","?","?","M","?","R","?","R","T","M","?","$","?","?","R","BOSS","M","?","?","?","?","E","R","E"],"build_version":"2019-07-01","purchased_purges":0,"victory":false,"max_hp_per_floor":[80,80,80,80,80,80,80,80,80,80,80,80,80,80,80,80,80,80,80,80,80,80,80,80,80],"card_choices":[{"not_picked":["Reckless Charge","Body Slam"],"picked":"Sword Boomerang","floor":1},{"not_picked":["Armaments","True Grit"],"picked":"Metallicize","floor":4},{"not_picked":["Shockwave","Body Slam"],"picked":"Headbutt","floor":5},{"not_picked":["True Grit","Rupture"],"picked":"Flame Barrier","floor":10},{"not_picked":["Twin Strike","Sword Boomerang"],"picked":"Dropkick","floor":14},{"not_picked":["Reaper","Limit Break"],"picked":"Double Tap","floor":16},{"not_picked":["Pummel","Warcry"],"picked":"Iron Wave+1","floor":18},{"not_picked":["Twin Strike","Headbutt"],"picked":"Perfected Strike","floor":19},{"not_picked":["True Grit","Disarm"],"picked":"Armaments","floor":23}],"player_experience":5470,"relics_obtained":[{"floor":9,"key":"War Paint"},{"floor":20,"key":"Enchiridion"},{"floor":23,"key":"Ginger"}],"event_choices":[{"damage_healed":0,"gold_gain":0,"player_choice":"Entered Light","damage_taken":16,"max_hp_gain":0,"max_hp_loss":0,"event_name":"Shining Light","floor":2,"gold_loss":0,"cards_upgraded":["Defend_R","Defend_R"]},{"damage_healed":0,"gold_gain":0,"player_choice":"Take Damage","damage_taken":20,"relics_obtained":["Golden Idol"],"max_hp_gain":0,"max_hp_loss":0,"event_name":"Golden Idol","floor":3,"gold_loss":0},{"damage_healed":0,"gold_gain":175,"player_choice":"AGREE","damage_taken":0,"max_hp_gain":0,"max_hp_loss":0,"event_name":"Liars Game","floor":7,"gold_loss":0,"cards_obtained":["Doubt"]},{"damage_healed":0,"gold_gain":0,"player_choice":"Leave","damage_taken":0,"max_hp_gain":0,"max_hp_loss":0,"event_name":"The Cleric","floor":11,"gold_loss":0},{"damage_healed":0,"gold_gain":0,"player_choice":"Upgraded","damage_taken":0,"max_hp_gain":0,"max_hp_loss":0,"event_name":"Upgrade Shrine","floor":13,"gold_loss":0,"cards_upgraded":["Fire Breathing"]},{"damage_healed":0,"gold_gain":0,"player_choice":"Obtained Book","damage_taken":16,"max_hp_gain":0,"max_hp_loss":0,"event_name":"Cursed Tome","floor":20,"gold_loss":0},{"damage_healed":0,"gold_gain":0,"cards_transformed":["Iron Wave","Flame Barrier"],"player_choice":"Became Test Subject","damage_taken":0,"max_hp_gain":0,"max_hp_loss":0,"event_name":"Drug Dealer","floor":21,"gold_loss":0,"cards_obtained":["Barricade","Disarm"]},{"damage_healed":26,"gold_gain":0,"player_choice":"Heal","damage_taken":0,"max_hp_gain":0,"max_hp_loss":0,"event_name":"The Library","floor":22,"gold_loss":0}],"is_beta":false,"boss_relics":[{"not_picked":["Ectoplasm","Orrery"],"picked":"Runic Pyramid"}],"items_purged_floors":[],"is_endless":false,"potions_floor_spawned":[4,14,19,23],"killed_by":"Slavers","ascension_level":0}