{"gold_per_floor":[116,41,55,55,73,73,101,115,115,146,146,146,171,210,210,331,331,352,451,204,225,225,225,263,278,278,311,311,331,356,377,377,507,507,521,521,545,561,78,422,81,97,97,112,112,112,112,128,128,128,128,128,30,64,64],"floor_reached":55,"playtime":6507,"items_purged":["Decay","Injury","Strike_R","Strike_R"],"score":832,"play_id":"f2dec1f0-6db8-42fa-b8b8-e9138d6f0ad3","local_time":"20190807013201","is_ascension_mode":true,"campfire_choices":[{"data":"1","floor":6,"key":"LIFT"},{"data":"Double Tap","floor":12,"key":"SMITH"},{"floor":15,"key":"REST"},{"data":"Reaper","floor":23,"key":"SMITH"},{"data":"Limit Break","floor":28,"key":"SMITH"},{"data":"Feed","floor":32,"key":"SMITH"},{"data":"2","floor":45,"key":"LIFT"},{"data":"3","floor":47,"key":"LIFT"},{"floor":49,"key":"RECALL"},{"data":"Dual Wield","floor":52,"key":"SMITH"}],"neow_cost":"CURSE","seed_source_timestamp":1417808296518893,"circlet_count":0,"master_deck":["Strike_R+1","Strike_R","Strike_R","Defend_R","Defend_R","Defend_R","Defend_R","Battle Trance","Headbutt+1","Flex","Double Tap+1","Spot Weakness","Reaper+1","Inflame+1","Heavy Blade+1","Pummel+1","Heavy Blade+1","Limit Break+1","Inflame","Feed+1","Whirlwind+1","Offering","Shrug It Off+1","Armaments+1","Dual Wield+1","Violence","Flex+1"],"special_seed":0,"relics":["Burning Blood","Girya","Thread and Needle","Question Card","Paper Frog","Golden Idol","Self Forming Clay","Snecko Eye","Bag of Marbles","Orichalcum","Prayer Wheel","Matryoshka","Potion Belt","Mark of Pain","Vajra","Brimstone","Old Coin","Whetstone","Red Skull"],"potions_floor_usage":[5,5,7,13,16,18,24,25,27,27,31,33,37,37,50,50,55,55],"damage_taken":[{"damage":8.0,"enemies":"Cultist","floor":1.0,"turns":3.0},{"damage":2,"enemies":"Jaw Worm","floor":3,"turns":3},{"damage":0,"enemies":"Small Slimes","floor":5,"turns":4},{"damage":16,"enemies":"Gremlin Nob","floor":7,"turns":3},{"damage":12,"enemies":"Exordium Thugs","floor":8,"turns":4},{"damage":20,"enemies":"3 Sentries","floor":10,"turns":7},{"damage":14,"enemies":"Large Slime","floor":13,"turns":3},{"damage":31,"enemies":"Gremlin Nob","floor":14,"turns":4},{"damage":14,"enemies":"Slime Boss","floor":16,"turns":6},{"damage":3,"enemies":"Shell Parasite","floor":18,"turns":3},{"damage":2,"enemies":"Spheric Guardian","floor":21,"turns":3},{"damage":10,"enemies":"Book of Stabbing","floor":24,"turns":4},{"damage":10,"enemies":"Snake Plant","floor":25,"turns":3},{"damage":11,"enemies":"Slavers","floor":27,"turns":2},{"damage":5,"enemies":"Centurion and Healer","floor":29,"turns":2},{"damage":8,"enemies":"Snecko","floor":30,"turns":3},{"damage":0,"enemies":"3 Cultists","floor":31,"turns":4},{"damage":6,"enemies":"Champ","floor":33,"turns":5},{"damage":6,"enemies":"Orb Walker","floor":35,"turns":1},{"damage":0,"enemies":"3 Shapes","floor":37,"turns":2},{"damage":33,"enemies":"Sphere and 2 Shapes","floor":38,"turns":4},{"damage":18,"enemies":"Nemesis","floor":40,"turns":5},{"damage":27,"enemies":"Writhing Mass","floor":42,"turns":2},{"damage":0,"enemies":"Spire Growth","floor":44,"turns":2},{"damage":6,"enemies":"Jaw Worm Horde","floor":48,"turns":2},{"damage":49,"enemies":"Time Eater","floor":50,"turns":4},{"damage":8,"enemies":"Shield and Spear","floor":54,"turns":3},{"damage":104,"enemies":"The Heart","floor":55,"turns":3}],"seed_played":"7151862382512660524","potions_obtained":[{"floor":3,"key":"EntropicBrew"},{"floor":5,"key":"Regen Potion"},{"floor":14,"key":"SkillPotion"},{"floor":16,"key":"Block Potion"},{"floor":21,"key":"PowerPotion"},{"floor":24,"key":"EssenceOfSteel"},{"floor":25,"key":"Explosive Potion"},{"floor":29,"key":"Fire Potion"},{"floor":30,"key":"SkillPotion"},{"floor":33,"key":"SneckoOil"},{"floor":35,"key":"Strength Potion"},{"floor":44,"key":"Regen Potion"},{"floor":48,"key":"SkillPotion"}],"is_trial":false,"path_per_floor":["M","$","M","$","M","R","E","M","T","E","?","R","M","E","R","B",null,"M","?","$","M","T","R","E","M","T","E","R","M","M","M","R","B",null,"M","?","M","M","$","E","$","M","T","M","R","?","R","M","R","B",null,"R","$","E","B"],"character_chosen":"IRONCLAD","items_purchased":["Bag of Marbles","Vajra","Brimstone","Violence","Energy Potion","SkillPotion"],"campfire_rested":1,"item_purchase_floors":[20,39,39,41,53,53],"current_hp_per_floor":[78,78,80,80,80,80,70,64,64,50,50,50,51,26,50,42,80,80,80,80,80,80,80,76,80,80,75,75,80,80,80,80,84,84,84,84,84,61,61,49,49,28,28,49,49,49,49,49,49,53,88,88,88,90,0],"gold":64,"neow_bonus":"ONE_RARE_RELIC","is_prod":false,"is_daily":false,"chose_seed":false,"campfire_upgraded":5,"win_rate":0,"timestamp":1565134321,"path_taken":["M","?","M","$","M","R","E","M","T","E","?","R","M","E","R","BOSS","M","?","$","M","?","R","E","M","T","E","R","M","M","M","R","BOSS","M","?","?","M","$","E","?","M","T","M","R","?","R","M","R","BOSS","R","$","E","BOSS"],"build_version":"2019-07-17","purchased_purges":4,"victory":false,"max_hp_per_floor":[80,80,80,80,80,80,80,80,80,80,80,80,80,80,80,80,80,80,80,80,80,80,80,80,80,80,80,80,80,80,80,80,84,84,84,84,84,88,88,88,88,88,88,88,88,88,88,88,88,88,88,88,88,92,92],"card_choices":[{"not_picked":["True Grit","Fire Breathing","Anger"],"picked":"SKIP","floor":1.0},{"not_picked":["Perfected Strike","Corruption"],"picked":"Battle Trance","floor":3},{"not_picked":["Havoc","Wild Strike"],"picked":"Headbutt","floor":5},{"not_picked":["Sentinel","Evolve"],"picked":"Flex","floor":7},{"not_picked":["Iron Wave","Clothesline","Sever Soul"],"picked":"SKIP","floor":8},{"not_picked":["Blood for Blood","Perfected Strike","Infernal Blade"],"picked":"Double Tap","floor":10},{"not_picked":["Sword Boomerang","Twin Strike","Exhume"],"picked":"Spot Weakness","floor":13},{"not_picked":["Intimidate","Pommel Strike","Battle Trance","Anger"],"picked":"SKIP","floor":14},{"not_picked":["Berserk","Double Tap","Immolate"],"picked":"Reaper","floor":16},{"not_picked":["Clash","Iron Wave+1","Thunderclap"],"picked":"Inflame+1","floor":18},{"not_picked":["Intimidate","Reckless Charge","Searing Blow+1"],"picked":"Heavy Blade","floor":21},{"not_picked":["Seeing Red+1","Fiend Fire","Headbutt"],"picked":"Pummel+1","floor":24},{"not_picked":["Shrug It Off","Perfected Strike","Uppercut"],"picked":"Heavy Blade+1","floor":25},{"not_picked":["Disarm","Seeing Red","Evolve","Sever Soul"],"picked":"SKIP","floor":25},{"not_picked":["Havoc+1","Iron Wave+1","Headbutt"],"picked":"Limit Break","floor":27},{"not_picked":["Wild Strike","Iron Wave","Sword Boomerang+1"],"picked":"Inflame","floor":29},{"not_picked":["Cleave","Flex","Sentinel+1","Warcry+1"],"picked":"SKIP","floor":29},{"not_picked":["Flex","Entrench","Wild Strike","Havoc"],"picked":"SKIP","floor":30},{"not_picked":["Pommel Strike","Flex","True Grit","Clothesline"],"picked":"SKIP","floor":30},{"not_picked":["Armaments","Infernal Blade","Blood for Blood"],"picked":"Feed","floor":31},{"not_picked":["Cleave","True Grit","Sentinel"],"picked":"Whirlwind+1","floor":31},{"not_picked":["Barricade","Fiend Fire","Feed"],"picked":"Offering","floor":33},{"not_picked":["Clothesline","Carnage+1","Perfected Strike"],"picked":"Shrug It Off+1","floor":35},{"not_picked":["Flex","Metallicize+1","Iron Wave+1","Heavy Blade"],"picked":"SKIP","floor":35},{"not_picked":["Dropkick+1","Searing Blow","Warcry"],"picked":"Armaments+1","floor":37},{"not_picked":["Wild Strike","Anger+1","Reckless Charge+1","Sentinel"],"picked":"SKIP","floor":37},{"not_picked":["Thunderclap+1","Pommel Strike","Iron Wave+1"],"picked":"Dual Wield","floor":38},{"not_picked":["Pommel Strike","Battle Trance","Flex","Sword Boomerang"],"picked":"SKIP","floor":38},{"not_picked":["Perfected Strike","Rage","Pommel Strike","Armaments+1"],"picked":"SKIP","floor":40},{"not_picked":["Fire Breathing+1","Perfected Strike+1","Twin Strike","Dropkick"],"picked":"SKIP","floor":42},{"not_picked":["Evolve","Bludgeon","Second Wind","Cleave+1"],"picked":"SKIP","floor":42},{"not_picked":["True Grit","Headbutt","Armaments+1","Twin Strike+1"],"picked":"SKIP","floor":44},{"not_picked":["Impervious","Clothesline+1","Searing Blow+1","Pommel Strike"],"picked":"SKIP","floor":44},{"not_picked":["Iron Wave+1","Clothesline+1","Heavy Blade","Sword Boomerang"],"picked":"SKIP","floor":48},{"not_picked":["Heavy Blade+1","Body Slam","Seeing Red","Clothesline"],"picked":"SKIP","floor":48},{"not_picked":["Bludgeon","Perfected Strike","Armaments"],"picked":"Flex+1","floor":54}],"player_experience":167133,"relics_obtained":[{"floor":7,"key":"Thread and Needle"},{"floor":9,"key":"Question Card"},{"floor":10,"key":"Paper Frog"},{"floor":14,"key":"Self Forming Clay"},{"floor":22,"key":"Orichalcum"},{"floor":24,"key":"Prayer Wheel"},{"floor":26,"key":"Matryoshka"},{"floor":27,"key":"Potion Belt"},{"floor":40,"key":"Old Coin"},{"floor":43,"key":"Whetstone"},{"floor":54,"key":"Red Skull"}],"event_choices":[{"damage_healed":0,"gold_gain":0,"player_choice":"Take Wound","damage_taken":0,"relics_obtained":["Golden Idol"],"max_hp_gain":0,"max_hp_loss":0,"event_name":"Golden Idol","floor":11,"gold_loss":0,"cards_obtained":["Injury"]},{"damage_healed":0,"gold_gain":99,"player_choice":"Stole From Cult","damage_taken":0,"max_hp_gain":0,"max_hp_loss":0,"event_name":"Nest","floor":19,"gold_loss":0},{"damage_healed":0,"gold_gain":0,"player_choice":"Upgraded","damage_taken":0,"max_hp_gain":0,"max_hp_loss":0,"event_name":"Upgrade Shrine","floor":36,"gold_loss":0,"cards_upgraded":["Heavy Blade"]},{"cards_removed":["Bash"],"damage_healed":0,"gold_gain":0,"player_choice":"Removed Attack","damage_taken":0,"max_hp_gain":0,"max_hp_loss":0,"event_name":"Falling","floor":46,"gold_loss":0}],"is_beta":false,"boss_relics":[{"not_picked":["White Beast Statue","Runic Pyramid"],"picked":"Snecko Eye"},{"not_picked":["Tiny House","Eternal Feather"],"picked":"Mark of Pain"}],"items_purged_floors":[2,20,39,41],"is_endless":false,"potions_floor_spawned":[3,5,14,16,21,24,25,29,30,33,35,44,48],"killed_by":"The Heart","ascension_level":2}