{"gold_per_floor":[117,18,18,37,50,83,83,99,122,152,8,8,8,41,41,41],"floor_reached":16,"playtime":568,"items_purged":["Dualcast"],"score":135,"play_id":"05411f7c-d6b6-4331-9e83-39799d2ef1f8","local_time":"20190731134707","is_ascension_mode":true,"campfire_choices":[{"data":"Storm","floor":7.0,"key":"SMITH"},{"floor":12,"key":"REST"},{"data":"Loop","floor":15,"key":"SMITH"}],"neow_cost":"NONE","seed_source_timestamp":246664606231667,"circlet_count":0,"master_deck":["Strike_B","Strike_B","Strike_B","Strike_B","Defend_B","Defend_B","Defend_B","Defend_B","Zap","Storm+1","Ball Lightning","Regret","Loop+1","Tempest","Skim","Force Field","Electrodynamics","BootSequence"],"special_seed":0,"relics":["Inserter","Bag of Marbles","Pen Nib","Regal Pillow","Bag of Preparation"],"potions_floor_usage":[16],"damage_taken":[{"damage":13.0,"enemies":"Jaw Worm","floor":1.0,"turns":5.0},{"damage":3.0,"enemies":"Cultist","floor":4.0,"turns":3.0},{"damage":6.0,"enemies":"Small Slimes","floor":5.0,"turns":4.0},{"damage":41.0,"enemies":"Gremlin Nob","floor":6.0,"turns":5.0},{"damage":5.0,"enemies":"2 Fungi Beasts","floor":8.0,"turns":4.0},{"damage":27,"enemies":"Lagavulin","floor":14,"turns":7},{"damage":18,"enemies":"Hexaghost","floor":16,"turns":7}],"seed_played":"-9198745021718240631","potions_obtained":[{"floor":1.0,"key":"GamblersBrew"},{"floor":4.0,"key":"Block Potion"}],"is_trial":false,"path_per_floor":["M","$","?","M","M","E","R","M","T","?","$","R","$","E","R","B"],"character_chosen":"DEFECT","items_purchased":["Ball Lightning","Electrodynamics"],"campfire_rested":1,"item_purchase_floors":[2,11],"current_hp_per_floor":[62,62,62,59,53,12,12,7,7,7,7,44,44,17,17,0],"gold":41,"neow_bonus":"BOSS_RELIC","is_prod":false,"is_daily":false,"chose_seed":false,"campfire_upgraded":2,"win_rate":0,"timestamp":1564552027,"path_taken":["M","$","?","M","M","E","R","M","T","?","$","R","?","E","R","BOSS"],"build_version":"2019-07-17","purchased_purges":1,"victory":false,"max_hp_per_floor":[75,75,75,75,75,75,75,75,75,75,75,75,75,75,75,75],"card_choices":[{"not_picked":["Fusion","Chaos"],"picked":"Storm","floor":1.0},{"not_picked":["Coolheaded","Stack"],"picked":"Loop","floor":4.0},{"not_picked":["Rebound","Sweeping Beam"],"picked":"Tempest","floor":5.0},{"not_picked":["Leap","Double Energy"],"picked":"Skim","floor":6.0},{"not_picked":["Conserve Battery","Barrage"],"picked":"Force Field","floor":8.0},{"not_picked":["Streamline","Gash"],"picked":"BootSequence","floor":14}],"player_experience":2092076,"relics_obtained":[{"floor":6.0,"key":"Pen Nib"},{"floor":9.0,"key":"Regal Pillow"},{"floor":14,"key":"Bag of Preparation"}],"event_choices":[{"damage_healed":0.0,"max_hp_gain":0.0,"max_hp_loss":0.0,"gold_gain":0.0,"event_name":"Big Fish","player_choice":"Box","floor":3.0,"gold_loss":0.0,"damage_taken":0.0,"relics_obtained":["Bag of Marbles"],"cards_obtained":["Regret"]},{"damage_healed":0,"gold_gain":30,"player_choice":"Searched \u00271\u0027 times","damage_taken":0,"max_hp_gain":0,"max_hp_loss":0,"event_name":"Dead Adventurer","floor":10,"gold_loss":0}],"is_beta":false,"boss_relics":[],"items_purged_floors":[2],"is_endless":false,"potions_floor_spawned":[1,4],"killed_by":"Hexaghost","ascension_level":5}