{"gold_per_floor":[115,127,59,209,284,310,310,310,310,310,328,328,340,19,19,92,92,103,123,48,48],"floor_reached":21,"playtime":654,"items_purged":["Strike_G"],"score":327,"play_id":"35d26b09-7f0e-49fe-b8e0-4543b1fce4e4","local_time":"20190730192218","is_ascension_mode":true,"campfire_choices":[{"data":"Noxious Fumes","floor":8,"key":"SMITH"},{"data":"Well Laid Plans","floor":10,"key":"SMITH"},{"floor":15,"key":"REST"}],"neow_cost":"NONE","seed_source_timestamp":327779481422189,"circlet_count":0,"master_deck":["AscendersBane","Strike_G","Strike_G","Strike_G","Defend_G","Defend_G","Defend_G","Defend_G","Defend_G","Survivor","Neutralize","Bouncing Flask","PiercingWail","Well Laid Plans+1","Doubt","Noxious Fumes+1","Bullet Time","Deadly Poison","PiercingWail","Apotheosis","A Thousand Cuts","Acrobatics"],"relics":["Ring of the Snake","Vajra","Gremlin Horn","Bag of Preparation","Runic Dome"],"potions_floor_usage":[11,12,21],"damage_taken":[{"damage":0,"enemies":"Cultist","floor":1,"turns":3},{"damage":0,"enemies":"2 Louse","floor":2,"turns":2},{"damage":28,"enemies":"Gremlin Nob","floor":6,"turns":5},{"damage":10,"enemies":"Small Slimes","floor":11,"turns":4},{"damage":0,"enemies":"3 Sentries","floor":12,"turns":4},{"damage":14,"enemies":"Gremlin Gang","floor":13,"turns":5},{"damage":1,"enemies":"Hexaghost","floor":16,"turns":9},{"damage":21,"enemies":"Chosen","floor":18,"turns":6},{"damage":34,"enemies":"Spheric Guardian","floor":19,"turns":5},{"damage":6,"enemies":"Snake Plant","floor":21,"turns":3}],"seed_played":"2867703966691438102","potions_obtained":[{"floor":1,"key":"SmokeBomb"},{"floor":11,"key":"Fruit Juice"},{"floor":18,"key":"Energy Potion"},{"floor":19,"key":"AttackPotion"}],"is_trial":false,"path_per_floor":["M","M","$","?","?","E","?","R","T","R","M","E","M","$","R","B",null,"M","M","$","M"],"character_chosen":"THE_SILENT","items_purchased":["Well Laid Plans","Apotheosis","Bag of Preparation"],"campfire_rested":1,"item_purchase_floors":[3,14,14],"current_hp_per_floor":[59,59,59,59,48,20,20,20,20,20,15,15,1,1,22,21,59,38,4,4,0],"gold":48,"neow_bonus":"RANDOM_COMMON_RELIC","is_prod":false,"is_daily":false,"chose_seed":false,"campfire_upgraded":2,"win_rate":0,"timestamp":1564528938,"path_taken":["M","M","$","?","?","E","?","R","T","R","M","E","?","$","R","BOSS","M","?","$","M"],"build_version":"2019-07-17","purchased_purges":1,"victory":false,"max_hp_per_floor":[66,66,66,66,66,66,66,66,66,66,71,71,71,71,71,71,71,71,71,71,71],"card_choices":[{"not_picked":["Outmaneuver","Dodge and Roll"],"picked":"Bouncing Flask","floor":1},{"not_picked":["Endless Agony","Bouncing Flask"],"picked":"PiercingWail","floor":2},{"not_picked":["Reflex","Tools of the Trade"],"picked":"Noxious Fumes","floor":6},{"not_picked":["Reflex","Deflect"],"picked":"Deadly Poison","floor":11},{"not_picked":["Flying Knee","Masterful Stab"],"picked":"PiercingWail","floor":13},{"not_picked":["Phantasmal Killer","Tools of the Trade"],"picked":"A Thousand Cuts","floor":16},{"not_picked":["Slice","Riddle With Holes","Flying Knee"],"picked":"SKIP","floor":18},{"not_picked":["Dagger Throw","Sucker Punch"],"picked":"Acrobatics","floor":19}],"player_experience":1607504,"relics_obtained":[{"floor":6,"key":"Gremlin Horn"}],"event_choices":[{"damage_healed":0,"gold_gain":150,"player_choice":"AGREE","damage_taken":0,"max_hp_gain":0,"max_hp_loss":0,"event_name":"Liars Game","floor":4,"gold_loss":0,"cards_obtained":["Doubt"]},{"damage_healed":0,"gold_gain":75,"player_choice":"Gather Gold","damage_taken":11,"max_hp_gain":0,"max_hp_loss":0,"event_name":"World of Goop","floor":5,"gold_loss":0},{"damage_healed":0,"gold_gain":0,"cards_transformed":["Strike_G"],"player_choice":"Transformed","damage_taken":0,"max_hp_gain":0,"max_hp_loss":0,"event_name":"Transmorgrifier","floor":7,"gold_loss":0,"cards_obtained":["Bullet Time"]}],"is_beta":false,"boss_relics":[{"not_picked":["HoveringKite","Lizard Tail"],"picked":"Runic Dome"}],"items_purged_floors":[20],"is_endless":false,"potions_floor_spawned":[1,11,18,19],"killed_by":"Snake Plant","ascension_level":15}