{"gold_per_floor":[117,117,131,148,148,180,180,160,183,17,44,44,69,85,85,160,160,174,74,85,85,85,85,105,105,158,158,158,170,3,15,15,91,91,104,104,104,122,222,257,257,292,292,292,310,18,46,71,71,71,71,71,71,16,43,43],"floor_reached":56,"playtime":2520,"items_purged":["Strike_B","Strike_B","Defend_B","Defend_B"],"score":2483,"play_id":"4831355f-9df2-493c-99fe-e5b1c20b282a","local_time":"20190621121846","is_ascension_mode":true,"campfire_choices":[{"data":"Dualcast","floor":7.0,"key":"SMITH"},{"data":"Redo","floor":12.0,"key":"SMITH"},{"data":"Zap","floor":15.0,"key":"SMITH"},{"data":"Coolheaded","floor":23.0,"key":"SMITH"},{"data":"Capacitor","floor":25.0,"key":"SMITH"},{"data":"Skim","floor":27.0,"key":"SMITH"},{"data":"Defragment","floor":32.0,"key":"SMITH"},{"data":"Heatsinks","floor":41.0,"key":"SMITH"},{"data":"Buffer","floor":44.0,"key":"SMITH"},{"floor":49.0,"key":"RECALL"},{"data":"Seek","floor":53.0,"key":"SMITH"}],"neow_cost":"NONE","seed_source_timestamp":1628047734017729,"circlet_count":0,"master_deck":["AscendersBane","Defend_B","Zap+1","Dualcast+1","Compile Driver","Heatsinks","Reinforced Body","Core Surge","Redo+1","Heatsinks+1","Cold Snap","BootSequence","Meteor Strike","Coolheaded+1","Skim+1","Steam","Go for the Eyes","Capacitor+1","Meteor Strike","Defragment+1","Buffer+1","Biased Cognition","Core Surge","Seek+1"],"special_seed":0,"relics":["Cracked Core","NeowsBlessing","Pen Nib","Art of War","WingedGreaves","Matryoshka","Snecko Eye","Kunai","Singing Bowl","Orichalcum","Potion Belt","Philosopher\u0027s Stone","Thread and Needle","Bronze Scales","Anchor","Letter Opener","Toxic Egg 2","Emotion Chip"],"potions_floor_usage":[56,56],"damage_taken":[{"damage":0.0,"enemies":"Small Slimes","floor":1.0,"turns":1.0},{"damage":0.0,"enemies":"Cultist","floor":3.0,"turns":1.0},{"damage":0.0,"enemies":"Jaw Worm","floor":4.0,"turns":1.0},{"damage":40.0,"enemies":"3 Sentries","floor":6.0,"turns":8.0},{"damage":0.0,"enemies":"Gremlin Nob","floor":11.0,"turns":3.0},{"damage":19.0,"enemies":"3 Sentries","floor":13.0,"turns":6.0},{"damage":0.0,"enemies":"Looter","floor":14.0,"turns":2.0},{"damage":6.0,"enemies":"Hexaghost","floor":16.0,"turns":9.0},{"damage":3.0,"enemies":"3 Byrds","floor":18.0,"turns":5.0},{"damage":1.0,"enemies":"2 Thieves","floor":20.0,"turns":3.0},{"damage":16.0,"enemies":"3 Cultists","floor":24.0,"turns":5.0},{"damage":18.0,"enemies":"Snake Plant","floor":29.0,"turns":4.0},{"damage":8.0,"enemies":"Centurion and Healer","floor":31.0,"turns":5.0},{"damage":0.0,"enemies":"Automaton","floor":33.0,"turns":6.0},{"damage":0.0,"enemies":"Orb Walker","floor":35.0,"turns":2.0},{"damage":0.0,"enemies":"3 Darklings","floor":38.0,"turns":3.0},{"damage":0.0,"enemies":"Mind Bloom Boss Battle","floor":39.0,"turns":4.0},{"damage":0.0,"enemies":"Giant Head","floor":40.0,"turns":4.0},{"damage":0.0,"enemies":"Nemesis","floor":42.0,"turns":6.0},{"damage":5.0,"enemies":"4 Shapes","floor":45.0,"turns":3.0},{"damage":0.0,"enemies":"Reptomancer","floor":47.0,"turns":4.0},{"damage":0.0,"enemies":"Nemesis","floor":48.0,"turns":5.0},{"damage":0.0,"enemies":"Awakened One","floor":50.0,"turns":7.0},{"damage":38.0,"enemies":"Time Eater","floor":51.0,"turns":11.0},{"damage":46.0,"enemies":"Shield and Spear","floor":55.0,"turns":5.0},{"damage":70,"enemies":"The Heart","floor":56,"turns":2}],"seed_played":"-5896849109363655879","potions_obtained":[{"floor":3.0,"key":"Energy Potion"},{"floor":6.0,"key":"SkillPotion"},{"floor":8.0,"key":"Fruit Juice"},{"floor":11.0,"key":"Block Potion"},{"floor":13.0,"key":"Energy Potion"},{"floor":16.0,"key":"AttackPotion"},{"floor":20.0,"key":"Regen Potion"},{"floor":24.0,"key":"FearPotion"},{"floor":31.0,"key":"GamblersBrew"},{"floor":38.0,"key":"SteroidPotion"},{"floor":47.0,"key":"Weak Potion"},{"floor":48.0,"key":"SkillPotion"}],"is_trial":false,"path_per_floor":["M","?","M","M","?","E","R","?","T","$","E","R","E","M","R","B",null,"M","$","M","T","?","R","M","R","T","R","?","M","$","M","R","B",null,"M","?","?","M","?","E","R","E","T","R","M","$","E","E","R","B","B",null,"R","$","E","B"],"character_chosen":"DEFECT","items_purchased":["Redo","Heatsinks","Defragment","Core Surge","SkillPotion","Strength Potion"],"campfire_rested":0,"item_purchase_floors":[10,10,30,46,46,54],"current_hp_per_floor":[64,64,64,64,64,24,24,29,29,29,29,29,10,10,10,4,58,55,55,54,54,54,54,50,50,50,50,50,34,34,28,28,28,67,69,69,69,71,73,75,75,75,75,75,72,72,72,74,74,74,36,78,78,78,34,0],"gold":43,"neow_bonus":"THREE_ENEMY_KILL","is_prod":false,"is_daily":false,"chose_seed":false,"campfire_upgraded":10,"win_rate":0,"timestamp":1561090726,"path_taken":["M","?","M","?","?","E","R","?","T","$","E","R","E","M","R","BOSS","M","?","?","?","?","R","M","R","T","R","?","M","$","M","R","BOSS","M","?","?","?","?","E","R","E","T","R","M","$","E","E","R","BOSS","BOSS","R","$","E","BOSS"],"build_version":"2019-01-23","purchased_purges":4,"victory":false,"max_hp_per_floor":[71,71,71,71,71,71,71,76,76,76,76,76,76,76,76,76,76,76,76,76,76,76,76,76,76,76,76,76,78,78,80,80,80,80,82,82,82,84,86,88,88,88,88,88,90,90,90,92,92,92,92,92,92,92,94,94],"card_choices":[{"not_picked":["Sweeping Beam","Conserve Battery"],"picked":"Darkness","floor":1.0},{"not_picked":["Rebound","Hello World"],"picked":"Compile Driver","floor":3.0},{"not_picked":["Hologram","Rainbow"],"picked":"Heatsinks","floor":4.0},{"not_picked":["Blizzard","Cold Snap"],"picked":"Core Surge","floor":6.0},{"not_picked":["Go for the Eyes","Beam Cell"],"picked":"Cold Snap","floor":11.0},{"not_picked":["Barrage","Leap","Go for the Eyes"],"picked":"SKIP","floor":13.0},{"not_picked":["Cold Snap","Go for the Eyes"],"picked":"BootSequence","floor":14.0},{"not_picked":["Fission","Buffer"],"picked":"Meteor Strike","floor":16.0},{"not_picked":["Force Field","Sweeping Beam"],"picked":"Coolheaded","floor":18.0},{"not_picked":["Scrape","Leap"],"picked":"Skim","floor":20.0},{"not_picked":["Ball Lightning","Gash"],"picked":"Capacitor","floor":24.0},{"not_picked":["Cold Snap","Streamline","Amplify"],"picked":"Singing Bowl","floor":29.0},{"not_picked":["Gash+1","Static Discharge","Barrage"],"picked":"Singing Bowl","floor":31.0},{"not_picked":["Reboot","Seek"],"picked":"Buffer","floor":33.0},{"not_picked":["Gash","Reprogram","Barrage"],"picked":"Singing Bowl","floor":35.0},{"not_picked":["Gash","Stack","Go for the Eyes+1"],"picked":"Singing Bowl","floor":38.0},{"not_picked":["Steam","Gash","Rebound"],"picked":"Singing Bowl","floor":39.0},{"not_picked":["Blizzard","Auto Shields","Rebound+1"],"picked":"Singing Bowl","floor":40.0},{"not_picked":["Barrage","Steam"],"picked":"Biased Cognition","floor":42.0},{"not_picked":["Steam","Barrage","Redo"],"picked":"Singing Bowl","floor":45.0},{"not_picked":["Streamline+1","Go for the Eyes+1"],"picked":"Seek","floor":47.0},{"not_picked":["Stack","Streamline","Conserve Battery"],"picked":"Singing Bowl","floor":48.0},{"not_picked":["Lockon","Melter","Steam Power+1"],"picked":"Singing Bowl","floor":55.0}],"player_experience":1944242,"relics_obtained":[{"floor":6.0,"key":"Pen Nib"},{"floor":9.0,"key":"Art of War"},{"floor":11.0,"key":"WingedGreaves"},{"floor":13.0,"key":"Matryoshka"},{"floor":21.0,"key":"Kunai"},{"floor":21.0,"key":"Singing Bowl"},{"floor":26.0,"key":"Orichalcum"},{"floor":26.0,"key":"Potion Belt"},{"floor":39.0,"key":"Thread and Needle"},{"floor":40.0,"key":"Bronze Scales"},{"floor":42.0,"key":"Anchor"},{"floor":47.0,"key":"Letter Opener"},{"floor":48.0,"key":"Toxic Egg 2"},{"floor":55.0,"key":"Emotion Chip"}],"event_choices":[{"damage_healed":0.0,"max_hp_gain":0.0,"max_hp_loss":0.0,"gold_gain":0.0,"event_name":"Upgrade Shrine","player_choice":"Upgraded","floor":2.0,"gold_loss":0.0,"damage_taken":0.0,"cards_upgraded":["Darkness"]},{"damage_healed":0.0,"max_hp_gain":0.0,"max_hp_loss":0.0,"gold_gain":0.0,"cards_transformed":["Strike_B"],"event_name":"Living Wall","player_choice":"Change","floor":5.0,"gold_loss":0.0,"damage_taken":0.0,"cards_obtained":["Reinforced Body"]},{"damage_healed":0.0,"max_hp_gain":0.0,"max_hp_loss":0.0,"gold_gain":0.0,"event_name":"The Woman in Blue","player_choice":"Bought 1 Potion","floor":8.0,"gold_loss":0.0,"damage_taken":0.0},{"damage_healed":0.0,"max_hp_gain":0.0,"max_hp_loss":0.0,"gold_gain":0.0,"cards_transformed":["Strike_B","Defend_B"],"event_name":"Drug Dealer","player_choice":"Became Test Subject","floor":22.0,"gold_loss":0.0,"damage_taken":0.0,"cards_obtained":["Steam","Go for the Eyes"]},{"damage_healed":0.0,"max_hp_gain":0.0,"max_hp_loss":0.0,"gold_gain":0.0,"event_name":"Duplicator","player_choice":"Copied","floor":28.0,"gold_loss":0.0,"damage_taken":0.0,"cards_obtained":["Meteor Strike"]},{"cards_removed":["Darkness"],"damage_healed":0.0,"max_hp_gain":0.0,"max_hp_loss":0.0,"gold_gain":0.0,"event_name":"Falling","player_choice":"Removed Skill","floor":36.0,"gold_loss":0.0,"damage_taken":0.0},{"damage_healed":0.0,"max_hp_gain":0.0,"max_hp_loss":0.0,"gold_gain":0.0,"event_name":"SecretPortal","player_choice":"Ignored","floor":37.0,"gold_loss":0.0,"damage_taken":0.0},{"damage_healed":0.0,"max_hp_gain":0.0,"max_hp_loss":0.0,"gold_gain":0.0,"event_name":"MindBloom","player_choice":"Fight","floor":39.0,"gold_loss":0.0,"damage_taken":0.0}],"is_beta":false,"boss_relics":[{"not_picked":["Tiny House","Calling Bell"],"picked":"Snecko Eye"},{"not_picked":["Orrery","Lizard Tail"],"picked":"Philosopher\u0027s Stone"}],"items_purged_floors":[10,19,30,46],"is_endless":false,"potions_floor_spawned":[3,6,11,13,16,20,24,31,38,47,48],"killed_by":"The Heart","ascension_level":20}