{"gold_per_floor":[367,367,29,29,48,48,79,97,97,19,39,39,52,68,68,68],"floor_reached":16,"playtime":1158,"items_purged":[],"score":102,"play_id":"498e10ea-297f-45ef-91bc-3bd86c051d5b","local_time":"20190727220758","is_ascension_mode":false,"campfire_choices":[{"floor":6,"key":"REST"},{"floor":12,"key":"REST"},{"floor":15,"key":"REST"}],"neow_cost":"PERCENT_DAMAGE","seed_source_timestamp":165689718337400,"circlet_count":0,"master_deck":["Strike_G","Strike_G","Strike_G","Strike_G","Defend_G","Defend_G","Defend_G","Defend_G","Defend_G","Survivor","Neutralize","Slice","Metamorphosis","Poisoned Stab","Deadly Poison","Dagger Throw","Pain","Riddle With Holes","Tactician","Dagger Spray","Poisoned Stab","Deadly Poison","Deflect","Finisher","Deadly Poison"],"relics":["Ring of the Snake","WarpedTongs","Meat on the Bone","Potion Belt"],"potions_floor_usage":[7,7,16],"damage_taken":[{"damage":9,"enemies":"Jaw Worm","floor":1,"turns":7},{"damage":11,"enemies":"Small Slimes","floor":5,"turns":3},{"damage":24,"enemies":"3 Sentries","floor":7,"turns":6},{"damage":4,"enemies":"Cultist","floor":8,"turns":3},{"damage":18,"enemies":"Gremlin Gang","floor":11,"turns":4},{"damage":6,"enemies":"Exordium Thugs","floor":13,"turns":4},{"damage":26,"enemies":"Exordium Wildlife","floor":14,"turns":4},{"damage":44,"enemies":"The Guardian","floor":16,"turns":5}],"seed_played":"-1018680621542313721","potions_obtained":[{"floor":5,"key":"Ancient Potion"},{"floor":14,"key":"PowerPotion"}],"is_trial":false,"path_per_floor":["M","?","$","?","M","R","E","M","T","$","M","R","M","M","R","B"],"character_chosen":"THE_SILENT","items_purchased":["Metamorphosis","Poisoned Stab","Deadly Poison","Dagger Throw","Energy Potion","Poisoned Stab","Deadly Poison"],"campfire_rested":3,"item_purchase_floors":[3,3,3,3,3,10,10],"current_hp_per_floor":[40,33,33,33,22,43,19,27,27,27,21,42,36,22,43,0],"gold":68,"neow_bonus":"TWO_FIFTY_GOLD","is_prod":false,"is_daily":false,"chose_seed":false,"campfire_upgraded":0,"win_rate":0.0,"timestamp":1564283278,"path_taken":["M","?","$","?","M","R","E","M","T","$","?","R","M","M","R","BOSS"],"build_version":"2019-07-17","purchased_purges":0,"victory":false,"max_hp_per_floor":[70,70,70,70,70,70,70,70,70,70,70,70,70,70,70,70],"card_choices":[{"not_picked":["Flying Knee","Infinite Blades"],"picked":"Slice","floor":1},{"not_picked":["Cloak And Dagger","Infinite Blades"],"picked":"Riddle With Holes","floor":5},{"not_picked":["Flechettes","Choke"],"picked":"Tactician","floor":7},{"not_picked":["Deadly Poison","Blur"],"picked":"Dagger Spray","floor":8},{"not_picked":["Underhanded Strike","Dagger Throw"],"picked":"Deflect","floor":11},{"not_picked":["Sucker Punch","Reflex"],"picked":"Finisher","floor":13},{"not_picked":["Finisher","Terror"],"picked":"Deadly Poison","floor":14}],"player_experience":165022,"relics_obtained":[{"floor":7,"key":"Meat on the Bone"},{"floor":9,"key":"Potion Belt"}],"event_choices":[{"cards_removed":["Strike_G"],"damage_healed":0,"gold_gain":0,"player_choice":"Card Removal","damage_taken":7,"max_hp_gain":0,"max_hp_loss":0,"event_name":"Golden Wing","floor":2,"gold_loss":0},{"damage_healed":0,"gold_gain":0,"player_choice":"Rummage","damage_taken":0,"relics_obtained":["WarpedTongs"],"max_hp_gain":0,"max_hp_loss":0,"event_name":"Accursed Blacksmith","floor":4,"gold_loss":0,"cards_obtained":["Pain"]}],"is_beta":false,"boss_relics":[],"items_purged_floors":[],"is_endless":false,"potions_floor_spawned":[5,14],"killed_by":"The Guardian","ascension_level":0}