{"gold_per_floor":[109,70,87,87,87,114,141,173,225,241,275,275,307,330,330,426,426,444,456,456,456,456,481,481,512,535,545,559,331,331],"floor_reached":30,"playtime":2580,"items_purged":[],"score":424,"play_id":"cbc3a1f4-d7e1-4596-a179-978456942f45","local_time":"20180723022758","is_ascension_mode":true,"campfire_choices":[{"floor":12,"key":"REST"},{"data":"Noxious Fumes","floor":15,"key":"SMITH"},{"data":"Footwork","floor":24,"key":"SMITH"}],"neow_cost":"","seed_source_timestamp":126867979692828,"circlet_count":0,"master_deck":["Defend_G","Defend_G+1","Defend_G","Defend_G","Defend_G","Strike_G+1","Strike_G+1","Strike_G","Strike_G+1","Survivor","Neutralize","Dagger Throw","Infinite Blades","Leg Sweep+1","Footwork+1","Cloak And Dagger","Deflect+1","Noxious Fumes+1","Backflip","Caltrops","After Image","Cloak And Dagger+1","Terror","Cloak And Dagger","Slice+1","Bouncing Flask+1","Backflip","Dodge and Roll"],"relics":["Ring of the Snake","Strawberry","Odd Mushroom","Vajra","Boot","Whetstone","Snake Skull","Black Star","Nloth\u0027s Gift","Regal Pillow","Bag of Preparation","Lantern","Pen Nib","War Paint","HandDrill"],"potions_floor_usage":[6,7,10,11,19,23,28,30],"damage_taken":[{"damage":0,"enemies":"Small Slimes","floor":1,"turns":3},{"damage":0,"enemies":"Cultist","floor":3,"turns":3},{"damage":11,"enemies":"3 Sentries","floor":6,"turns":8},{"damage":27,"floor":7,"turns":7},{"damage":24,"enemies":"Gremlin Nob","floor":8,"turns":7},{"damage":0,"enemies":"2 Louse","floor":10,"turns":5},{"damage":0,"enemies":"Lagavulin","floor":11,"turns":8},{"damage":6,"enemies":"3 Sentries","floor":13,"turns":7},{"damage":5,"enemies":"The Guardian","floor":16,"turns":11},{"damage":20,"enemies":"Spheric Guardian","floor":18,"turns":6},{"damage":2,"enemies":"Shell Parasite","floor":19,"turns":5},{"damage":50,"enemies":"Slavers","floor":23,"turns":9},{"damage":21,"enemies":"Gremlin Leader","floor":25,"turns":9},{"damage":6,"enemies":"Snake Plant","floor":27,"turns":3},{"damage":10,"enemies":"Slaver and Parasite","floor":28,"turns":7},{"damage":5,"enemies":"Centurion and Healer","floor":30,"turns":3}],"seed_played":"7713527977033625720","potions_obtained":[{"floor":3,"key":"Explosive Potion"},{"floor":6,"key":"Fruit Juice"},{"floor":7,"key":"Energy Potion"},{"floor":8,"key":"GamblersBrew"},{"floor":13,"key":"SpeedPotion"},{"floor":16,"key":"SneckoOil"},{"floor":18,"key":"Ancient Potion"},{"floor":25,"key":"GhostInAJar"},{"floor":28,"key":"PowerPotion"}],"is_trial":false,"path_per_floor":["M","$","M","?","?","E","?","E","T","M","E","R","E","T","R","B",null,"M","M","?","?","?","E","R","E","T","M","M","$"],"character_chosen":"THE_SILENT","items_purchased":["Infinite Blades","Dodge and Roll","HandDrill"],"campfire_rested":1,"item_purchase_floors":[2,29,29],"current_hp_per_floor":[70,70,70,70,56,52,30,6,6,6,6,30,24,24,24,19,66,46,44,44,44,92,42,42,21,21,15,5,5,0],"gold":331,"neow_bonus":"","is_prod":false,"is_daily":false,"chose_seed":false,"campfire_upgraded":2,"win_rate":0,"timestamp":1532327278,"path_taken":["M","$","M","?","?","E","?","E","T","M","E","R","E","?","R","BOSS","M","M","?","?","?","E","R","E","T","M","M","$","M"],"build_version":"2018-07-19v2","purchased_purges":0,"victory":false,"max_hp_per_floor":[70,70,70,70,70,77,82,82,82,82,82,82,82,82,82,82,82,82,82,82,82,92,92,92,92,92,92,92,92,92],"card_choices":[{"not_picked":["Flying Knee","Concentrate"],"picked":"Dagger Throw","floor":1},{"not_picked":["Distraction","Masterful Stab"],"picked":"Leg Sweep","floor":3},{"not_picked":["Dash","Calculated Gamble"],"picked":"Cloak And Dagger","floor":6},{"not_picked":["Acrobatics","Poisoned Stab"],"picked":"Deflect","floor":7},{"not_picked":["Skewer","Slice"],"picked":"Noxious Fumes","floor":8},{"not_picked":["Prepared","Underhanded Strike"],"picked":"Backflip","floor":10},{"not_picked":["Flying Knee","Expertise"],"picked":"Caltrops","floor":11},{"not_picked":["Prepared","PiercingWail"],"picked":"Night Terror","floor":13},{"not_picked":["Grand Finale","Envenom"],"picked":"After Image","floor":16},{"not_picked":["Outmaneuver+1","Flying Knee"],"picked":"Cloak And Dagger+1","floor":18},{"not_picked":["Poisoned Stab","Cloak And Dagger"],"picked":"Terror","floor":19},{"not_picked":["Dodge and Roll","Night Terror"],"picked":"Slice+1","floor":23},{"not_picked":["Cloak And Dagger+1","Quick Slash"],"picked":"Bouncing Flask+1","floor":25},{"not_picked":["After Image","Caltrops"],"picked":"Backflip","floor":27},{"not_picked":["Prepared","Acrobatics","Dagger Spray"],"picked":"SKIP","floor":28}],"player_experience":255768,"relics_obtained":[{"floor":6,"key":"Strawberry"},{"floor":7,"key":"Odd Mushroom"},{"floor":8,"key":"Vajra"},{"floor":9,"key":"Boot"},{"floor":11,"key":"Whetstone"},{"floor":13,"key":"Juzu Bracelet"},{"floor":14,"key":"Snake Skull"},{"floor":23,"key":"Regal Pillow"},{"floor":23,"key":"Bag of Preparation"},{"floor":25,"key":"Lantern"},{"floor":25,"key":"Pen Nib"},{"floor":26,"key":"War Paint"}],"event_choices":[{"event_name":"Transmorgrifier","player_choice":"Transform","floor":4,"damage_taken":0},{"event_name":"Shining Light","player_choice":"Entered Light","floor":5,"damage_taken":0},{"event_name":"Mushrooms","player_choice":"Fought Mushrooms","floor":7,"damage_taken":0},{"event_name":"N\u0027loth","player_choice":"Traded a Juzu Bracelet","floor":20,"damage_taken":0},{"event_name":"The Library","player_choice":"Read","floor":21,"damage_taken":0},{"event_name":"Bonfire Elementals","player_choice":"RARE","floor":22,"damage_taken":0}],"is_beta":false,"boss_relics":[{"not_picked":["Empty Cage","Tiny House"],"picked":"Black Star"}],"items_purged_floors":[],"is_endless":false,"potions_floor_spawned":[3,6,7,8,13,16,18,25,28],"killed_by":"Centurion and Healer","ascension_level":5}