{"gold_per_floor":[119,61,61,74,74,74,100,25,98,173,187,222,222,222,222,299,299,312,330,348,362,376,376,376,376,676,676,676,341,341,391,391,469,469,480,33,0,0,14,47,47,147,200,63,63,63,63,74,74,74,74,74,74,17,44,44],"floor_reached":56,"playtime":2153,"items_purged":["Strike_B","Writhe","Defend_B"],"score":1854,"play_id":"3469e51b-fbdc-433b-bf8d-febf5f6bf76c","local_time":"20190721170633","is_ascension_mode":true,"campfire_choices":[{"data":"Zap","floor":6.0,"key":"SMITH"},{"data":"Chaos","floor":13.0,"key":"SMITH"},{"data":"Recycle","floor":15.0,"key":"SMITH"},{"data":"Heatsinks","floor":23.0,"key":"SMITH"},{"data":"Dualcast","floor":25.0,"key":"SMITH"},{"data":"Defragment","floor":28.0,"key":"SMITH"},{"data":"Defragment","floor":30.0,"key":"SMITH"},{"floor":32.0,"key":"REST"},{"data":"Coolheaded","floor":41.0,"key":"SMITH"},{"floor":45.0,"key":"REST"},{"floor":49.0,"key":"RECALL"},{"floor":53.0,"key":"REST"}],"neow_cost":"NONE","seed_source_timestamp":254250050496873,"circlet_count":0,"master_deck":["AscendersBane","Defend_B","Zap+1","Dualcast+1","Cold Snap","Coolheaded+1","Compile Driver","Blizzard","Chaos+1","Recycle+1","Seek+1","Heatsinks+1","Defragment+1","Biased Cognition","Compile Driver","Hologram","Electrodynamics","Defragment+1","Conserve Battery","Echo Form","Electrodynamics+1","Skim+1","Auto Shields+1","Capacitor","Fission"],"special_seed":0,"relics":["Cracked Core","NeowsBlessing","Singing Bowl","Ornamental Fan","Strawberry","Orrery","Old Coin","Juzu Bracelet","Astrolabe","Sundial","Red Mask","WingedGreaves","FossilizedHelix","Letter Opener"],"potions_floor_usage":[56],"damage_taken":[{"damage":0.0,"enemies":"Jaw Worm","floor":1.0,"turns":1.0},{"damage":0.0,"enemies":"2 Louse","floor":4.0,"turns":1.0},{"damage":0.0,"enemies":"Lagavulin","floor":7.0,"turns":1.0},{"damage":8.0,"enemies":"Small Slimes","floor":11.0,"turns":3.0},{"damage":7.0,"enemies":"3 Sentries","floor":12.0,"turns":7.0},{"damage":13.0,"enemies":"The Guardian","floor":16.0,"turns":11.0},{"damage":12.0,"enemies":"Spheric Guardian","floor":18.0,"turns":5.0},{"damage":0.0,"enemies":"Chosen","floor":19.0,"turns":3.0},{"damage":18.0,"enemies":"Snecko","floor":20.0,"turns":5.0},{"damage":16.0,"enemies":"Centurion and Healer","floor":21.0,"turns":7.0},{"damage":13.0,"enemies":"Snake Plant","floor":22.0,"turns":4.0},{"damage":21.0,"enemies":"Collector","floor":33.0,"turns":8.0},{"damage":20.0,"enemies":"3 Shapes","floor":35.0,"turns":3.0},{"damage":20.0,"enemies":"3 Darklings","floor":39.0,"turns":4.0},{"damage":12.0,"enemies":"Giant Head","floor":40.0,"turns":7.0},{"damage":16.0,"enemies":"Mind Bloom Boss Battle","floor":42.0,"turns":6.0},{"damage":0.0,"enemies":"Sphere and 2 Shapes","floor":48.0,"turns":3.0},{"damage":6.0,"enemies":"Donu and Deca","floor":50.0,"turns":5.0},{"damage":27.0,"enemies":"Awakened One","floor":51.0,"turns":5.0},{"damage":52.0,"enemies":"Shield and Spear","floor":55.0,"turns":4.0},{"damage":39,"enemies":"The Heart","floor":56,"turns":5}],"seed_played":"-2438440461348908870","potions_obtained":[{"floor":7.0,"key":"Poison Potion"},{"floor":11.0,"key":"AttackPotion"},{"floor":12.0,"key":"SpeedPotion"},{"floor":18.0,"key":"AttackPotion"},{"floor":21.0,"key":"Dexterity Potion"},{"floor":42.0,"key":"SteroidPotion"}],"is_trial":false,"path_per_floor":["M","$","?","M","?","R","E","$","T","?","M","E","R","?","R","B",null,"M","M","M","M","M","R","?","R","T","?","R","$","R","?","R","B",null,"M","$","?","?","M","E","R","?","T","$","R","?","?","M","R","B","B",null,"R","$","E","B"],"character_chosen":"DEFECT","items_purchased":["Coolheaded","Regen Potion","Defragment","Conserve Battery","Weak Potion","Sundial","Capacitor","Ancient Potion","Block Potion","Energy Potion"],"campfire_rested":3,"item_purchase_floors":[2,29,29,29,29,36,36,44,44,54],"current_hp_per_floor":[64,64,43,43,43,43,43,43,43,32,26,26,26,26,26,13,65,53,55,37,21,10,10,10,10,10,10,10,10,10,10,35,29,72,54,54,54,54,36,26,26,12,12,12,39,39,39,41,41,35,8,71,92,92,40,1],"gold":44,"neow_bonus":"THREE_ENEMY_KILL","is_prod":false,"is_daily":false,"chose_seed":false,"campfire_upgraded":8,"win_rate":0,"timestamp":1563699993,"path_taken":["M","$","?","M","?","R","E","$","T","?","?","E","R","?","R","BOSS","M","M","M","M","M","R","?","R","T","?","R","$","R","?","R","BOSS","M","$","?","?","M","E","R","?","T","$","R","?","?","M","R","BOSS","BOSS","R","$","E","BOSS"],"build_version":"2019-07-17","purchased_purges":3,"victory":false,"max_hp_per_floor":[71,71,71,71,71,71,71,71,71,71,73,80,80,80,80,80,82,82,84,84,84,86,86,86,86,86,86,86,86,86,86,86,86,86,88,88,88,84,86,88,88,90,90,90,90,90,90,92,92,92,92,92,92,92,92,92],"card_choices":[{"not_picked":["Compile Driver","Auto Shields"],"picked":"Cold Snap","floor":1.0},{"not_picked":["Auto Shields","Gash"],"picked":"Compile Driver","floor":4.0},{"not_picked":["Loop","Sweeping Beam"],"picked":"Chaos","floor":7.0},{"not_picked":["Steam Power","Leap","Cold Snap"],"picked":"Singing Bowl","floor":11.0},{"not_picked":["Coolheaded","Compile Driver"],"picked":"Recycle","floor":12.0},{"not_picked":["Hyperbeam","Amplify"],"picked":"Seek","floor":16.0},{"not_picked":["Beam Cell","Rebound"],"picked":"Heatsinks","floor":17.0},{"not_picked":["Conserve Battery","Sweeping Beam","Cold Snap"],"picked":"Singing Bowl","floor":17.0},{"not_picked":["Chill","Rebound"],"picked":"Darkness","floor":17.0},{"not_picked":["Barrage","Rip and Tear"],"picked":"Defragment","floor":17.0},{"not_picked":["Chaos","Conserve Battery"],"picked":"Biased Cognition","floor":17.0},{"not_picked":["Steam","Beam Cell"],"picked":"Compile Driver","floor":18.0},{"not_picked":["Barrage","Beam Cell","Compile Driver"],"picked":"Singing Bowl","floor":19.0},{"not_picked":["Coolheaded","Cold Snap"],"picked":"Hologram","floor":20.0},{"not_picked":["Redo","Go for the Eyes"],"picked":"Electrodynamics","floor":21.0},{"not_picked":["Barrage","Melter","Stack"],"picked":"Singing Bowl","floor":22.0},{"not_picked":["Biased Cognition","Electrodynamics"],"picked":"Echo Form","floor":33.0},{"not_picked":["Coolheaded","Conserve Battery","Go for the Eyes"],"picked":"Singing Bowl","floor":35.0},{"not_picked":["FTL","Sweeping Beam","Reinforced Body"],"picked":"Singing Bowl","floor":39.0},{"not_picked":["Barrage","Auto Shields+1","Cold Snap+1"],"picked":"Singing Bowl","floor":40.0},{"not_picked":["Ball Lightning","Sunder+1","Steam"],"picked":"Singing Bowl","floor":42.0},{"not_picked":["Coolheaded","Redo","Gash"],"picked":"Singing Bowl","floor":48.0},{"not_picked":["BootSequence","Rebound"],"picked":"Fission","floor":55.0}],"player_experience":2054236,"relics_obtained":[{"floor":7.0,"key":"Singing Bowl"},{"floor":9.0,"key":"Ornamental Fan"},{"floor":12.0,"key":"Strawberry"},{"floor":26.0,"key":"Old Coin"},{"floor":40.0,"key":"WingedGreaves"},{"floor":42.0,"key":"FossilizedHelix"},{"floor":55.0,"key":"Letter Opener"}],"event_choices":[{"damage_healed":0.0,"max_hp_gain":0.0,"max_hp_loss":0.0,"gold_gain":0.0,"event_name":"Shining Light","player_choice":"Entered Light","floor":3.0,"gold_loss":0.0,"damage_taken":21.0,"cards_upgraded":["Strike_B","Strike_B"]},{"damage_healed":0.0,"max_hp_gain":0.0,"max_hp_loss":0.0,"gold_gain":0.0,"cards_transformed":["Strike_B"],"event_name":"Living Wall","player_choice":"Change","floor":5.0,"gold_loss":0.0,"damage_taken":0.0,"cards_obtained":["Blizzard"]},{"damage_healed":0.0,"max_hp_gain":0.0,"max_hp_loss":0.0,"gold_gain":75.0,"event_name":"World of Goop","player_choice":"Gather Gold","floor":10.0,"gold_loss":0.0,"damage_taken":11.0},{"damage_healed":0.0,"max_hp_gain":0.0,"max_hp_loss":0.0,"gold_gain":0.0,"event_name":"Liars Game","player_choice":"Ignored","floor":14.0,"gold_loss":0.0,"damage_taken":0.0},{"cards_removed":["Strike_B"],"damage_healed":0.0,"max_hp_gain":0.0,"max_hp_loss":0.0,"gold_gain":0.0,"event_name":"Back to Basics","player_choice":"Elegance","floor":24.0,"gold_loss":0.0,"damage_taken":0.0},{"damage_healed":0.0,"max_hp_gain":0.0,"max_hp_loss":0.0,"gold_gain":0.0,"event_name":"The Mausoleum","player_choice":"Opened","floor":27.0,"gold_loss":0.0,"damage_taken":0.0,"relics_obtained":["Juzu Bracelet"],"cards_obtained":["Writhe"]},{"damage_healed":0.0,"max_hp_gain":0.0,"max_hp_loss":0.0,"gold_gain":50.0,"event_name":"Nest","player_choice":"Stole From Cult","floor":31.0,"gold_loss":0.0,"damage_taken":0.0},{"damage_healed":0.0,"max_hp_gain":0.0,"max_hp_loss":0.0,"gold_gain":0.0,"event_name":"Tomb of Lord Red Mask","player_choice":"Paid","floor":37.0,"gold_loss":33.0,"damage_taken":0.0,"relics_obtained":["Red Mask"]},{"damage_healed":0.0,"max_hp_gain":0.0,"max_hp_loss":4.0,"gold_gain":0.0,"event_name":"Winding Halls","player_choice":"Max HP","floor":38.0,"gold_loss":0.0,"damage_taken":0.0},{"damage_healed":0.0,"max_hp_gain":0.0,"max_hp_loss":0.0,"gold_gain":0.0,"event_name":"MindBloom","player_choice":"Fight","floor":42.0,"gold_loss":0.0,"damage_taken":0.0},{"cards_removed":["Darkness"],"damage_healed":0.0,"max_hp_gain":0.0,"max_hp_loss":0.0,"gold_gain":0.0,"event_name":"Wheel of Change","player_choice":"Card Removal","floor":46.0,"gold_loss":0.0,"damage_taken":0.0},{"damage_healed":0.0,"max_hp_gain":0.0,"max_hp_loss":0.0,"gold_gain":0.0,"event_name":"Accursed Blacksmith","player_choice":"Forge","floor":47.0,"gold_loss":0.0,"damage_taken":0.0,"cards_upgraded":["Seek"]}],"is_beta":false,"boss_relics":[{"not_picked":["Sozu","Black Star"],"picked":"Orrery"},{"not_picked":["Inserter","Empty Cage"],"picked":"Astrolabe"}],"items_purged_floors":[8,29,36],"is_endless":false,"potions_floor_spawned":[7,11,12,18,21,42],"killed_by":"The Heart","ascension_level":20}