{"gold_per_floor":[117,117,132,207,93,43,73,87,141,141,141,162,177,193,193,319,319,337,356,356,356],"floor_reached":21,"playtime":626,"items_purged":["Decay"],"score":227,"play_id":"500dcae1-4675-4175-aee2-598dba976e14","local_time":"20190501154048","is_ascension_mode":true,"campfire_choices":[{"data":"Consume","floor":10.0,"key":"SMITH"},{"floor":15.0,"key":"REST"}],"neow_cost":"NONE","seed_source_timestamp":0,"circlet_count":0,"master_deck":["Strike_B","Strike_B","Strike_B","Defend_B","Defend_B","Defend_B","Defend_B","Zap","Dualcast","Storm","Consume+1","Heatsinks","Echo Form","Conserve Battery","Ball Lightning","Redo","Biased Cognition","Consume+1"],"special_seed":0,"relics":["Cracked Core","NeowsBlessing","Pen Nib","Anchor","Golden Idol","Inserter"],"potions_floor_usage":[],"damage_taken":[{"damage":0.0,"enemies":"2 Louse","floor":1.0,"turns":1.0},{"damage":0.0,"enemies":"Cultist","floor":3.0,"turns":1.0},{"damage":0.0,"enemies":"3 Sentries","floor":7.0,"turns":2.0},{"damage":0.0,"enemies":"Small Slimes","floor":8.0,"turns":3.0},{"damage":5.0,"enemies":"2 Fungi Beasts","floor":12.0,"turns":3.0},{"damage":4.0,"enemies":"Red Slaver","floor":13.0,"turns":4.0},{"damage":35.0,"enemies":"Gremlin Gang","floor":14.0,"turns":4.0},{"damage":41.0,"enemies":"The Guardian","floor":16.0,"turns":8.0},{"damage":34,"enemies":"2 Thieves","floor":18,"turns":4},{"damage":34,"enemies":"Shell Parasite","floor":19,"turns":5},{"damage":3,"enemies":"Shelled Parasite and Fungi","floor":21,"turns":1}],"seed_played":"-4948888373671664811","potions_obtained":[{"floor":1.0,"key":"Energy Potion"},{"floor":3.0,"key":"Regen Potion"},{"floor":13.0,"key":"Ancient Potion"},{"floor":16.0,"key":"Fire Potion"},{"floor":18,"key":"Explosive Potion"}],"is_trial":false,"path_per_floor":["M","?","M","?","$","?","E","M","T","R","?","M","M","M","R","B",null,"M","M","?","M"],"character_chosen":"DEFECT","items_purchased":["Heatsinks"],"campfire_rested":1,"item_purchase_floors":[5],"current_hp_per_floor":[75,75,75,64,64,64,64,64,64,64,64,59,55,32,52,11,69,35,1,1,0],"gold":356,"neow_bonus":"THREE_ENEMY_KILL","is_prod":false,"is_daily":false,"chose_seed":false,"campfire_upgraded":1,"win_rate":0,"timestamp":1556739648,"path_taken":["M","?","?","?","$","?","E","M","T","R","?","M","M","M","R","BOSS","M","M","?","M"],"build_version":"2019-01-23","purchased_purges":1,"victory":false,"max_hp_per_floor":[75,75,75,75,75,75,75,75,75,75,69,69,69,69,69,69,69,69,69,69,69],"card_choices":[{"not_picked":["Undo","Hologram"],"picked":"Storm","floor":1.0},{"not_picked":["Compile Driver","Redo"],"picked":"Consume","floor":3.0},{"not_picked":["Darkness","Stack"],"picked":"Echo Form","floor":7.0},{"not_picked":["Steam","Stack"],"picked":"Conserve Battery","floor":8.0},{"not_picked":["Steam","Rip and Tear","Sweeping Beam"],"picked":"SKIP","floor":12.0},{"not_picked":["Go for the Eyes","Reboot"],"picked":"Ball Lightning","floor":13.0},{"not_picked":["Barrage","Lockon"],"picked":"Redo","floor":14.0},{"not_picked":["Meteor Strike","Amplify"],"picked":"Biased Cognition","floor":16.0},{"not_picked":["Conserve Battery+1","Go for the Eyes"],"picked":"Consume+1","floor":18},{"not_picked":["Cold Snap","Beam Cell","Heatsinks+1"],"picked":"SKIP","floor":19}],"player_experience":930815,"relics_obtained":[{"floor":7.0,"key":"Pen Nib"},{"floor":9.0,"key":"Anchor"}],"event_choices":[{"damage_healed":0.0,"max_hp_gain":0.0,"max_hp_loss":0.0,"gold_gain":0.0,"event_name":"Wheel of Change","player_choice":"Cursed","floor":2.0,"gold_loss":0.0,"damage_taken":0.0,"cards_obtained":["Decay"]},{"damage_healed":0.0,"max_hp_gain":0.0,"max_hp_loss":0.0,"gold_gain":75.0,"event_name":"World of Goop","player_choice":"Gather Gold","floor":4.0,"gold_loss":0.0,"damage_taken":11.0},{"cards_removed":["Strike_B"],"damage_healed":0.0,"max_hp_gain":0.0,"max_hp_loss":0.0,"gold_gain":0.0,"event_name":"The Cleric","player_choice":"Card Removal","floor":6.0,"gold_loss":50.0,"damage_taken":0.0},{"damage_healed":0.0,"max_hp_gain":0.0,"max_hp_loss":6.0,"gold_gain":0.0,"event_name":"Golden Idol","player_choice":"Lose Max HP","floor":11.0,"gold_loss":0.0,"damage_taken":0.0,"relics_obtained":["Golden Idol"]},{"damage_healed":0,"gold_gain":0,"player_choice":"Ignored","damage_taken":0,"max_hp_gain":0,"max_hp_loss":0,"event_name":"Beggar","floor":20,"gold_loss":0}],"is_beta":false,"boss_relics":[{"not_picked":["Orrery","Tiny House"],"picked":"Inserter"}],"items_purged_floors":[5],"is_endless":false,"potions_floor_spawned":[1,3,13,16,18],"killed_by":"Shelled Parasite and Fungi","ascension_level":2}