{"gold_per_floor":[213,228,240,240,40,40,65,65,65,95,114,114,129,143,143,240,270,286,61,76,87,111,146,146,157,157,2,2,12,12,29,29,124,124,143,157,27,37,56,88,88,105,132,147,166,191,191,191,191,191],"floor_reached":51,"playtime":2998,"items_purged":["Regret","Decay","Strike_B"],"score":812,"play_id":"bf57e38c-05c1-42ff-84e1-97a3674dad2f","local_time":"20190503210122","is_ascension_mode":true,"campfire_choices":[{"data":"Apotheosis","floor":6.0,"key":"SMITH"},{"data":"Chill","floor":8.0,"key":"SMITH"},{"floor":15.0,"key":"REST"},{"floor":24,"key":"REST"},{"floor":30,"key":"REST"},{"floor":32,"key":"RECALL"},{"floor":47,"key":"REST"},{"floor":49,"key":"REST"}],"neow_cost":"NONE","seed_source_timestamp":639773535082093,"circlet_count":0,"master_deck":["Strike_B","Strike_B","Defend_B","Defend_B","Defend_B","Zap","Dualcast","Blizzard","Apotheosis+1","Chill+1","Go for the Eyes","Sweeping Beam","Coolheaded","Electrodynamics","Glacier+1","Cold Snap","Chill","Coolheaded+1","Ball Lightning","Echo Form","Core Surge","Blizzard","Consume","Loop","Buffer","Defragment","Cold Snap+1"],"special_seed":0,"relics":["Cracked Core","The Courier","Happy Flower","Omamori","Ice Cream","Singing Bowl","Calling Bell","Tiny Chest","Blue Candle","Dead Branch","Blood Vial","DataDisk","Letter Opener","Bottled Tornado","ClockworkSouvenir","Orrery","Bottled Lightning","Centennial Puzzle","Frozen Egg 2","Pantograph"],"potions_floor_usage":[23,40],"damage_taken":[{"damage":1.0,"enemies":"Cultist","floor":1.0,"turns":3.0},{"damage":7.0,"enemies":"Jaw Worm","floor":2.0,"turns":3.0},{"damage":0.0,"enemies":"Small Slimes","floor":3.0,"turns":3.0},{"damage":21.0,"enemies":"3 Sentries","floor":7.0,"turns":8.0},{"damage":14.0,"enemies":"Gremlin Nob","floor":10.0,"turns":3.0},{"damage":7.0,"enemies":"Red Slaver","floor":11.0,"turns":3.0},{"damage":2.0,"enemies":"Exordium Thugs","floor":13.0,"turns":3.0},{"damage":0.0,"enemies":"Large Slime","floor":14.0,"turns":5.0},{"damage":6.0,"enemies":"Slime Boss","floor":16.0,"turns":7.0},{"damage":2.0,"enemies":"Spheric Guardian","floor":18.0,"turns":3.0},{"damage":18.0,"enemies":"2 Thieves","floor":20.0,"turns":4.0},{"damage":6.0,"enemies":"Cultist and Chosen","floor":21.0,"turns":6.0},{"damage":20,"enemies":"Book of Stabbing","floor":23,"turns":7},{"damage":15,"enemies":"Shelled Parasite and Fungi","floor":25,"turns":5},{"damage":8,"enemies":"Snecko","floor":29,"turns":5},{"damage":8,"enemies":"Centurion and Healer","floor":31,"turns":3},{"damage":20,"enemies":"Collector","floor":33,"turns":9},{"damage":4,"enemies":"3 Shapes","floor":35,"turns":3},{"damage":0,"enemies":"3 Darklings","floor":36,"turns":2},{"damage":7,"enemies":"Writhing Mass","floor":38,"turns":8},{"damage":30,"enemies":"Transient","floor":39,"turns":5},{"damage":17,"enemies":"Nemesis","floor":40,"turns":7},{"damage":6,"enemies":"3 Darklings","floor":42,"turns":3},{"damage":0,"enemies":"Sphere and 2 Shapes","floor":44,"turns":2},{"damage":7,"enemies":"Jaw Worm Horde","floor":45,"turns":3},{"damage":17,"enemies":"Giant Head","floor":46,"turns":9},{"damage":12,"enemies":"Donu and Deca","floor":50,"turns":7}],"seed_played":"-7257536765892183295","potions_obtained":[{"floor":3.0,"key":"FearPotion"},{"floor":7.0,"key":"Strength Potion"},{"floor":10.0,"key":"EssenceOfSteel"},{"floor":14.0,"key":"Explosive Potion"},{"floor":16.0,"key":"FearPotion"},{"floor":20.0,"key":"Explosive Potion"},{"floor":23,"key":"FearPotion"},{"floor":31,"key":"Ancient Potion"},{"floor":35,"key":"Energy Potion"},{"floor":44,"key":"Poison Potion"}],"is_trial":false,"path_per_floor":["M","M","M","?","$","R","E","R","T","E","M","?","M","M","R","B",null,"M","$","M","M","T","E","R","M","T","$","?","M","R","M","R","B",null,"M","M","$","M","M","E","?","M","T","M","M","E","R","T","R","B",null],"character_chosen":"DEFECT","items_purchased":["Apotheosis","Blood Vial","Cold Snap","ClockworkSouvenir","Defragment"],"campfire_rested":5,"item_purchase_floors":[5,19,19,27,37],"current_hp_per_floor":[74,67,67,67,67,67,46,46,46,32,25,25,25,25,48,42,77,75,75,59,57,57,41,65,52,52,52,52,48,72,68,68,50,91,87,89,89,84,58,45,45,43,43,47,44,31,61,61,91,88],"gold":191,"neow_bonus":"HUNDRED_GOLD","is_prod":false,"is_daily":false,"chose_seed":false,"campfire_upgraded":2,"win_rate":0,"timestamp":1556931682,"path_taken":["M","?","M","?","$","R","E","R","T","E","M","?","M","M","R","BOSS","M","$","M","M","?","E","R","M","T","?","?","M","R","?","R","BOSS","M","M","$","M","M","E","?","M","T","?","M","E","R","?","R","BOSS"],"build_version":"2019-01-23","purchased_purges":3,"victory":true,"max_hp_per_floor":[75,75,75,75,75,75,75,75,75,75,75,75,77,77,77,77,77,77,77,77,79,79,81,81,81,81,81,81,83,83,85,85,85,91,91,91,91,91,93,95,92,94,94,96,98,100,100,100,100,100],"card_choices":[{"not_picked":["Ball Lightning","Chill"],"picked":"Blizzard","floor":1.0},{"not_picked":["Rebound","Steam","Tempest"],"picked":"SKIP","floor":2.0},{"not_picked":["Streamline","Turbo","Beam Cell"],"picked":"SKIP","floor":3.0},{"not_picked":["Tempest","Storm"],"picked":"Chill","floor":7.0},{"not_picked":["Gash","Rip and Tear"],"picked":"Go for the Eyes","floor":10.0},{"not_picked":["Stack","Compile Driver"],"picked":"Sweeping Beam","floor":11.0},{"not_picked":["Undo","Hologram","Tempest"],"picked":"Singing Bowl","floor":13.0},{"not_picked":["Loop","Undo"],"picked":"Coolheaded","floor":14.0},{"not_picked":["Core Surge","Rainbow"],"picked":"Electrodynamics","floor":16.0},{"not_picked":["Steam Power","Aggregate+1"],"picked":"Glacier+1","floor":18.0},{"not_picked":["Skim","Ball Lightning"],"picked":"Chill","floor":20.0},{"not_picked":["Sunder","Compile Driver","Recycle"],"picked":"Singing Bowl","floor":21.0},{"not_picked":["Fusion","Go for the Eyes","Steam Power"],"picked":"Singing Bowl","floor":23},{"not_picked":["Reprogram","Undo"],"picked":"Coolheaded+1","floor":25},{"not_picked":["Gash","Stack","Steam"],"picked":"Singing Bowl","floor":29},{"not_picked":["Sweeping Beam","Barrage","Rebound"],"picked":"Singing Bowl","floor":31},{"not_picked":["Machine Learning","Hyperbeam"],"picked":"Core Surge","floor":33},{"not_picked":["Coolheaded","BootSequence"],"picked":"Blizzard","floor":34},{"not_picked":["Beam Cell","Rebound"],"picked":"Consume","floor":34},{"not_picked":["Self Repair","Ball Lightning","Barrage"],"picked":"Singing Bowl","floor":34},{"not_picked":["Stack","Hello World","Aggregate"],"picked":"Singing Bowl","floor":34},{"not_picked":["Go for the Eyes","Darkness","Static Discharge"],"picked":"Singing Bowl","floor":34},{"not_picked":["Ball Lightning","Leap"],"picked":"Loop","floor":35},{"not_picked":["Hologram+1","Consume+1"],"picked":"Buffer","floor":36},{"not_picked":["Leap+1","FTL+1"],"picked":"Cold Snap+1","floor":38},{"not_picked":["Ball Lightning+1","Sweeping Beam+1","Genetic Algorithm"],"picked":"Singing Bowl","floor":39},{"not_picked":["Conserve Battery","Rip and Tear+1","Recycle"],"picked":"Singing Bowl","floor":40},{"not_picked":["Leap+1","Force Field+1","Cold Snap+1"],"picked":"Singing Bowl","floor":42},{"not_picked":["Sweeping Beam","Gash","Leap+1"],"picked":"Singing Bowl","floor":44},{"not_picked":["Turbo","Heatsinks","Steam+1"],"picked":"Singing Bowl","floor":45},{"not_picked":["Tempest+1","Rip and Tear","Sunder+1"],"picked":"Singing Bowl","floor":46}],"player_experience":943350,"relics_obtained":[{"floor":7.0,"key":"Happy Flower"},{"floor":9.0,"key":"Omamori"},{"floor":10.0,"key":"Ice Cream"},{"floor":17.0,"key":"Tiny Chest"},{"floor":17.0,"key":"Blue Candle"},{"floor":17.0,"key":"Dead Branch"},{"floor":22.0,"key":"DataDisk"},{"floor":23,"key":"Letter Opener"},{"floor":26,"key":"Bottled Tornado"},{"floor":40,"key":"Bottled Lightning"},{"floor":43,"key":"Centennial Puzzle"},{"floor":46,"key":"Frozen Egg 2"},{"floor":48,"key":"Pantograph"}],"event_choices":[{"damage_healed":0.0,"max_hp_gain":0.0,"max_hp_loss":0.0,"gold_gain":0.0,"event_name":"Big Fish","player_choice":"Box","floor":4.0,"gold_loss":0.0,"damage_taken":0.0,"relics_obtained":["The Courier"],"cards_obtained":["Regret"]},{"damage_healed":0.0,"max_hp_gain":0.0,"max_hp_loss":0.0,"gold_gain":0.0,"event_name":"WeMeetAgain","player_choice":"Gave Potion","floor":12.0,"gold_loss":0.0,"damage_taken":0.0,"relics_obtained":["Singing Bowl"]},{"damage_healed":0,"gold_gain":0,"cards_transformed":["Strike_B","Defend_B"],"player_choice":"Became Test Subject","damage_taken":0,"max_hp_gain":0,"max_hp_loss":0,"event_name":"Drug Dealer","floor":28,"gold_loss":0,"cards_obtained":["Ball Lightning","Echo Form"]},{"cards_removed":["Parasite"],"damage_healed":0,"gold_gain":0,"player_choice":"Removed Curses","damage_taken":0,"max_hp_gain":0,"max_hp_loss":0,"event_name":"Fountain of Cleansing","floor":41,"gold_loss":0}],"is_beta":false,"boss_relics":[{"not_picked":["Astrolabe","Empty Cage"],"picked":"Calling Bell"},{"not_picked":["Snecko Eye","Runic Dome"],"picked":"Orrery"}],"items_purged_floors":[5,19,37],"is_endless":false,"potions_floor_spawned":[3,7,10,14,16,20,23,31,35,36,44,45,46],"ascension_level":2}