{"gold_per_floor":[116,73,73,87,137,137,164,164,190,204,154,23,42,53,53,53],"floor_reached":16,"playtime":272,"items_purged":["Strike_B","Strike_B"],"score":250,"play_id":"fa8177e9-7bcd-4fe7-a78b-e861250714e9","local_time":"20190625124858","is_ascension_mode":true,"campfire_choices":[{"data":"Zap","floor":6.0,"key":"SMITH"},{"data":"Sunder","floor":8.0,"key":"SMITH"},{"data":"Fusion","floor":15.0,"key":"SMITH"}],"neow_cost":"NONE","seed_source_timestamp":5091770510640,"circlet_count":0,"master_deck":["AscendersBane","Strike_B","Strike_B","Defend_B","Defend_B","Defend_B","Defend_B","Zap+1","Dualcast","Skim","Sunder+1","Multi-Cast","Melter","Turbo","Fusion+1"],"special_seed":0,"relics":["Cracked Core","NeowsBlessing","Dodecahedron","Smiling Mask"],"potions_floor_usage":[16,16],"damage_taken":[{"damage":0.0,"enemies":"2 Louse","floor":1.0,"turns":1.0},{"damage":0.0,"enemies":"Cultist","floor":4.0,"turns":1.0},{"damage":0.0,"enemies":"3 Sentries","floor":7.0,"turns":1.0},{"damage":11.0,"enemies":"Jaw Worm","floor":10.0,"turns":4.0},{"damage":21.0,"enemies":"Large Slime","floor":13.0,"turns":4.0},{"damage":11.0,"enemies":"Blue Slaver","floor":14.0,"turns":3.0},{"damage":16,"enemies":"Hexaghost","floor":16,"turns":7}],"seed_played":"-8379661778367657704","potions_obtained":[{"floor":4.0,"key":"SpeedPotion"},{"floor":10.0,"key":"PowerPotion"}],"is_trial":false,"path_per_floor":["M","$","?","M","?","R","E","R","T","M","$","$","M","M","R","B"],"character_chosen":"DEFECT","items_purchased":["Sunder","FocusPotion"],"campfire_rested":0,"item_purchase_floors":[2,12],"current_hp_per_floor":[64,64,69,69,69,69,69,69,69,58,58,58,37,26,26,10],"gold":53,"neow_bonus":"THREE_ENEMY_KILL","is_prod":false,"is_daily":false,"chose_seed":false,"campfire_upgraded":3,"win_rate":0,"timestamp":1561438138,"path_taken":["M","$","?","M","?","R","E","R","T","?","?","$","M","M","R","BOSS"],"build_version":"2019-01-23","purchased_purges":2,"victory":false,"max_hp_per_floor":[71,71,76,76,76,76,76,76,76,76,76,76,76,76,76,76],"card_choices":[{"not_picked":["Hologram","Genetic Algorithm"],"picked":"Skim","floor":1.0},{"not_picked":["Rebound","Lockon","Doom and Gloom"],"picked":"SKIP","floor":4.0},{"not_picked":["Beam Cell","Conserve Battery"],"picked":"Multi-Cast","floor":7.0},{"not_picked":["Storm","Undo"],"picked":"Melter","floor":10.0},{"not_picked":["Redo","Rebound"],"picked":"Turbo","floor":13.0},{"not_picked":["Stack","Gash"],"picked":"Fusion","floor":14.0}],"player_experience":1998685,"relics_obtained":[{"floor":7.0,"key":"Dodecahedron"},{"floor":9.0,"key":"Smiling Mask"}],"event_choices":[{"damage_healed":0.0,"max_hp_gain":5.0,"max_hp_loss":0.0,"gold_gain":0.0,"event_name":"Big Fish","player_choice":"Donut","floor":3.0,"gold_loss":0.0,"damage_taken":0.0},{"damage_healed":0.0,"max_hp_gain":0.0,"max_hp_loss":0.0,"gold_gain":50.0,"event_name":"Golden Shrine","player_choice":"Pray","floor":5.0,"gold_loss":0.0,"damage_taken":0.0}],"is_beta":false,"boss_relics":[],"items_purged_floors":[11,12],"is_endless":false,"potions_floor_spawned":[4,10],"killed_by":"Hexaghost","ascension_level":20}