{"gold_per_floor":[111,111,18,18,34,34,65,78,78,78,23,43,69,89,89,163,163,181,181,281,126,126,126,142,176,176,176,187,187,220,44,44,115,115,134,134,147,147,22,49,49,65,65,65,81,114,114,127,127,127,127,127,127,73,98,98],"floor_reached":57,"playtime":2242,"items_purged":["Strike_R","Strike_R+1","Defend_R"],"score":2862,"play_id":"f123b962-5f99-4e68-98e2-2c67360f1a75","local_time":"20190602214812","is_ascension_mode":true,"campfire_choices":[{"data":"Armaments","floor":6.0,"key":"SMITH"},{"data":"Rampage","floor":10.0,"key":"SMITH"},{"data":"Body Slam","floor":15.0,"key":"SMITH"},{"floor":23.0,"key":"REST"},{"floor":29.0,"key":"REST"},{"data":"Burning Pact","floor":32.0,"key":"SMITH"},{"data":"Bloodletting","floor":41.0,"key":"SMITH"},{"floor":49.0,"key":"RECALL"},{"data":"Offering","floor":53.0,"key":"SMITH"}],"neow_cost":"NONE","seed_source_timestamp":0,"circlet_count":0,"master_deck":["AscendersBane","Defend_R","Defend_R","Defend_R","Evolve","Power Through","Armaments+1","Second Wind","Rampage+1","Body Slam+1","Burning Pact+1","Feel No Pain+1","Barricade+1","Feel No Pain+1","Feed","Feel No Pain+1","True Grit","Bloodletting+1","Warcry+1","Flash of Steel","Offering+1","Disarm"],"special_seed":0,"relics":["Burning Blood","NeowsBlessing","Turnip","Red Skull","Frozen Egg 2","Blood Vial","Runic Pyramid","Bird Faced Urn","Mercury Hourglass","Incense Burner","Self Forming Clay","Whetstone","Empty Cage","Boot","PreservedInsect","Anchor"],"potions_floor_usage":[56,56],"damage_taken":[{"damage":0.0,"enemies":"Jaw Worm","floor":1.0,"turns":1.0},{"damage":0.0,"enemies":"Small Slimes","floor":5.0,"turns":1.0},{"damage":0.0,"enemies":"Lagavulin","floor":7.0,"turns":1.0},{"damage":7.0,"enemies":"2 Louse","floor":8.0,"turns":4.0},{"damage":7.0,"enemies":"Looter","floor":12.0,"turns":4.0},{"damage":15.0,"enemies":"3 Sentries","floor":13.0,"turns":8.0},{"damage":8.0,"enemies":"Exordium Wildlife","floor":14.0,"turns":6.0},{"damage":16.0,"enemies":"Hexaghost","floor":16.0,"turns":8.0},{"damage":0.0,"enemies":"Chosen","floor":18.0,"turns":5.0},{"damage":0.0,"enemies":"Colosseum Slavers","floor":20.0,"turns":1.0},{"damage":52.0,"enemies":"Colosseum Nobs","floor":20.0,"turns":7.0},{"damage":0.0,"enemies":"Spheric Guardian","floor":24.0,"turns":5.0},{"damage":46.0,"enemies":"Book of Stabbing","floor":25.0,"turns":5.0},{"damage":26.0,"enemies":"Shelled Parasite and Fungi","floor":28.0,"turns":6.0},{"damage":38.0,"enemies":"Gremlin Leader","floor":30.0,"turns":6.0},{"damage":11.0,"enemies":"Champ","floor":33.0,"turns":15.0},{"damage":9.0,"enemies":"Orb Walker","floor":35.0,"turns":8.0},{"damage":23.0,"enemies":"3 Darklings","floor":37.0,"turns":5.0},{"damage":1.0,"enemies":"Giant Head","floor":40.0,"turns":6.0},{"damage":8.0,"enemies":"Writhing Mass","floor":42.0,"turns":4.0},{"damage":40.0,"enemies":"Jaw Worm Horde","floor":45.0,"turns":5.0},{"damage":6.0,"enemies":"Nemesis","floor":46.0,"turns":5.0},{"damage":42.0,"enemies":"4 Shapes","floor":48.0,"turns":6.0},{"damage":52.0,"enemies":"Awakened One","floor":50.0,"turns":8.0},{"damage":34.0,"enemies":"Donu and Deca","floor":51.0,"turns":7.0},{"damage":27.0,"enemies":"Shield and Spear","floor":55.0,"turns":9.0},{"damage":42,"enemies":"The Heart","floor":56,"turns":7}],"seed_played":"-6687447804923609462","potions_obtained":[{"floor":5.0,"key":"LiquidBronze"},{"floor":8.0,"key":"SmokeBomb"},{"floor":24.0,"key":"FearPotion"},{"floor":45.0,"key":"Ancient Potion"}],"is_trial":false,"path_per_floor":["M","?","$","?","M","R","E","M","T","R","$","M","E","M","R","B",null,"M","?","?","$","?","R","M","E","T","?","M","R","E","$","R","B",null,"M","?","M","?","$","E","R","M","T","?","M","E","$","M","R","B","B",null,"R","$","E","B",null],"character_chosen":"IRONCLAD","items_purchased":["Power Through","Armaments","Body Slam","Feel No Pain+1","Bloodletting","Swift Potion"],"campfire_rested":2,"item_purchase_floors":[3,3,11,21,31,54],"current_hp_per_floor":[74,56,56,56,62,62,68,67,67,67,67,66,57,57,57,49,69,75,75,29,29,29,51,67,37,37,37,33,56,38,38,38,49,78,91,91,82,82,82,99,99,103,103,98,73,85,85,65,65,33,21,90,90,90,85,61],"gold":98,"neow_bonus":"THREE_ENEMY_KILL","is_prod":false,"is_daily":false,"chose_seed":false,"campfire_upgraded":6,"win_rate":0,"timestamp":1559483292,"path_taken":["M","?","$","?","M","R","E","M","T","R","?","M","E","M","R","BOSS","M","?","?","$","?","R","M","E","T","?","M","R","E","$","R","BOSS","M","?","M","?","$","E","R","M","T","?","M","E","$","M","R","BOSS","BOSS","R","$","E","BOSS"],"build_version":"2019-01-23","purchased_purges":3,"victory":true,"max_hp_per_floor":[75,75,75,75,75,75,75,75,75,75,75,75,75,75,75,75,75,75,75,75,75,75,75,75,75,75,75,79,79,83,83,83,87,87,91,91,95,95,95,99,99,103,103,98,101,101,101,105,105,109,113,113,113,113,117,117],"card_choices":[{"not_picked":["Clothesline","True Grit"],"picked":"Evolve","floor":1.0},{"not_picked":["Perfected Strike","Flex","Sever Soul"],"picked":"SKIP","floor":5.0},{"not_picked":["Entrench","Twin Strike","Thunderclap"],"picked":"SKIP","floor":7.0},{"not_picked":["Pummel","Infernal Blade"],"picked":"Rampage","floor":8.0},{"not_picked":["Perfected Strike","Cleave","Shockwave"],"picked":"SKIP","floor":12.0},{"not_picked":["Fire Breathing+1","Blood for Blood"],"picked":"Burning Pact","floor":13.0},{"not_picked":["Rampage","Headbutt"],"picked":"Feel No Pain+1","floor":14.0},{"not_picked":["Brutality+1","Feed"],"picked":"Barricade+1","floor":16.0},{"not_picked":["Clash","Armaments","Pommel Strike"],"picked":"SKIP","floor":18.0},{"not_picked":["Pommel Strike","Second Wind","Thunderclap"],"picked":"SKIP","floor":24.0},{"not_picked":["Headbutt","Fiend Fire"],"picked":"Feed","floor":25.0},{"not_picked":["Cleave","Iron Wave","Rage"],"picked":"SKIP","floor":28.0},{"not_picked":["Pommel Strike","Bludgeon"],"picked":"True Grit","floor":30.0},{"not_picked":["True Grit","Rage","Headbutt"],"picked":"SKIP","floor":35.0},{"not_picked":["Body Slam","Havoc"],"picked":"Warcry+1","floor":37.0},{"not_picked":["Jack Of All Trades","Good Instincts"],"picked":"Flash of Steel","floor":38.0},{"not_picked":["Clash","Pommel Strike","Perfected Strike"],"picked":"SKIP","floor":40.0},{"not_picked":["Combust+1","Pummel"],"picked":"Offering","floor":42.0},{"not_picked":["True Grit","Warcry"],"picked":"Disarm","floor":45.0},{"not_picked":["Rampage","Clothesline+1","Thunderclap+1"],"picked":"SKIP","floor":46.0},{"not_picked":["Perfected Strike+1","Clash","Inflame+1"],"picked":"SKIP","floor":48.0},{"not_picked":["Uppercut+1","Shockwave","Hemokinesis"],"picked":"SKIP","floor":55.0}],"player_experience":1841740,"relics_obtained":[{"floor":7.0,"key":"Red Skull"},{"floor":9.0,"key":"Frozen Egg 2"},{"floor":13.0,"key":"Blood Vial"},{"floor":20.0,"key":"Bird Faced Urn"},{"floor":20.0,"key":"Mercury Hourglass"},{"floor":25.0,"key":"Incense Burner"},{"floor":26.0,"key":"Self Forming Clay"},{"floor":30.0,"key":"Whetstone"},{"floor":40.0,"key":"Boot"},{"floor":46.0,"key":"PreservedInsect"},{"floor":55.0,"key":"Anchor"}],"event_choices":[{"damage_healed":0.0,"max_hp_gain":0.0,"max_hp_loss":0.0,"gold_gain":0.0,"event_name":"Scrap Ooze","player_choice":"Success","floor":2.0,"gold_loss":0.0,"damage_taken":18.0,"relics_obtained":["Turnip"]},{"damage_healed":0.0,"max_hp_gain":0.0,"max_hp_loss":0.0,"gold_gain":0.0,"cards_transformed":["Strike_R"],"event_name":"Living Wall","player_choice":"Change","floor":4.0,"gold_loss":0.0,"damage_taken":0.0,"cards_obtained":["Second Wind"]},{"damage_healed":0.0,"max_hp_gain":0.0,"max_hp_loss":0.0,"gold_gain":0.0,"event_name":"Ghosts","player_choice":"Ignored","floor":19.0,"gold_loss":0.0,"damage_taken":0.0},{"damage_healed":0.0,"max_hp_gain":0.0,"max_hp_loss":0.0,"gold_gain":0.0,"event_name":"Colosseum","player_choice":"Fight","floor":20.0,"gold_loss":0.0,"damage_taken":0.0},{"damage_healed":0.0,"max_hp_gain":0.0,"max_hp_loss":0.0,"gold_gain":0.0,"event_name":"Colosseum","player_choice":"Fought Nobs","floor":20.0,"gold_loss":0.0,"damage_taken":0.0},{"cards_removed":["Strike_R"],"damage_healed":0.0,"max_hp_gain":0.0,"max_hp_loss":0.0,"gold_gain":0.0,"event_name":"Back to Basics","player_choice":"Elegance","floor":22.0,"gold_loss":0.0,"damage_taken":0.0},{"damage_healed":0.0,"max_hp_gain":0.0,"max_hp_loss":0.0,"gold_gain":0.0,"event_name":"The Library","player_choice":"Read","floor":27.0,"gold_loss":0.0,"damage_taken":0.0,"cards_obtained":["Feel No Pain"]},{"damage_healed":0.0,"max_hp_gain":0.0,"max_hp_loss":0.0,"gold_gain":0.0,"event_name":"Tomb of Lord Red Mask","player_choice":"Ignored","floor":36.0,"gold_loss":0.0,"damage_taken":0.0},{"damage_healed":0.0,"max_hp_gain":0.0,"max_hp_loss":0.0,"gold_gain":0.0,"event_name":"SensoryStone","player_choice":"Memory 1","floor":38.0,"gold_loss":0.0,"damage_taken":0.0},{"damage_healed":0.0,"max_hp_gain":0.0,"max_hp_loss":5.0,"gold_gain":0.0,"event_name":"Winding Halls","player_choice":"Max HP","floor":44.0,"gold_loss":0.0,"damage_taken":0.0}],"is_beta":false,"boss_relics":[{"not_picked":["Runic Cube","Ectoplasm"],"picked":"Runic Pyramid"},{"not_picked":["White Beast Statue","Busted Crown"],"picked":"Empty Cage"}],"items_purged_floors":[21,31,39],"is_endless":false,"potions_floor_spawned":[5,8,13,20,24,25,45,46,48,55],"ascension_level":20}