{"gold_per_floor":[116,116,131,147,147,147,179,179,179,196,216,85,85,104,104,176,176,195,175,192,208,208,208,235,82,82,82,82,102,137,150,150,229,279,299,399,399,399,410,410,437,437,437,437,449,466,485,515,515,515],"floor_reached":50,"playtime":2229,"items_purged":["Strike_G","Strike_G"],"score":1069,"play_id":"4aec5557-07b9-4a21-beba-82756d230788","local_time":"20190621164942","is_ascension_mode":true,"campfire_choices":[{"floor":6.0,"key":"REST"},{"data":"Bane","floor":8.0,"key":"SMITH"},{"data":"Calculated Gamble","floor":15.0,"key":"SMITH"},{"data":"Crippling Poison","floor":23.0,"key":"SMITH"},{"data":"Acrobatics","floor":28.0,"key":"SMITH"},{"data":"Envenom","floor":32.0,"key":"SMITH"},{"data":"Malaise","floor":40.0,"key":"SMITH"},{"data":"Grand Finale","floor":42.0,"key":"SMITH"},{"floor":44.0,"key":"RECALL"},{"data":"Escape Plan","floor":49.0,"key":"SMITH"}],"neow_cost":"PERCENT_DAMAGE","seed_source_timestamp":1643780970280757,"circlet_count":0,"master_deck":["AscendersBane","Defend_G","Defend_G","Defend_G","Defend_G+1","Defend_G","Survivor","Neutralize+1","Bane+1","Terror+1","Poisoned Stab+1","Crippling Poison+1","Backflip","Calculated Gamble+1","Escape Plan+1","Malaise+1","Acrobatics+1","Envenom+1","Grand Finale+1","Acrobatics+1","Calculated Gamble+1","Outmaneuver+1"],"special_seed":0,"relics":["Ring of the Serpent","Sundial","Meat on the Bone","Red Mask","Turnip","Letter Opener","Blood Vial","Tiny House","Toxic Egg 2","Paper Crane"],"potions_floor_usage":[],"damage_taken":[{"damage":2.0,"enemies":"Small Slimes","floor":1.0,"turns":5.0},{"damage":0.0,"enemies":"2 Louse","floor":3.0,"turns":3.0},{"damage":3.0,"enemies":"Jaw Worm","floor":4.0,"turns":5.0},{"damage":15.0,"enemies":"Lagavulin","floor":7.0,"turns":5.0},{"damage":13.0,"enemies":"Large Slime","floor":10.0,"turns":5.0},{"damage":10.0,"enemies":"Lots of Slimes","floor":11.0,"turns":4.0},{"damage":0.0,"enemies":"3 Louse","floor":14.0,"turns":4.0},{"damage":46.0,"enemies":"Slime Boss","floor":16.0,"turns":7.0},{"damage":24.0,"enemies":"3 Byrds","floor":18.0,"turns":6.0},{"damage":8.0,"enemies":"2 Thieves","floor":20.0,"turns":4.0},{"damage":19.0,"enemies":"Shelled Parasite and Fungi","floor":21.0,"turns":5.0},{"damage":30.0,"enemies":"Masked Bandits","floor":24.0,"turns":4.0},{"damage":0.0,"enemies":"Snecko","floor":29.0,"turns":3.0},{"damage":23.0,"enemies":"Gremlin Leader","floor":30.0,"turns":7.0},{"damage":0.0,"enemies":"Sentry and Sphere","floor":31.0,"turns":4.0},{"damage":23.0,"enemies":"Automaton","floor":33.0,"turns":8.0},{"damage":4.0,"enemies":"3 Shapes","floor":35.0,"turns":5.0},{"damage":3.0,"enemies":"Mind Bloom Boss Battle","floor":36.0,"turns":7.0},{"damage":5.0,"enemies":"3 Darklings","floor":39.0,"turns":2.0},{"damage":27.0,"enemies":"Nemesis","floor":41.0,"turns":5.0},{"damage":9.0,"enemies":"Spire Growth","floor":45.0,"turns":4.0},{"damage":9.0,"enemies":"Transient","floor":46.0,"turns":6.0},{"damage":13.0,"enemies":"Writhing Mass","floor":47.0,"turns":4.0},{"damage":14.0,"enemies":"Reptomancer","floor":48.0,"turns":5.0},{"damage":34,"enemies":"Time Eater","floor":50,"turns":8}],"seed_played":"-2024434047658681496","potions_obtained":[{"floor":1.0,"key":"LiquidBronze"},{"floor":14.0,"key":"FairyPotion"},{"floor":16.0,"key":"Fruit Juice"},{"floor":18.0,"key":"PowerPotion"},{"floor":19.0,"key":"SkillPotion"},{"floor":29.0,"key":"AttackPotion"},{"floor":30.0,"key":"SkillPotion"},{"floor":31.0,"key":"Dexterity Potion"},{"floor":34.0,"key":"PowerPotion"},{"floor":36.0,"key":"Fire Potion"},{"floor":41.0,"key":"LiquidBronze"},{"floor":48.0,"key":"SneckoOil"}],"is_trial":false,"path_per_floor":["M","?","M","M","?","R","E","R","T","M","M","$","?","M","R","B",null,"M","?","M","M","?","R","?","$","T","T","R","M","E","M","R","B",null,"M","?","?","?","M","R","E","R","T","R","M","M","M","E","R","B"],"character_chosen":"THE_SILENT","items_purchased":["Swift Potion","AttackPotion"],"campfire_rested":1,"item_purchase_floors":[12,25],"current_hp_per_floor":[42,35,35,32,12,31,16,16,16,15,17,17,17,29,29,18,59,47,47,39,32,32,32,14,14,14,14,14,26,15,29,29,20,63,61,60,60,60,57,57,44,44,44,44,37,42,43,43,43,11],"gold":515,"neow_bonus":"TRANSFORM_TWO_CARDS","is_prod":false,"is_daily":false,"chose_seed":false,"campfire_upgraded":8,"win_rate":0,"timestamp":1561106982,"path_taken":["M","?","M","M","?","R","E","R","T","?","M","$","?","?","R","BOSS","M","?","M","?","?","R","?","?","T","?","R","M","E","M","R","BOSS","M","?","?","?","M","R","E","R","T","R","M","M","?","E","R","BOSS"],"build_version":"2019-01-23","purchased_purges":2,"victory":false,"max_hp_per_floor":[66,66,66,66,66,66,66,66,66,66,66,66,66,66,66,66,71,71,71,71,71,71,71,71,71,71,71,71,71,71,71,71,71,76,76,76,76,72,72,72,72,72,72,72,72,72,72,72,72,72],"card_choices":[{"not_picked":["Masterful Stab","Deflect"],"picked":"Poisoned Stab","floor":1.0},{"not_picked":["Deflect","Flying Knee","Prepared"],"picked":"SKIP","floor":3.0},{"not_picked":["Predator","Dodge and Roll","Concentrate"],"picked":"SKIP","floor":4.0},{"not_picked":["Cloak And Dagger","Flying Knee"],"picked":"Crippling Poison","floor":7.0},{"not_picked":["Deflect","Deadly Poison"],"picked":"Backflip","floor":10.0},{"not_picked":["Blade Dance","Corpse Explosion"],"picked":"Calculated Gamble","floor":11.0},{"not_picked":["Dodge and Roll","Blur"],"picked":"Escape Plan","floor":14.0},{"not_picked":["Night Terror","Venomology"],"picked":"Malaise","floor":16.0},{"not_picked":["Quick Slash","Dash","Dagger Throw"],"picked":"SKIP","floor":18.0},{"not_picked":["All Out Attack","Backflip","Skewer"],"picked":"SKIP","floor":20.0},{"not_picked":["Blade Dance+1","Bane"],"picked":"Acrobatics","floor":21.0},{"not_picked":["Masterful Stab","Quick Slash","Backflip"],"picked":"SKIP","floor":29.0},{"not_picked":["Cloak And Dagger","Heel Hook","Prepared"],"picked":"SKIP","floor":30.0},{"not_picked":["Setup","Backflip"],"picked":"Envenom","floor":31.0},{"not_picked":["Envenom","Malaise"],"picked":"Grand Finale","floor":33.0},{"not_picked":["Finisher+1","Skewer+1","Blade Dance"],"picked":"SKIP","floor":35.0},{"not_picked":["Blade Dance","Dagger Throw+1","Deflect+1"],"picked":"SKIP","floor":39.0},{"not_picked":["PiercingWail","Underhanded Strike","Poisoned Stab"],"picked":"SKIP","floor":41.0},{"not_picked":["Deflect+1","Prepared+1"],"picked":"Acrobatics+1","floor":45.0},{"not_picked":["Flying Knee+1","Dagger Spray"],"picked":"Calculated Gamble+1","floor":46.0},{"not_picked":["Dash","Dagger Throw+1","Flechettes"],"picked":"SKIP","floor":47.0},{"not_picked":["Dodge and Roll+1","Choke"],"picked":"Outmaneuver+1","floor":48.0}],"player_experience":1954950,"relics_obtained":[{"floor":7.0,"key":"Sundial"},{"floor":9.0,"key":"Meat on the Bone"},{"floor":24.0,"key":"Red Mask"},{"floor":26.0,"key":"Turnip"},{"floor":27.0,"key":"Letter Opener"},{"floor":30.0,"key":"Blood Vial"},{"floor":41.0,"key":"Toxic Egg 2"},{"floor":48.0,"key":"Paper Crane"}],"event_choices":[{"cards_removed":["Strike_G"],"damage_healed":0.0,"max_hp_gain":0.0,"max_hp_loss":0.0,"gold_gain":0.0,"event_name":"Golden Wing","player_choice":"Card Removal","floor":2.0,"gold_loss":0.0,"damage_taken":7.0},{"damage_healed":0.0,"max_hp_gain":0.0,"max_hp_loss":0.0,"gold_gain":0.0,"event_name":"Shining Light","player_choice":"Entered Light","floor":5.0,"gold_loss":0.0,"damage_taken":20.0,"cards_upgraded":["Neutralize","Terror"]},{"damage_healed":0.0,"max_hp_gain":0.0,"max_hp_loss":0.0,"gold_gain":0.0,"event_name":"Accursed Blacksmith","player_choice":"Forge","floor":13.0,"gold_loss":0.0,"damage_taken":0.0,"cards_upgraded":["Poisoned Stab"]},{"damage_healed":0.0,"max_hp_gain":0.0,"max_hp_loss":0.0,"gold_gain":0.0,"event_name":"The Woman in Blue","player_choice":"Bought 1 Potion","floor":19.0,"gold_loss":0.0,"damage_taken":0.0},{"damage_healed":0.0,"max_hp_gain":0.0,"max_hp_loss":0.0,"gold_gain":0.0,"event_name":"The Mausoleum","player_choice":"Ignored","floor":22.0,"gold_loss":0.0,"damage_taken":0.0},{"damage_healed":0.0,"max_hp_gain":0.0,"max_hp_loss":0.0,"gold_gain":0.0,"event_name":"Masked Bandits","player_choice":"Fought Bandits","floor":24.0,"gold_loss":0.0,"damage_taken":0.0},{"damage_healed":0.0,"max_hp_gain":0.0,"max_hp_loss":0.0,"gold_gain":0.0,"event_name":"MindBloom","player_choice":"Fight","floor":36.0,"gold_loss":0.0,"damage_taken":0.0},{"damage_healed":0.0,"max_hp_gain":0.0,"max_hp_loss":0.0,"gold_gain":0.0,"event_name":"SensoryStone","player_choice":"Memory 1","floor":37.0,"gold_loss":0.0,"damage_taken":0.0},{"damage_healed":0.0,"max_hp_gain":0.0,"max_hp_loss":4.0,"gold_gain":0.0,"event_name":"Winding Halls","player_choice":"Max HP","floor":38.0,"gold_loss":0.0,"damage_taken":0.0}],"is_beta":false,"boss_relics":[{"not_picked":["Sozu","Eternal Feather"],"picked":"Ring of the Serpent"},{"not_picked":["Orrery","Fusion Hammer"],"picked":"Tiny House"}],"items_purged_floors":[12,25],"is_endless":false,"potions_floor_spawned":[1,14,16,18,29,30,31,36,41,45,48],"killed_by":"Time Eater","ascension_level":20}