{"gold_per_floor":[110,185,185,203,222,248,248,248,248,248,95,95,111,128,128,128],"floor_reached":16,"playtime":562,"items_purged":["Defend_G"],"score":155,"play_id":"4b9a34e0-26c1-4828-9318-b4ae02402465","local_time":"20190715161201","is_ascension_mode":true,"campfire_choices":[{"floor":7,"key":"REST"},{"data":"Neutralize","floor":10,"key":"SMITH"},{"data":"Terror","floor":12,"key":"SMITH"},{"data":"Prepared","floor":15,"key":"SMITH"}],"neow_cost":"NONE","seed_source_timestamp":89635061855,"circlet_count":0,"master_deck":["AscendersBane","Strike_G","Strike_G","Strike_G","Strike_G","Defend_G","Defend_G","Defend_G","Defend_G","Survivor","Neutralize+1","Dodge and Roll","Neutralize","Terror+1","Deadly Poison","Escape Plan","Cloak And Dagger","Well Laid Plans","Noxious Fumes","PiercingWail","Prepared+1","Acrobatics"],"relics":["Ring of the Snake","NeowsBlessing","Prayer Wheel","Matryoshka"],"potions_floor_usage":[6],"damage_taken":[{"damage":0,"enemies":"Small Slimes","floor":1,"turns":1},{"damage":0,"enemies":"Cultist","floor":4,"turns":1},{"damage":0,"enemies":"2 Louse","floor":5,"turns":1},{"damage":51,"enemies":"Gremlin Nob","floor":6,"turns":5},{"damage":0,"enemies":"Large Slime","floor":13,"turns":7},{"damage":0,"enemies":"Blue Slaver","floor":14,"turns":4},{"damage":16,"enemies":"Slime Boss","floor":16,"turns":3}],"seed_played":"589075709701433598","potions_obtained":[{"floor":4,"key":"PowerPotion"},{"floor":13,"key":"Weak Potion"}],"is_trial":false,"path_per_floor":["M","?","?","M","M","E","R","?","T","R","$","R","M","M","R","B"],"character_chosen":"THE_SILENT","items_purchased":["Well Laid Plans"],"campfire_rested":1,"item_purchase_floors":[11],"current_hp_per_floor":[63,52,52,52,52,1,22,15,15,15,15,15,15,15,15,0],"gold":128,"neow_bonus":"THREE_ENEMY_KILL","is_prod":false,"is_daily":false,"chose_seed":false,"campfire_upgraded":3,"win_rate":0,"timestamp":1563174721,"path_taken":["M","?","?","M","?","E","R","?","T","R","$","R","M","M","R","BOSS"],"build_version":"2019-07-05","purchased_purges":1,"victory":false,"max_hp_per_floor":[70,70,70,70,70,70,70,70,70,70,70,70,70,70,70,70],"card_choices":[{"not_picked":["Sucker Punch","Outmaneuver"],"picked":"Dodge and Roll","floor":1},{"not_picked":["All Out Attack","Slice"],"picked":"Deadly Poison","floor":4},{"not_picked":["Blade Dance","Flechettes"],"picked":"Escape Plan","floor":5},{"not_picked":["Flying Knee","Noxious Fumes"],"picked":"Cloak And Dagger","floor":6},{"not_picked":["Predator","Outmaneuver"],"picked":"Noxious Fumes","floor":13},{"not_picked":["Dodge and Roll","Underhanded Strike"],"picked":"PiercingWail","floor":13},{"not_picked":["Underhanded Strike","Blade Dance"],"picked":"Prepared","floor":14},{"not_picked":["Dodge and Roll","Poisoned Stab"],"picked":"Acrobatics","floor":14}],"player_experience":233230,"relics_obtained":[{"floor":6,"key":"Prayer Wheel"},{"floor":9,"key":"Matryoshka"}],"event_choices":[{"damage_healed":0,"gold_gain":75,"player_choice":"Gather Gold","damage_taken":11,"max_hp_gain":0,"max_hp_loss":0,"event_name":"World of Goop","floor":2,"gold_loss":0},{"damage_healed":0,"gold_gain":0,"player_choice":"2 cards matched","damage_taken":0,"max_hp_gain":0,"max_hp_loss":0,"event_name":"Match and Keep!","floor":3,"gold_loss":0,"cards_obtained":["Neutralize","Terror"]},{"cards_removed":["Strike_G"],"damage_healed":0,"gold_gain":0,"player_choice":"Card Removal","damage_taken":7,"max_hp_gain":0,"max_hp_loss":0,"event_name":"Golden Wing","floor":8,"gold_loss":0}],"is_beta":false,"boss_relics":[],"items_purged_floors":[11],"is_endless":false,"potions_floor_spawned":[4,13],"killed_by":"Slime Boss","ascension_level":11}