{"gold_per_floor":[114,114,129,129,40,40,40,55,55,70,70,130,9,9,9,109,109,124,139,47,62,77,77,92,107,107,107,22,37,52,151,151,151],"floor_reached":33,"playtime":2831,"items_purged":[],"score":249,"play_id":"5d005a21-a31b-497d-96f5-76b800137fd1","local_time":"20180701141704","daily_mods":["Diverse","Lethality","Binary"],"is_ascension_mode":false,"campfire_choices":[{"data":"True Grit","floor":6,"key":"SMITH"},{"data":"Die Die Die","floor":11,"key":"SMITH"},{"floor":15,"key":"REST"},{"floor":23,"key":"REST"},{"data":"Reboot","floor":27,"key":"SMITH"},{"floor":32,"key":"REST"}],"neow_cost":"","seed_source_timestamp":8967962705944,"circlet_count":0,"master_deck":["Defend_G","Defend_G","Defend_G","Defend_G","Strike_G","Strike_G","Strike_G","Strike_G","Strike_G","Survivor+1","Neutralize","Go for the Eyes","True Grit+1","Finesse","Neutralize","Die Die Die+1","Heel Hook","Predator+1","PiercingWail","Poisoned Stab","Rampage","Headbutt","Reboot+1","Iron Wave","Conserve Battery","Backstab","Stack","Pommel Strike","Grand Finale","Crippling Poison","PiercingWail+1","Decay","Dagger Throw+1","Rip and Tear"],"special_seed":17713,"relics":["Ring of the Snake","Juzu Bracelet","Tiny Chest","Cursed Key","Bottled Lightning","The Specimen"],"potions_floor_usage":[16,22,24,24],"damage_taken":[{"damage":0,"enemies":"Jaw Worm","floor":1,"turns":3},{"damage":0,"enemies":"Cultist","floor":3,"turns":3},{"damage":0,"enemies":"2 Louse","floor":8,"turns":1},{"damage":0,"enemies":"Gremlin Gang","floor":10,"turns":3},{"damage":14,"enemies":"Lagavulin","floor":12,"turns":6},{"damage":45,"enemies":"The Guardian","floor":16,"turns":13},{"damage":9,"enemies":"Chosen","floor":18,"turns":3},{"damage":3,"enemies":"2 Thieves","floor":19,"turns":2},{"damage":4,"enemies":"Sentry and Sphere","floor":21,"turns":3},{"damage":2,"enemies":"Slaver and Parasite","floor":22,"turns":5},{"damage":2,"enemies":"Centurion and Healer","floor":24,"turns":3},{"damage":3,"enemies":"Snecko","floor":25,"turns":4},{"damage":0,"enemies":"Sentry and Sphere","floor":29,"turns":3},{"damage":19,"enemies":"Snake Plant","floor":30,"turns":5},{"damage":70,"enemies":"Automaton","floor":33,"turns":6}],"seed_played":"-8851648875795215677","potions_obtained":[{"floor":8,"key":"SteroidPotion"},{"floor":10,"key":"FearPotion"},{"floor":12,"key":"EssenceOfSteel"},{"floor":18,"key":"Block Potion"},{"floor":21,"key":"Swift Potion"},{"floor":22,"key":"EssenceOfSteel"}],"is_trial":false,"path_per_floor":["M","?","M","?","$","R","?","M","T","M","R","E","$","?","R","B",null,"M","M","$","M","M","R","M","M","T","R","?","M","M","?","R"],"character_chosen":"THE_SILENT","items_purchased":["Finesse","Rampage","Headbutt","Backstab","Stack"],"campfire_rested":3,"item_purchase_floors":[5,13,13,20,20],"current_hp_per_floor":[70,70,70,70,70,70,70,70,70,70,70,56,56,56,70,25,70,61,58,58,54,52,70,68,65,65,65,65,65,46,46,67,0],"gold":151,"neow_bonus":"","is_prod":false,"is_daily":true,"chose_seed":false,"campfire_upgraded":3,"win_rate":0.0,"timestamp":1530422224,"path_taken":["M","?","?","?","$","R","?","?","T","M","R","E","$","?","R","BOSS","M","M","$","M","M","R","M","M","T","R","?","M","M","?","R","BOSS"],"build_version":"2018-06-28","purchased_purges":0,"victory":false,"max_hp_per_floor":[70,70,70,70,70,70,70,70,70,70,70,70,70,70,70,70,70,70,70,70,70,70,70,70,70,70,70,70,70,70,70,70,70],"card_choices":[{"not_picked":["Fire Breathing"],"picked":"Go for the Eyes","floor":1},{"not_picked":["Doom and Gloom"],"picked":"True Grit","floor":3},{"not_picked":["Evolve"],"picked":"Predator","floor":8},{"not_picked":["Distraction"],"picked":"PiercingWail","floor":10},{"not_picked":["Infernal Blade"],"picked":"Poisoned Stab","floor":12},{"not_picked":["Tools of the Trade"],"picked":"Reboot","floor":16},{"not_picked":["Flying Knee"],"picked":"Iron Wave","floor":18},{"not_picked":["Quick Slash"],"picked":"Conserve Battery","floor":19},{"not_picked":["Consume"],"picked":"Pommel Strike","floor":21},{"not_picked":["Compile Driver"],"picked":"Grand Finale","floor":22},{"not_picked":["Compile Driver"],"picked":"Crippling Poison","floor":24},{"not_picked":["Hologram+1"],"picked":"PiercingWail+1","floor":25},{"not_picked":["Thunderclap"],"picked":"Dagger Throw+1","floor":29},{"not_picked":["Havoc"],"picked":"Rip and Tear","floor":30}],"player_experience":44494,"relics_obtained":[{"floor":9,"key":"Juzu Bracelet"},{"floor":12,"key":"Tiny Chest"},{"floor":26,"key":"Bottled Lightning"}],"event_choices":[{"event_name":"Upgrade Shrine","player_choice":"Upgraded","floor":2,"damage_taken":0},{"event_name":"Purifier","player_choice":"One Purge","floor":4,"damage_taken":0},{"event_name":"Match and Keep!","player_choice":"3 cards matched","floor":7,"damage_taken":0},{"event_name":"Accursed Blacksmith","player_choice":"Forge","floor":14,"damage_taken":0},{"event_name":"Addict","player_choice":"Obtained Relic","floor":28,"damage_taken":0},{"event_name":"Nest","player_choice":"Stole From Cult","floor":31,"damage_taken":0}],"boss_relics":[{"not_picked":["Snecko Eye","Empty Cage"],"picked":"Cursed Key"}],"items_purged_floors":[],"is_endless":false,"potions_floor_spawned":[8,10,12,18,21,22],"killed_by":"Automaton","ascension_level":0}