{"gold_per_floor":[118,129,129,139,139,139,182,10,33,208,231,274,289,330,330,453,453,478,478,497,45,65,104,125,140,212,251,251,269,292,292,292,415,415,439,458,479,500,19,19,52,52,52,93,117,0,41,53,65,77],"floor_reached":51,"playtime":4543,"items_purged":["Injury","Doubt","Strike_R"],"score":1074,"play_id":"916c7840-c2ec-4a2e-adc0-42b3d5d4d07e","local_time":"20190801014419","is_ascension_mode":true,"campfire_choices":[{"data":"Bash","floor":6,"key":"SMITH"},{"data":"Shockwave","floor":15,"key":"SMITH"},{"data":"Double Tap","floor":28,"key":"SMITH"},{"data":"Shrug It Off","floor":32,"key":"SMITH"},{"data":"Infernal Blade","floor":40,"key":"SMITH"},{"floor":49,"key":"REST"}],"neow_cost":"NONE","seed_source_timestamp":520866080360000,"circlet_count":0,"master_deck":["Strike_R","Strike_R","Strike_R","Defend_R","Defend_R","Defend_R","Defend_R","Bash+1","Infernal Blade+1","Anger","Dropkick","Whirlwind","Shockwave+1","Clash","Clash","Reaper","Uppercut+1","True Grit+1","Anger","Clash+1","Double Tap+1","Shrug It Off+1","Dropkick","Bludgeon","Inflame+1","Seeing Red+1","Intimidate+1","Limit Break","Body Slam","Spot Weakness+1","Twin Strike+1","Madness+1","Madness+1"],"relics":["Burning Blood","Golden Idol","Vajra","Happy Flower","Nunchaku","Du-Vu Doll","Runic Cube","MutagenicStrength","PreservedInsect","Lee\u0027s Waffle","Smiling Mask","Pear","The Courier","Runic Pyramid","Shuriken","Juzu Bracelet","Bag of Marbles","Ornamental Fan","Mercury Hourglass","Toxic Egg 2","Red Mask","MawBank"],"potions_floor_usage":[4,7,7,8,12,12,12,14,18,23,27,35,38,44,45,50],"damage_taken":[{"damage":1,"enemies":"2 Louse","floor":1,"turns":4},{"damage":4,"enemies":"Jaw Worm","floor":2,"turns":4},{"damage":0,"enemies":"Cultist","floor":4,"turns":2},{"damage":5,"enemies":"Gremlin Nob","floor":7,"turns":3},{"damage":12,"enemies":"Looter","floor":11,"turns":3},{"damage":26,"enemies":"3 Sentries","floor":12,"turns":6},{"damage":12,"enemies":"Exordium Wildlife","floor":13,"turns":3},{"damage":8,"enemies":"Lagavulin","floor":14,"turns":5},{"damage":0,"enemies":"Slime Boss","floor":16,"turns":5},{"damage":15,"enemies":"2 Thieves","floor":18,"turns":3},{"damage":4,"enemies":"Shell Parasite","floor":20,"turns":3},{"damage":15,"enemies":"3 Cultists","floor":22,"turns":4},{"damage":8,"enemies":"Gremlin Leader","floor":23,"turns":2},{"damage":3,"enemies":"Centurion and Healer","floor":24,"turns":4},{"damage":12,"enemies":"Snake Plant","floor":25,"turns":3},{"damage":22,"enemies":"Slavers","floor":27,"turns":4},{"damage":0,"enemies":"Snecko","floor":29,"turns":2},{"damage":12,"enemies":"Centurion and Healer","floor":30,"turns":4},{"damage":73,"enemies":"Automaton","floor":33,"turns":9},{"damage":12,"enemies":"Orb Walker","floor":35,"turns":2},{"damage":0,"enemies":"3 Shapes","floor":36,"turns":1},{"damage":24,"enemies":"Jaw Worm Horde","floor":37,"turns":3},{"damage":12,"enemies":"Maw","floor":38,"turns":6},{"damage":9,"enemies":"Giant Head","floor":41,"turns":4},{"damage":67,"enemies":"Reptomancer","floor":44,"turns":3},{"damage":29,"enemies":"Transient","floor":45,"turns":5},{"damage":4,"enemies":"Giant Head","floor":47,"turns":3},{"damage":66,"enemies":"Awakened One","floor":50,"turns":7}],"seed_played":"-1774834926252660932","potions_obtained":[{"floor":2,"key":"EntropicBrew"},{"floor":7,"key":"Weak Potion"},{"floor":11,"key":"Dexterity Potion"},{"floor":13,"key":"Dexterity Potion"},{"floor":16,"key":"Swift Potion"},{"floor":20,"key":"EssenceOfSteel"},{"floor":25,"key":"Swift Potion"},{"floor":33,"key":"PowerPotion"},{"floor":37,"key":"Energy Potion"},{"floor":41,"key":"SkillPotion"},{"floor":44,"key":"Energy Potion"},{"floor":47,"key":"BloodPotion"}],"is_trial":false,"path_per_floor":["M","M","?","M","?","R","E","$","T","?","M","E","M","E","R","B",null,"M","?","M","$","M","E","M","M","T","E","R","M","M","?","R","B",null,"M","M","M","M","$","R","E","?","T","E","M","?","E","?","R","B",null],"character_chosen":"IRONCLAD","items_purchased":["Fruit Juice","PreservedInsect","Lee\u0027s Waffle","Shuriken","Juzu Bracelet","Bag of Marbles"],"campfire_rested":1,"item_purchase_floors":[8,21,21,39,39,39],"current_hp_per_floor":[88,88,81,87,87,87,88,93,93,93,87,67,61,59,59,65,86,77,77,79,100,99,97,100,94,104,93,93,99,107,107,107,40,93,87,93,87,93,93,93,103,103,103,77,82,82,84,70,103,100],"gold":89,"neow_bonus":"TEN_PERCENT_HP_BONUS","is_prod":false,"is_daily":false,"chose_seed":false,"campfire_upgraded":5,"win_rate":0,"timestamp":1564641859,"path_taken":["M","M","?","M","?","R","E","$","T","?","M","E","M","E","R","BOSS","M","?","M","$","M","E","M","M","T","E","R","M","M","?","R","BOSS","M","M","M","M","$","R","E","?","T","E","M","?","E","?","R","BOSS"],"build_version":"2019-07-17","purchased_purges":3,"victory":true,"max_hp_per_floor":[88,88,88,88,88,88,88,93,93,93,93,93,93,93,93,93,93,93,93,93,100,100,100,100,100,110,110,110,110,110,110,110,110,110,110,110,110,110,110,110,110,110,110,110,110,110,110,110,110,110],"card_choices":[{"not_picked":["Perfected Strike","Warcry"],"picked":"Infernal Blade","floor":1},{"not_picked":["Havoc","Power Through"],"picked":"Anger","floor":2},{"not_picked":["Clothesline","Sword Boomerang"],"picked":"Dropkick","floor":4},{"not_picked":["Rupture","Heavy Blade"],"picked":"Whirlwind","floor":7},{"not_picked":["Feel No Pain","Reckless Charge","Corruption"],"picked":"SKIP","floor":11},{"not_picked":["Flex","Feel No Pain"],"picked":"Shockwave","floor":12},{"not_picked":["Fire Breathing","Iron Wave"],"picked":"Clash","floor":13},{"not_picked":["Warcry","Reckless Charge"],"picked":"Clash","floor":14},{"not_picked":["Offering","Barricade"],"picked":"Reaper","floor":16},{"not_picked":["Shrug It Off","Reckless Charge"],"picked":"Uppercut+1","floor":18},{"not_picked":["Infernal Blade","Havoc"],"picked":"True Grit+1","floor":20},{"not_picked":["Body Slam","Havoc"],"picked":"Anger","floor":22},{"not_picked":["Clothesline+1","Reckless Charge"],"picked":"Clash+1","floor":23},{"not_picked":["Headbutt","Infernal Blade","Disarm"],"picked":"SKIP","floor":24},{"not_picked":["Combust","True Grit"],"picked":"Double Tap","floor":25},{"not_picked":["Headbutt","Heavy Blade","Clothesline"],"picked":"SKIP","floor":27},{"not_picked":["Pummel","Inflame"],"picked":"Shrug It Off","floor":29},{"not_picked":["Clash","Iron Wave"],"picked":"Dropkick","floor":30},{"not_picked":["Brutality","Fiend Fire"],"picked":"Bludgeon","floor":33},{"not_picked":["Shrug It Off","Power Through"],"picked":"Inflame+1","floor":35},{"not_picked":["Evolve+1","Wild Strike+1"],"picked":"Seeing Red+1","floor":36},{"not_picked":["Shockwave+1","Sword Boomerang"],"picked":"Intimidate+1","floor":37},{"not_picked":["Combust","Cleave","Havoc+1"],"picked":"SKIP","floor":38},{"not_picked":["Warcry+1","Pommel Strike"],"picked":"Limit Break","floor":41},{"not_picked":["Clothesline+1","Power Through"],"picked":"Body Slam","floor":44},{"not_picked":["Perfected Strike+1","Evolve"],"picked":"Spot Weakness+1","floor":45},{"not_picked":["Reckless Charge+1","Heavy Blade+1"],"picked":"Twin Strike+1","floor":47}],"player_experience":209113,"relics_obtained":[{"floor":7,"key":"Vajra"},{"floor":9,"key":"Happy Flower"},{"floor":12,"key":"Nunchaku"},{"floor":14,"key":"Du-Vu Doll"},{"floor":23,"key":"Smiling Mask"},{"floor":26,"key":"Pear"},{"floor":27,"key":"The Courier"},{"floor":41,"key":"Ornamental Fan"},{"floor":43,"key":"Mercury Hourglass"},{"floor":44,"key":"Toxic Egg 2"},{"floor":47,"key":"MawBank"}],"event_choices":[{"cards_removed":["Strike_R"],"damage_healed":0,"gold_gain":0,"player_choice":"Card Removal","damage_taken":7,"max_hp_gain":0,"max_hp_loss":0,"event_name":"Golden Wing","floor":3,"gold_loss":0},{"damage_healed":0,"gold_gain":0,"player_choice":"Take Wound","damage_taken":0,"relics_obtained":["Golden Idol"],"max_hp_gain":0,"max_hp_loss":0,"event_name":"Golden Idol","floor":5,"gold_loss":0,"cards_obtained":["Injury"]},{"damage_healed":0,"gold_gain":175,"player_choice":"AGREE","damage_taken":0,"max_hp_gain":0,"max_hp_loss":0,"event_name":"Liars Game","floor":10,"gold_loss":0,"cards_obtained":["Doubt"]},{"damage_healed":0,"gold_gain":0,"player_choice":"Inject Mutagens","damage_taken":0,"relics_obtained":["MutagenicStrength"],"max_hp_gain":0,"max_hp_loss":0,"event_name":"Drug Dealer","floor":19,"gold_loss":0},{"damage_healed":0,"gold_gain":0,"player_choice":"Ignored","damage_taken":0,"max_hp_gain":0,"max_hp_loss":0,"event_name":"Ghosts","floor":31,"gold_loss":0},{"damage_healed":0,"gold_gain":0,"player_choice":"Ignored","damage_taken":0,"max_hp_gain":0,"max_hp_loss":0,"event_name":"SecretPortal","floor":42,"gold_loss":0},{"damage_healed":0,"gold_gain":0,"player_choice":"Paid","damage_taken":0,"relics_obtained":["Red Mask"],"max_hp_gain":0,"max_hp_loss":0,"event_name":"Tomb of Lord Red Mask","floor":46,"gold_loss":117},{"damage_healed":0,"gold_gain":0,"player_choice":"Embrace Madness","damage_taken":14,"max_hp_gain":0,"max_hp_loss":0,"event_name":"Winding Halls","floor":48,"gold_loss":0,"cards_obtained":["Madness","Madness"]}],"is_beta":false,"boss_relics":[{"not_picked":["White Beast Statue","Fusion Hammer"],"picked":"Runic Cube"},{"not_picked":["Black Blood","Coffee Dripper"],"picked":"Runic Pyramid"}],"items_purged_floors":[8,21,39],"is_endless":false,"potions_floor_spawned":[2,7,11,13,16,20,25,33,37,41,44,47],"ascension_level":5}