{"gold_per_floor":[114,127,144,69,86,86,119,119,142,142,168,93,109,32,32,103,103,113,113,113,28,43,43],"floor_reached":23,"playtime":670,"items_purged":["Strike_G"],"score":398,"play_id":"6a622df3-fd68-4e75-b8b0-00a397d82b69","local_time":"20190804142841","is_ascension_mode":true,"campfire_choices":[{"data":"Dagger Spray","floor":6.0,"key":"SMITH"},{"data":"Neutralize","floor":10.0,"key":"SMITH"},{"data":"Caltrops","floor":15.0,"key":"SMITH"}],"neow_cost":"NONE","seed_source_timestamp":159871490134060,"circlet_count":0,"master_deck":["AscendersBane","Defend_G","Defend_G","Defend_G","Defend_G","Defend_G","Survivor","Neutralize+1","Riddle With Holes","Dagger Throw","Dagger Spray+1","Burst","PiercingWail","Caltrops+1","Malaise","Cloak And Dagger","Reflex","Predator"],"special_seed":0,"relics":["Ring of the Snake","Juzu Bracelet","PreservedInsect","Oddly Smooth Stone","White Beast Statue","Bronze Scales"],"potions_floor_usage":[16,23,23],"damage_taken":[{"damage":2.0,"enemies":"2 Louse","floor":1.0,"turns":4.0},{"damage":4.0,"enemies":"Small Slimes","floor":2.0,"turns":3.0},{"damage":0.0,"enemies":"Jaw Worm","floor":3.0,"turns":5.0},{"damage":2.0,"enemies":"Looter","floor":5.0,"turns":5.0},{"damage":2.0,"enemies":"3 Sentries","floor":7.0,"turns":3.0},{"damage":3.0,"enemies":"Gremlin Nob","floor":11.0,"turns":3.0},{"damage":2.0,"enemies":"2 Fungi Beasts","floor":13.0,"turns":3.0},{"damage":29,"enemies":"Hexaghost","floor":16,"turns":11},{"damage":35,"enemies":"Chosen","floor":18,"turns":7},{"damage":11,"enemies":"Spheric Guardian","floor":22,"turns":6},{"damage":18,"enemies":"Gremlin Leader","floor":23,"turns":6}],"seed_played":"-486651361254271472","potions_obtained":[{"floor":1.0,"key":"SteroidPotion"},{"floor":3.0,"key":"AttackPotion"},{"floor":7.0,"key":"SteroidPotion"},{"floor":18,"key":"PowerPotion"},{"floor":22,"key":"Explosive Potion"}],"is_trial":false,"path_per_floor":["M","M","M","$","M","R","E","?","T","R","E","?","M","$","R","B",null,"M","?","?","?","M","E"],"character_chosen":"THE_SILENT","items_purchased":["Caltrops"],"campfire_rested":0,"item_purchase_floors":[14],"current_hp_per_floor":[63,59,59,59,57,57,55,55,55,55,52,52,50,50,50,21,59,24,24,24,24,13,0],"gold":43,"neow_bonus":"TEN_PERCENT_HP_BONUS","is_prod":false,"is_daily":false,"chose_seed":false,"campfire_upgraded":3,"win_rate":0,"timestamp":1564954121,"path_taken":["M","M","M","$","M","R","E","?","T","R","E","?","M","$","R","BOSS","M","?","?","?","M","E"],"build_version":"2019-07-17","purchased_purges":1,"victory":false,"max_hp_per_floor":[72,72,72,72,72,72,72,72,72,72,72,72,72,72,72,72,72,72,72,72,72,72,72],"card_choices":[{"not_picked":["Finisher","Blur"],"picked":"Riddle With Holes","floor":1.0},{"not_picked":["Crippling Poison","Acrobatics"],"picked":"Dagger Throw","floor":2.0},{"not_picked":["Cloak And Dagger","PiercingWail"],"picked":"Dagger Spray","floor":3.0},{"not_picked":["Outmaneuver","Poisoned Stab","Escape Plan"],"picked":"SKIP","floor":5.0},{"not_picked":["Distraction","Dagger Throw"],"picked":"Burst","floor":7.0},{"not_picked":["Slice","Sucker Punch","Skewer"],"picked":"SKIP","floor":11.0},{"not_picked":["Prepared","Concentrate"],"picked":"PiercingWail","floor":13.0},{"not_picked":["A Thousand Cuts","Burst"],"picked":"Malaise","floor":16},{"not_picked":["Quick Slash+1","Bane"],"picked":"Cloak And Dagger","floor":18},{"not_picked":["Sucker Punch","Eviscerate","Quick Slash"],"picked":"SKIP","floor":22}],"player_experience":858292,"relics_obtained":[{"floor":7.0,"key":"Juzu Bracelet"},{"floor":9.0,"key":"PreservedInsect"},{"floor":11.0,"key":"Oddly Smooth Stone"}],"event_choices":[{"cards_removed":["Strike_G"],"damage_healed":0.0,"max_hp_gain":0.0,"max_hp_loss":0.0,"gold_gain":0.0,"event_name":"Living Wall","player_choice":"Forget","floor":8.0,"gold_loss":0.0,"damage_taken":0.0},{"cards_removed":["Strike_G"],"damage_healed":0.0,"max_hp_gain":0.0,"max_hp_loss":0.0,"gold_gain":0.0,"event_name":"The Cleric","player_choice":"Card Removal","floor":12.0,"gold_loss":75.0,"damage_taken":0.0},{"damage_healed":0,"gold_gain":0,"cards_transformed":["Strike_G","Strike_G"],"player_choice":"Became Test Subject","damage_taken":0,"max_hp_gain":0,"max_hp_loss":0,"event_name":"Drug Dealer","floor":19,"gold_loss":0,"cards_obtained":["Reflex","Predator"]},{"damage_healed":0,"gold_gain":0,"player_choice":"Ignored","damage_taken":0,"max_hp_gain":0,"max_hp_loss":0,"event_name":"Vampires","floor":20,"gold_loss":0},{"damage_healed":0,"gold_gain":0,"player_choice":"Obtained Relic","damage_taken":0,"relics_obtained":["Bronze Scales"],"max_hp_gain":0,"max_hp_loss":0,"event_name":"Addict","floor":21,"gold_loss":85}],"is_beta":false,"boss_relics":[{"not_picked":["WristBlade","HoveringKite"],"picked":"White Beast Statue"}],"items_purged_floors":[4],"is_endless":false,"potions_floor_spawned":[1,3,7,18,22],"killed_by":"Gremlin Leader","ascension_level":20}