{"gold_per_floor":[113,123,134,134,150,180,234,262,262,262,262,278,292,320,320,423,423,434,59,59,71,82,82,108,108,153,25,25],"floor_reached":28,"playtime":1857,"items_purged":["Strike_R"],"score":348,"play_id":"ffdd8c71-5ffe-4c81-8c11-cd3aaaa0ca9e","local_time":"20180725175543","is_ascension_mode":true,"campfire_choices":[{"data":"Body Slam","floor":10,"key":"SMITH"},{"data":"Fire Breathing","floor":15,"key":"SMITH"},{"data":"Barricade","floor":23,"key":"SMITH"},{"data":"Armaments","floor":25,"key":"SMITH"}],"neow_cost":"NONE","seed_source_timestamp":356094082822862,"circlet_count":0,"master_deck":["Strike_R+1","Strike_R+1","Defend_R","Defend_R","Defend_R","Defend_R","Bash","Juggernaut","Body Slam+1","Cleave","Heavy Blade","Fire Breathing+1","Cleave","Shrug It Off","Pommel Strike+1","Headbutt+1","Iron Wave+1","Clothesline+1","Flame Barrier","Barricade+1","Burning Pact","Reaper+1","Writhe","Armaments+1","Shrug It Off","Feed+1","True Grit"],"relics":["Burning Blood","Molten Egg 2","Bag of Marbles","Whetstone","Gremlin Horn","Question Card","Mark of Pain","Matryoshka","Meat on the Bone","Art of War","Shuriken","Regal Pillow"],"potions_floor_usage":[5,8,16,22,22,24],"damage_taken":[{"damage":5,"enemies":"Cultist","floor":1,"turns":5},{"damage":0,"enemies":"Small Slimes","floor":2,"turns":3},{"damage":10,"enemies":"2 Louse","floor":3,"turns":2},{"damage":19,"enemies":"Blue Slaver","floor":5,"turns":4},{"damage":29,"enemies":"3 Sentries","floor":6,"turns":6},{"damage":18,"enemies":"Gremlin Nob","floor":8,"turns":5},{"damage":0,"enemies":"Exordium Wildlife","floor":12,"turns":1},{"damage":0,"enemies":"3 Louse","floor":13,"turns":1},{"damage":7,"enemies":"3 Sentries","floor":14,"turns":6},{"damage":35,"enemies":"Hexaghost","floor":16,"turns":10},{"damage":0,"enemies":"Chosen","floor":18,"turns":4},{"damage":11,"enemies":"2 Thieves","floor":21,"turns":4},{"damage":32,"enemies":"Cultist and Chosen","floor":22,"turns":9},{"damage":15,"enemies":"Slavers","floor":24,"turns":7},{"damage":57,"enemies":"Book of Stabbing","floor":28,"turns":7}],"seed_played":"5613627974398833662","potions_obtained":[{"floor":1,"key":"BloodPotion"},{"floor":5,"key":"Weak Potion"},{"floor":13,"key":"FearPotion"},{"floor":16,"key":"SkillPotion"},{"floor":18,"key":"Block Potion"},{"floor":22,"key":"AttackPotion"}],"is_trial":false,"path_per_floor":["M","M","M","?","M","E","T","E","T","R","?","M","M","E","R","B",null,"M","$","?","M","M","R","E","R","T","$"],"character_chosen":"IRONCLAD","items_purchased":["Reaper+1","Matryoshka","True Grit"],"campfire_rested":0,"item_purchase_floors":[19,19,27],"current_hp_per_floor":[73,79,75,75,70,47,47,35,35,35,35,41,47,46,46,17,64,70,70,70,72,54,54,52,52,52,52,0],"gold":25,"neow_bonus":"ONE_RANDOM_RARE_CARD","is_prod":false,"is_daily":false,"chose_seed":false,"campfire_upgraded":4,"win_rate":0,"timestamp":1532555743,"path_taken":["M","M","?","?","M","E","?","E","T","R","?","?","?","E","R","BOSS","M","$","?","M","M","R","E","R","T","$","E"],"build_version":"2018-07-19v2","purchased_purges":1,"victory":false,"max_hp_per_floor":[80,80,80,80,80,80,80,80,80,80,80,80,80,80,80,80,80,80,80,80,80,80,80,80,80,80,80,80],"card_choices":[{"not_picked":["Uppercut","Sentinel"],"picked":"Body Slam","floor":1},{"not_picked":["Perfected Strike","Sword Boomerang"],"picked":"Cleave","floor":2},{"not_picked":["Bloodletting","Headbutt"],"picked":"Heavy Blade","floor":3},{"not_picked":["Fire Breathing","Wild Strike"],"picked":"Cleave","floor":5},{"not_picked":["Bludgeon","Rupture"],"picked":"Shrug It Off","floor":6},{"not_picked":["Rage","Clothesline+1"],"picked":"Pommel Strike+1","floor":8},{"not_picked":["Warcry","True Grit"],"picked":"Iron Wave+1","floor":12},{"not_picked":["Twin Strike+1","Power Through"],"picked":"Clothesline+1","floor":13},{"not_picked":["Second Wind","Whirlwind+1"],"picked":"Flame Barrier","floor":14},{"not_picked":["Double Tap","Exhume","Fiend Fire+1"],"picked":"Barricade","floor":16},{"not_picked":["Havoc+1","Thunderclap+1","Wild Strike+1"],"picked":"Burning Pact","floor":18},{"not_picked":["Battle Trance","Berserk","Clash+1"],"picked":"Armaments","floor":21},{"not_picked":["Warcry","Havoc","Perfected Strike+1"],"picked":"Shrug It Off","floor":22},{"not_picked":["Rampage+1","Clash+1","Whirlwind+1"],"picked":"Feed+1","floor":24}],"player_experience":319254,"relics_obtained":[{"floor":6,"key":"Molten Egg 2"},{"floor":7,"key":"Bag of Marbles"},{"floor":8,"key":"Whetstone"},{"floor":9,"key":"Gremlin Horn"},{"floor":14,"key":"Question Card"},{"floor":24,"key":"Art of War"},{"floor":26,"key":"Shuriken"},{"floor":26,"key":"Regal Pillow"}],"event_choices":[{"event_name":"Living Wall","player_choice":"Change","floor":4,"damage_taken":0},{"event_name":"Transmorgrifier","player_choice":"Transform","floor":11,"damage_taken":0},{"event_name":"The Mausoleum","player_choice":"Yes","floor":20,"damage_taken":0}],"is_beta":false,"boss_relics":[{"not_picked":["Philosopher\u0027s Stone","Astrolabe"],"picked":"Mark of Pain"}],"items_purged_floors":[27],"is_endless":false,"potions_floor_spawned":[1,5,13,16,18,22],"killed_by":"Book of Stabbing","ascension_level":7}