{"gold_per_floor":[119,119,44,59,7,38,49,49,49,77,77,77,104,132,132,132],"floor_reached":16,"playtime":1069,"items_purged":["Pain"],"score":132,"play_id":"a0d16456-ac97-4296-a37d-6971751798c0","local_time":"20190802000133","is_ascension_mode":true,"campfire_choices":[{"floor":12,"key":"REST"},{"floor":15,"key":"REST"}],"neow_cost":"NONE","seed_source_timestamp":604583608511000,"circlet_count":0,"master_deck":["Strike_G","Strike_G","Strike_G","Strike_G","Strike_G","Defend_G","Defend_G","Defend_G+1","Defend_G","Defend_G","Survivor+1","Neutralize+1","Dagger Throw","Dodge and Roll","Heel Hook","Bane","Dagger Spray+1","Good Instincts","Venomology","Poisoned Stab+1","Outmaneuver"],"relics":["Ring of the Snake","WarpedTongs","WingedGreaves","Molten Egg 2","War Paint","Anchor","Torii"],"potions_floor_usage":[4,6,13,13,13,14,16],"damage_taken":[{"damage":0,"enemies":"2 Louse","floor":1,"turns":4},{"damage":0,"enemies":"Cultist","floor":4,"turns":3},{"damage":6,"enemies":"Gremlin Nob","floor":6,"turns":5},{"damage":0,"enemies":"Jaw Worm","floor":7,"turns":5},{"damage":35,"enemies":"Lagavulin","floor":10,"turns":11},{"damage":4,"enemies":"3 Sentries","floor":13,"turns":3},{"damage":4,"enemies":"Gremlin Nob","floor":14,"turns":4},{"damage":68,"enemies":"Slime Boss","floor":16,"turns":9}],"seed_played":"5332784123176684211","potions_obtained":[{"floor":1,"key":"AttackPotion"},{"floor":6,"key":"Explosive Potion"},{"floor":10,"key":"Explosive Potion"}],"is_trial":false,"path_per_floor":["M","?","$","M","$","E","M","$","T","E","?","R","E","E","R","B"],"character_chosen":"THE_SILENT","items_purchased":["Fire Potion"],"campfire_rested":2,"item_purchase_floors":[5],"current_hp_per_floor":[70,70,70,70,70,64,64,64,64,29,29,50,46,42,63,0],"gold":132,"neow_bonus":"UPGRADE_CARD","is_prod":false,"is_daily":false,"chose_seed":false,"campfire_upgraded":0,"win_rate":0,"timestamp":1564722093,"path_taken":["M","?","$","M","?","E","M","?","T","E","?","R","E","E","R","BOSS"],"build_version":"2019-07-17","purchased_purges":1,"victory":false,"max_hp_per_floor":[70,70,70,70,70,70,70,70,70,70,70,70,70,70,70,70],"card_choices":[{"not_picked":["Terror","Bane"],"picked":"Dagger Throw","floor":1},{"not_picked":["Prepared","Flechettes"],"picked":"Dodge and Roll","floor":4},{"not_picked":["Poisoned Stab","Outmaneuver"],"picked":"Heel Hook","floor":6},{"not_picked":["Expertise","Caltrops"],"picked":"Bane","floor":7},{"not_picked":["Crippling Poison","Prepared"],"picked":"Dagger Spray+1","floor":10},{"not_picked":["Cloak And Dagger","Prepared"],"picked":"Poisoned Stab+1","floor":13},{"not_picked":["Slice+1","Footwork"],"picked":"Outmaneuver","floor":14}],"player_experience":213656,"relics_obtained":[{"floor":6,"key":"WingedGreaves"},{"floor":9,"key":"Molten Egg 2"},{"floor":10,"key":"War Paint"},{"floor":13,"key":"Anchor"},{"floor":14,"key":"Torii"}],"event_choices":[{"damage_healed":0,"gold_gain":0,"player_choice":"Rummage","damage_taken":0,"relics_obtained":["WarpedTongs"],"max_hp_gain":0,"max_hp_loss":0,"event_name":"Accursed Blacksmith","floor":2,"gold_loss":0,"cards_obtained":["Pain"]},{"damage_healed":0,"gold_gain":0,"player_choice":"2 cards matched","damage_taken":0,"max_hp_gain":0,"max_hp_loss":0,"event_name":"Match and Keep!","floor":11,"gold_loss":0,"cards_obtained":["Good Instincts","Venomology"]}],"is_beta":false,"boss_relics":[],"items_purged_floors":[3],"is_endless":false,"potions_floor_spawned":[1,6,10],"killed_by":"Slime Boss","ascension_level":1}