{"gold_per_floor":[114,129,129,148,167,186,186,35,85,104,279,279,298,317,317,442,442,461,100,119,138,157,157,157,176,176,176,195,214,214,214,214,214],"floor_reached":33,"playtime":4441,"items_purged":[],"score":270,"play_id":"de1153f6-0246-4097-b437-79e1839ffe08","local_time":"20180630182022","daily_mods":["Heirloom","Cursed Run","Terminal"],"is_ascension_mode":false,"campfire_choices":[{"data":"Darkness","floor":7,"key":"SMITH"},{"data":"Doom and Gloom","floor":12,"key":"SMITH"},{"data":"Turbo","floor":15,"key":"SMITH"},{"floor":24,"key":"REST"},{"floor":32,"key":"REST"}],"neow_cost":"","seed_source_timestamp":3548732469677221,"circlet_count":0,"master_deck":["Strike_B","Strike_B","Strike_B","Strike_B","Defend_B","Defend_B","Defend_B","Defend_B","Zap","Dualcast","Darkness+1","Streamline","Beam Cell","FTL","Auto Shields","Skim","Doom and Gloom+1","Turbo+1","Clumsy","Leap","Doubt","Echo Form","Loop","Normality","Hyperbeam","Steam","Aggregate","Reboot","Redo","Turbo","Hello World","Darkness","Panache","Flash of Steel","Skim+1","Streamline","Core Surge","Scrape+1","Streamline","Doubt","Mind Blast","Rip and Tear","BootSequence","Reboot","Steam+1"],"special_seed":17712,"relics":["Cursed Key","Darkstone Periapt","Du-Vu Doll","Torii","Golden Idol","Dream Catcher","Orrery","Emotion Chip"],"potions_floor_usage":[10,14,18,22,22,25,25,33],"damage_taken":[{"damage":0,"enemies":"Cultist","floor":1,"turns":3},{"damage":0,"enemies":"2 Louse","floor":2,"turns":3},{"damage":1,"enemies":"Jaw Worm","floor":4,"turns":2},{"damage":2,"enemies":"Lots of Slimes","floor":5,"turns":4},{"damage":1,"enemies":"Red Slaver","floor":6,"turns":3},{"damage":0,"enemies":"Gremlin Gang","floor":10,"turns":2},{"damage":0,"enemies":"3 Louse","floor":13,"turns":2},{"damage":0,"enemies":"2 Fungi Beasts","floor":14,"turns":2},{"damage":1,"enemies":"The Guardian","floor":16,"turns":8},{"damage":2,"enemies":"3 Byrds","floor":18,"turns":6},{"damage":1,"enemies":"Shell Parasite","floor":20,"turns":4},{"damage":6,"enemies":"Centurion and Healer","floor":21,"turns":7},{"damage":31,"enemies":"Slaver and Parasite","floor":22,"turns":6},{"damage":23,"enemies":"Snake Plant","floor":25,"turns":5},{"damage":8,"enemies":"Centurion and Healer","floor":28,"turns":6},{"damage":29,"enemies":"Slaver and Parasite","floor":29,"turns":5},{"damage":37,"enemies":"Collector","floor":33,"turns":3}],"seed_played":"-1755974802296634168","potions_obtained":[{"floor":2,"key":"GamblersBrew"},{"floor":4,"key":"Weak Potion"},{"floor":10,"key":"FocusPotion"},{"floor":13,"key":"SkillPotion"},{"floor":16,"key":"Regen Potion"},{"floor":18,"key":"Explosive Potion"},{"floor":21,"key":"Weak Potion"},{"floor":22,"key":"Fire Potion"},{"floor":29,"key":"Fruit Juice"}],"is_trial":false,"path_per_floor":["M","M","?","M","M","M","R","$","T","M","?","R","M","M","R","B",null,"M","$","M","M","M","?","R","M","T","?","M","M","?","$","R"],"character_chosen":"DEFECT","items_purchased":["Skim","Doom and Gloom","Turbo","Darkness","Panache","Flash of Steel"],"campfire_rested":2,"item_purchase_floors":[8,8,8,19,19,19],"current_hp_per_floor":[73,72,66,65,63,62,62,61,66,65,70,69,68,67,66,71,70,68,68,67,61,30,30,49,35,41,41,33,4,4,4,22,0],"gold":214,"neow_bonus":"","is_prod":false,"is_daily":true,"chose_seed":false,"campfire_upgraded":3,"win_rate":0.0,"timestamp":1530350422,"path_taken":["M","M","?","M","?","M","R","?","T","?","?","R","M","M","R","BOSS","M","$","M","?","M","?","R","M","T","?","M","M","?","$","R","BOSS"],"build_version":"2018-06-28","purchased_purges":0,"victory":false,"max_hp_per_floor":[73,72,66,65,64,63,62,61,66,65,70,69,68,67,66,71,70,69,68,67,66,65,64,63,62,67,66,65,64,63,62,61,66],"card_choices":[{"not_picked":["Turbo","Coolheaded"],"picked":"Darkness","floor":1},{"not_picked":["Go for the Eyes","Conserve Battery"],"picked":"Streamline","floor":2},{"not_picked":["Biased Cognition","Go for the Eyes"],"picked":"Beam Cell","floor":4},{"not_picked":["Self Repair","Reinforced Body"],"picked":"FTL","floor":5},{"not_picked":["Steam","Ball Lightning"],"picked":"Auto Shields","floor":6},{"not_picked":["Capacitor","Aggregate"],"picked":"Leap","floor":10},{"not_picked":["Redo","Rebound"],"picked":"Echo Form","floor":13},{"not_picked":["Blizzard","Heatsinks"],"picked":"Loop","floor":14},{"not_picked":["Biased Cognition","Machine Learning"],"picked":"Hyperbeam","floor":16},{"not_picked":["Coolheaded","Melter"],"picked":"Steam","floor":17},{"not_picked":["Cold Snap","Ball Lightning"],"picked":"Aggregate","floor":17},{"not_picked":["Gash","Compile Driver"],"picked":"Reboot","floor":17},{"not_picked":["Streamline","Compile Driver"],"picked":"Redo","floor":17},{"not_picked":["Cold Snap","Steam"],"picked":"Turbo","floor":17},{"not_picked":["Static Discharge","Cold Snap"],"picked":"Hello World","floor":18},{"not_picked":["Ball Lightning","Chill"],"picked":"Skim+1","floor":20},{"not_picked":["Cold Snap","Rebound"],"picked":"Streamline","floor":21},{"not_picked":["Barrage","Coolheaded"],"picked":"Core Surge","floor":22},{"not_picked":["Rebound","Hello World"],"picked":"Scrape+1","floor":24},{"not_picked":["Leap+1","Stack"],"picked":"Streamline","floor":25},{"not_picked":["Go for the Eyes","Conserve Battery+1"],"picked":"Rip and Tear","floor":28},{"not_picked":["Cold Snap+1","Undo+1"],"picked":"BootSequence","floor":29},{"not_picked":["Consume","Ball Lightning"],"picked":"Steam+1","floor":32}],"player_experience":32274,"relics_obtained":[{"floor":9,"key":"Dream Catcher"},{"floor":26,"key":"Emotion Chip"}],"event_choices":[{"event_name":"Golden Idol","player_choice":"Lose Max HP","floor":3,"damage_taken":0},{"event_name":"Liars Game","player_choice":"agreed","floor":11,"damage_taken":0},{"event_name":"Ghosts","player_choice":"Ignored","floor":23,"damage_taken":0},{"event_name":"Match and Keep!","player_choice":"1 cards matched","floor":27,"damage_taken":0},{"event_name":"Duplicator","player_choice":"One dupe","floor":30,"damage_taken":0}],"boss_relics":[{"not_picked":["Sozu","Astrolabe"],"picked":"Orrery"}],"items_purged_floors":[],"is_endless":false,"potions_floor_spawned":[2,4,10,13,16,18,21,22,29],"killed_by":"Collector","ascension_level":0}