{"gold_per_floor":[114,124,124,124,148,148,66,89,89,114,128,171,171,194,194,324,324,338,338,338,362,287,287,325,325,378,393,50,50,50,64,64,189,189,207,226,30,44,44,84,84,84,84,84,138,163,163,288,288,288],"floor_reached":50,"playtime":3004,"items_purged":["Regret"],"score":640,"play_id":"4210cdc4-4c31-44ad-8191-0fed1afa1492","local_time":"20190214172221","is_ascension_mode":false,"campfire_choices":[{"data":"Cloak And Dagger","floor":6,"key":"SMITH"},{"data":"Accuracy","floor":13,"key":"SMITH"},{"data":"Caltrops","floor":15,"key":"SMITH"},{"data":"Phantasmal Killer","floor":23,"key":"SMITH"},{"data":"Dodge and Roll","floor":25,"key":"SMITH"},{"data":"Blade Dance","floor":29,"key":"SMITH"},{"data":"Cloak And Dagger","floor":32,"key":"SMITH"},{"data":"A Thousand Cuts","floor":41,"key":"SMITH"},{"data":"Noxious Fumes","floor":44,"key":"SMITH"},{"floor":49,"key":"RECALL"}],"neow_cost":"NONE","seed_source_timestamp":774179806896635,"circlet_count":0,"master_deck":["Defend_G","Defend_G","Defend_G+1","Defend_G","Strike_G","Strike_G","Strike_G","Strike_G","Strike_G","Survivor","Neutralize","Quick Slash","Flying Knee","Cloak And Dagger+1","Caltrops+1","Backflip","Accuracy+1","Dodge and Roll+1","Noxious Fumes+1","Phantasmal Killer+1","Cloak And Dagger+1","Backstab","Leg Sweep+1","Dodge and Roll+1","Ghostly","Ghostly","Ghostly","Ghostly","Ghostly","Blade Dance+1","Decay","A Thousand Cuts+1","Dagger Spray","Accuracy+1","Parasite","Distraction+1","Injury","Footwork+1","Regret","Regret","Discovery+1"],"relics":["Ring of the Snake","Golden Idol","Meat on the Bone","Kunai","Orrery","Regal Pillow","Happy Flower","Tiny Chest","Ancient Tea Set","War Paint","Cursed Key","DollysMirror","Toxic Egg 2","Pen Nib","Snake Skull","Oddly Smooth Stone","Ice Cream"],"potions_floor_usage":[12,12,14,24,31,33,50],"damage_taken":[{"damage":2,"enemies":"Small Slimes","floor":1,"turns":4},{"damage":0,"enemies":"Jaw Worm","floor":2,"turns":4},{"damage":0,"enemies":"2 Louse","floor":5,"turns":2},{"damage":6,"enemies":"Large Slime","floor":8,"turns":6},{"damage":3,"enemies":"2 Fungi Beasts","floor":10,"turns":3},{"damage":25,"enemies":"Exordium Thugs","floor":11,"turns":5},{"damage":13,"enemies":"3 Sentries","floor":12,"turns":9},{"damage":8,"enemies":"3 Louse","floor":14,"turns":3},{"damage":23,"enemies":"Hexaghost","floor":16,"turns":10},{"damage":39,"enemies":"Spheric Guardian","floor":18,"turns":5},{"damage":3,"enemies":"Chosen","floor":21,"turns":6},{"damage":8,"enemies":"Gremlin Leader","floor":24,"turns":8},{"damage":12,"enemies":"Snake Plant","floor":27,"turns":5},{"damage":14,"enemies":"Centurion and Healer","floor":31,"turns":7},{"damage":2,"enemies":"Automaton","floor":33,"turns":12},{"damage":2,"enemies":"3 Shapes","floor":35,"turns":5},{"damage":2,"enemies":"3 Darklings","floor":36,"turns":6},{"damage":0,"enemies":"Writhing Mass","floor":38,"turns":8},{"damage":22,"enemies":"Giant Head","floor":40,"turns":12},{"damage":17,"enemies":"Maw","floor":46,"turns":8},{"damage":1,"enemies":"Mind Bloom Boss Battle","floor":48,"turns":7},{"damage":42,"enemies":"Donu and Deca","floor":50,"turns":6}],"seed_played":"-8715113112058754026","potions_obtained":[{"floor":5,"key":"SkillPotion"},{"floor":8,"key":"GamblersBrew"},{"floor":12,"key":"Fruit Juice"},{"floor":18,"key":"Explosive Potion"},{"floor":24,"key":"Poison Potion"},{"floor":31,"key":"SpeedPotion"},{"floor":38,"key":"PowerPotion"},{"floor":40,"key":"Dexterity Potion"}],"is_trial":false,"path_per_floor":["M","M","?","?","M","R","$","M","T","M","M","E","R","M","R","B",null,"M","?","?","M","$","R","E","R","T","M","$","R","?","M","R","B",null,"M","M","$","M","T","E","R","?","T","R","T","M","?","?","R","B"],"character_chosen":"THE_SILENT","items_purchased":["Caltrops","Ancient Tea Set","War Paint","Blade Dance","DollysMirror"],"campfire_rested":0,"item_purchase_floors":[7,28,28,28,37],"current_hp_per_floor":[68,68,65,65,65,65,65,59,59,56,43,42,42,39,39,28,70,43,43,35,32,32,32,24,24,24,24,24,24,24,22,22,20,35,33,31,31,31,31,21,21,21,21,21,21,16,16,27,27,0],"gold":288,"neow_bonus":"REMOVE_CARD","is_prod":false,"is_daily":false,"chose_seed":false,"campfire_upgraded":9,"win_rate":0,"timestamp":1550182941,"path_taken":["M","M","?","?","M","R","$","M","T","M","M","E","R","M","R","BOSS","M","?","?","M","$","R","E","R","T","M","$","R","?","M","R","BOSS","M","M","$","M","?","E","R","?","T","R","?","?","?","?","R","BOSS"],"build_version":"2019-01-23","purchased_purges":1,"victory":false,"max_hp_per_floor":[70,70,65,65,65,65,65,65,65,65,65,65,65,70,70,70,70,70,70,35,35,35,35,35,35,35,35,35,35,35,35,35,35,35,35,35,35,35,35,35,35,33,33,33,33,33,33,33,33,33],"card_choices":[{"not_picked":["Acrobatics","Escape Plan"],"picked":"Quick Slash","floor":1},{"not_picked":["Leg Sweep","Terror"],"picked":"Flying Knee","floor":2},{"not_picked":["Terror","Choke"],"picked":"Cloak And Dagger","floor":5},{"not_picked":["Skewer","Acrobatics"],"picked":"Backflip","floor":8},{"not_picked":["Leg Sweep","Caltrops"],"picked":"Accuracy","floor":10},{"not_picked":["Acrobatics","Quick Slash"],"picked":"Dodge and Roll","floor":11},{"not_picked":["Envenom","Flying Knee"],"picked":"Noxious Fumes","floor":12},{"not_picked":["Acrobatics","Sucker Punch","Eviscerate"],"picked":"SKIP","floor":14},{"not_picked":["Bullet Time","Die Die Die"],"picked":"Phantasmal Killer","floor":16},{"not_picked":["Flying Knee","Crippling Poison"],"picked":"Cloak And Dagger","floor":17},{"not_picked":["Heel Hook","Prepared"],"picked":"Backstab","floor":17},{"not_picked":["Bouncing Flask","Backflip"],"picked":"Leg Sweep","floor":17},{"not_picked":["Backflip","Acrobatics"],"picked":"Dodge and Roll+1","floor":18},{"not_picked":["Acrobatics","Underhanded Strike+1","Bane"],"picked":"SKIP","floor":21},{"not_picked":["Grand Finale","Dodge and Roll","Backflip"],"picked":"SKIP","floor":24},{"not_picked":["Well Laid Plans","Backflip","Heel Hook"],"picked":"SKIP","floor":27},{"not_picked":["Deadly Poison","Well Laid Plans","Poisoned Stab+1"],"picked":"SKIP","floor":31},{"not_picked":["Phantasmal Killer","Unload"],"picked":"A Thousand Cuts","floor":33},{"not_picked":["Masterful Stab+1","Setup"],"picked":"Dagger Spray","floor":35},{"not_picked":["Escape Plan+1","Expertise+1","Dodge and Roll"],"picked":"SKIP","floor":36},{"not_picked":["Acrobatics","Infinite Blades"],"picked":"Distraction+1","floor":38},{"not_picked":["Dagger Spray","Dash"],"picked":"Footwork+1","floor":40},{"not_picked":["Outmaneuver+1","Catalyst+1","Slice"],"picked":"SKIP","floor":46},{"not_picked":["Secret Technique+1","Secret Weapon+1"],"picked":"Discovery+1","floor":47}],"player_experience":572476,"relics_obtained":[{"floor":12,"key":"Kunai"},{"floor":24,"key":"Happy Flower"},{"floor":26,"key":"Tiny Chest"},{"floor":39,"key":"Toxic Egg 2"},{"floor":40,"key":"Pen Nib"},{"floor":43,"key":"Snake Skull"},{"floor":45,"key":"Oddly Smooth Stone"},{"floor":48,"key":"Ice Cream"}],"event_choices":[{"damage_healed":0,"gold_gain":0,"player_choice":"Lose Max HP","damage_taken":0,"relics_obtained":["Golden Idol"],"max_hp_gain":0,"max_hp_loss":5,"event_name":"Golden Idol","floor":3,"gold_loss":0},{"damage_healed":0,"gold_gain":0,"player_choice":"Box","damage_taken":0,"relics_obtained":["Meat on the Bone"],"max_hp_gain":0,"max_hp_loss":0,"event_name":"Big Fish","floor":4,"gold_loss":0,"cards_obtained":["Regret"]},{"damage_healed":0,"gold_gain":0,"player_choice":"Opened","damage_taken":0,"relics_obtained":["Regal Pillow"],"max_hp_gain":0,"max_hp_loss":0,"event_name":"The Mausoleum","floor":19,"gold_loss":0},{"damage_healed":0,"gold_gain":0,"player_choice":"Became a Ghost","damage_taken":0,"max_hp_gain":0,"max_hp_loss":35,"event_name":"Ghosts","floor":20,"gold_loss":0,"cards_obtained":["Ghostly","Ghostly","Ghostly","Ghostly","Ghostly"]},{"damage_healed":0,"gold_gain":0,"player_choice":"1 cards matched","damage_taken":0,"max_hp_gain":0,"max_hp_loss":0,"event_name":"Match and Keep!","floor":30,"gold_loss":0,"cards_obtained":["Decay"]},{"damage_healed":0,"gold_gain":0,"player_choice":"Max HP","damage_taken":0,"max_hp_gain":0,"max_hp_loss":2,"event_name":"Winding Halls","floor":42,"gold_loss":0},{"damage_healed":0,"gold_gain":0,"player_choice":"Memory 1","damage_taken":0,"max_hp_gain":0,"max_hp_loss":0,"event_name":"SensoryStone","floor":47,"gold_loss":0},{"damage_healed":0,"gold_gain":0,"player_choice":"Fight","damage_taken":0,"max_hp_gain":0,"max_hp_loss":0,"event_name":"MindBloom","floor":48,"gold_loss":0}],"is_beta":false,"boss_relics":[{"not_picked":["Black Star","Ectoplasm"],"picked":"Orrery"},{"not_picked":["Fusion Hammer","Eternal Feather"],"picked":"Cursed Key"}],"items_purged_floors":[22],"is_endless":false,"potions_floor_spawned":[5,8,12,18,24,31,38,40],"killed_by":"Donu and Deca","ascension_level":0}