{"gold_per_floor":[112,112,34,34,45,45,79,16,70,97,97,97,128,140,140,140],"floor_reached":16,"playtime":468,"items_purged":["Strike_G"],"score":282,"play_id":"7c989961-1d8d-48ea-abfb-32f77864f52e","local_time":"20190604001059","is_ascension_mode":true,"campfire_choices":[{"data":"Neutralize","floor":6.0,"key":"SMITH"},{"floor":11.0,"key":"REST"},{"data":"Well Laid Plans","floor":15,"key":"SMITH"}],"neow_cost":"NONE","seed_source_timestamp":117871797397033,"circlet_count":0,"master_deck":["AscendersBane","Defend_G","Defend_G","Defend_G+1","Defend_G","Defend_G","Strike_G","Strike_G","Strike_G","Strike_G","Survivor","Neutralize+1","Well Laid Plans+1","Caltrops+1","Calculated Gamble","Backstab","Caltrops","Caltrops"],"special_seed":0,"relics":["Ring of the Snake","NeowsBlessing","MawBank","Tiny Chest","Pocketwatch","Lantern"],"potions_floor_usage":[13],"damage_taken":[{"damage":0.0,"enemies":"2 Louse","floor":1.0,"turns":1.0},{"damage":0.0,"enemies":"Small Slimes","floor":5.0,"turns":1.0},{"damage":0.0,"enemies":"Gremlin Nob","floor":7.0,"turns":1.0},{"damage":30.0,"enemies":"3 Sentries","floor":10.0,"turns":10.0},{"damage":20,"enemies":"Lagavulin","floor":13,"turns":10},{"damage":2,"enemies":"Jaw Worm","floor":14,"turns":4},{"damage":8,"enemies":"Hexaghost","floor":16,"turns":9}],"seed_played":"8903955891727924847","potions_obtained":[{"floor":5.0,"key":"Explosive Potion"},{"floor":10.0,"key":"Poison Potion"}],"is_trial":false,"path_per_floor":["M","?","$","?","M","R","E","$","T","E","R","$","E","M","R","B"],"character_chosen":"THE_SILENT","items_purchased":["Caltrops"],"campfire_rested":1,"item_purchase_floors":[3],"current_hp_per_floor":[59,59,59,39,39,39,39,39,39,9,28,28,8,6,6,0],"gold":140,"neow_bonus":"THREE_ENEMY_KILL","is_prod":false,"is_daily":false,"chose_seed":false,"campfire_upgraded":2,"win_rate":0,"timestamp":1559578259,"path_taken":["M","?","$","?","M","R","E","$","T","E","R","?","E","M","R","BOSS"],"build_version":"2019-01-23","purchased_purges":1,"victory":false,"max_hp_per_floor":[66,66,66,66,66,66,66,66,66,66,66,66,66,66,66,66],"card_choices":[{"not_picked":["Underhanded Strike","Riddle With Holes"],"picked":"Well Laid Plans","floor":1.0},{"not_picked":["Flying Knee","Sucker Punch","Predator"],"picked":"SKIP","floor":5.0},{"not_picked":["Storm of Steel","Acrobatics"],"picked":"Calculated Gamble","floor":7.0},{"not_picked":["Dodge and Roll","Deflect"],"picked":"Backstab","floor":10.0},{"not_picked":["Caltrops","Riddle With Holes","Cloak And Dagger"],"picked":"SKIP","floor":13},{"not_picked":["Riddle With Holes","Cloak And Dagger"],"picked":"Caltrops","floor":13},{"not_picked":["Bane","PiercingWail"],"picked":"Caltrops","floor":14}],"player_experience":1855596,"relics_obtained":[{"floor":7.0,"key":"MawBank"},{"floor":9.0,"key":"Tiny Chest"},{"floor":10.0,"key":"Pocketwatch"},{"floor":13,"key":"Lantern"}],"event_choices":[{"damage_healed":0.0,"max_hp_gain":0.0,"max_hp_loss":0.0,"gold_gain":0.0,"event_name":"Liars Game","player_choice":"Ignored","floor":2.0,"gold_loss":0.0,"damage_taken":0.0},{"damage_healed":0.0,"max_hp_gain":0.0,"max_hp_loss":0.0,"gold_gain":0.0,"event_name":"Shining Light","player_choice":"Entered Light","floor":4.0,"gold_loss":0.0,"damage_taken":20.0,"cards_upgraded":["Caltrops","Defend_G"]}],"is_beta":false,"boss_relics":[],"items_purged_floors":[8],"is_endless":false,"potions_floor_spawned":[5,10],"killed_by":"Hexaghost","ascension_level":20}