{"gold_per_floor":[114,289,289,304,61,91,106,136,136,166,181,181,211,226,226,326,326,341,356,40,40,40,70,70,100,150,150],"floor_reached":27,"playtime":2216,"items_purged":[],"score":654,"play_id":"188a0807-6487-4155-9474-7b36ac4558fd","local_time":"20180807172046","daily_mods":["Insanity","Elite Swarm","Hoarder"],"is_ascension_mode":false,"campfire_choices":[{"floor":15,"key":"DIG"},{"floor":24,"key":"REST"}],"neow_cost":"","seed_source_timestamp":0,"circlet_count":0,"master_deck":["Flame Barrier","Blood for Blood","Battle Trance","Seeing Red","Limit Break","Sword Boomerang","Headbutt","Sentinel+1","Limit Break","Heavy Blade","Offering","Entrench","Barricade","Juggernaut","Cleave","Evolve","Barricade","Carnage","Infernal Blade","Dark Embrace","Berserk","Carnage","Pummel","Rage","Wild Strike","Disarm","Seeing Red","Anger","Carnage","Pommel Strike","Headbutt","Reaper","Double Tap","Ghostly Armor","Infernal Blade","Infernal Blade+1","True Grit","Dark Embrace","Barricade","Thunderclap","Limit Break","Evolve","Feel No Pain","Exhume","Offering","True Grit","Rampage","Barricade","Bash","Rupture","Pummel","Pummel","Pummel","Doubt","Doubt","Doubt","Feel No Pain","Feel No Pain","Feel No Pain","Bludgeon","Bludgeon","Bludgeon","Shrug It Off","Shrug It Off","Shrug It Off","Metallicize","Metallicize","Metallicize","Offering","Offering","Offering","Carnage","Carnage","Carnage","Fiend Fire","Fiend Fire","Fiend Fire","Exhume","Exhume","Exhume","Metallicize","Metallicize","Metallicize","Brutality","Brutality","Brutality","Searing Blow","Searing Blow","Searing Blow","Brutality","Brutality","Brutality","Rampage+1","Rampage+1","Rampage+1","Feel No Pain","Feel No Pain","Feel No Pain","Shrug It Off","Shrug It Off","Shrug It Off","Bludgeon+1","Bludgeon+1","Bludgeon+1","Barricade","Barricade","Barricade","Bludgeon+1","Bludgeon+1","Bludgeon+1"],"special_seed":17750,"relics":["Burning Blood","Omamori","Shovel","War Paint","Meat on the Bone","Ancient Tea Set","Paper Frog","Molten Egg 2","Philosopher\u0027s Stone","Medical Kit","Vajra","Enchiridion","Matryoshka","Ice Cream","Centennial Puzzle","Bag of Preparation"],"potions_floor_usage":[8,10,23,23,25,27],"damage_taken":[{"damage":8,"enemies":"Cultist","floor":1,"turns":4},{"damage":5,"enemies":"2 Louse","floor":4,"turns":2},{"damage":19,"enemies":"Gremlin Nob","floor":6,"turns":5},{"damage":5,"enemies":"Small Slimes","floor":7,"turns":3},{"damage":20,"enemies":"Lagavulin","floor":8,"turns":7},{"damage":24,"enemies":"Gremlin Nob","floor":10,"turns":5},{"damage":15,"enemies":"Exordium Wildlife","floor":11,"turns":2},{"damage":18,"enemies":"3 Sentries","floor":13,"turns":7},{"damage":14,"enemies":"Looter","floor":14,"turns":3},{"damage":28,"enemies":"Slime Boss","floor":16,"turns":10},{"damage":13,"enemies":"Spheric Guardian","floor":18,"turns":3},{"damage":19,"enemies":"Chosen","floor":19,"turns":4},{"damage":41,"enemies":"Slavers","floor":23,"turns":3},{"damage":38,"enemies":"Book of Stabbing","floor":25,"turns":4},{"damage":45,"enemies":"Slavers","floor":27,"turns":5}],"seed_played":"581998401352651869","potions_obtained":[{"floor":6,"key":"LiquidBronze"},{"floor":7,"key":"SkillPotion"},{"floor":8,"key":"Ancient Potion"},{"floor":11,"key":"Strength Potion"},{"floor":16,"key":"Dexterity Potion"},{"floor":23,"key":"Regen Potion"},{"floor":25,"key":"GamblersBrew"}],"is_trial":false,"path_per_floor":["M","?","?","M","$","E","M","E","T","E","M","?","E","M","R","B",null,"M","M","$","?","?","E","R","E","T"],"character_chosen":"IRONCLAD","items_purchased":["Bludgeon","Shrug It Off","Metallicize","Shrug It Off","Medical Kit","Bludgeon+1"],"campfire_rested":1,"item_purchase_floors":[5,5,5,20,20,20],"current_hp_per_floor":[78,78,75,76,76,63,64,50,50,44,47,73,61,53,53,43,80,73,60,60,60,44,21,45,43,43,0],"gold":150,"neow_bonus":"","is_prod":false,"is_daily":true,"chose_seed":false,"campfire_upgraded":0,"win_rate":0,"timestamp":1533630046,"path_taken":["M","?","?","M","$","E","M","E","T","E","M","?","E","M","R","BOSS","M","M","$","?","?","E","R","E","T","E"],"build_version":"2018-08-02","purchased_purges":0,"victory":false,"max_hp_per_floor":[80,80,80,80,80,80,80,80,80,80,80,80,80,80,80,80,80,80,80,80,80,80,80,80,80,80,80],"card_choices":[{"not_picked":["Twin Strike","Wild Strike"],"picked":"Pummel","floor":1},{"not_picked":["Cleave","Clash"],"picked":"Feel No Pain","floor":4},{"not_picked":["Fiend Fire","Juggernaut"],"picked":"Offering","floor":6},{"not_picked":["Sword Boomerang","Heavy Blade"],"picked":"Carnage","floor":7},{"not_picked":["Limit Break","Exhume"],"picked":"Fiend Fire","floor":8},{"not_picked":["Limit Break","Feed"],"picked":"Exhume","floor":10},{"not_picked":["Headbutt","Heavy Blade"],"picked":"Metallicize","floor":11},{"not_picked":["Double Tap","Bludgeon"],"picked":"Brutality","floor":13},{"not_picked":["Twin Strike","Anger"],"picked":"Searing Blow","floor":14},{"not_picked":["Feed+1","Barricade"],"picked":"Brutality","floor":16},{"not_picked":["Twin Strike+1","Sword Boomerang+1"],"picked":"Rampage+1","floor":18},{"not_picked":["Metallicize+1","True Grit"],"picked":"Feel No Pain","floor":19},{"not_picked":["Dark Embrace","Feed+1"],"picked":"Barricade","floor":23},{"not_picked":["Limit Break","Brutality"],"picked":"Bludgeon+1","floor":25}],"player_experience":154069,"relics_obtained":[{"floor":6,"key":"Shovel"},{"floor":8,"key":"War Paint"},{"floor":9,"key":"Meat on the Bone"},{"floor":10,"key":"Ancient Tea Set"},{"floor":13,"key":"Paper Frog"},{"floor":15,"key":"Molten Egg 2"},{"floor":22,"key":"Enchiridion"},{"floor":23,"key":"Matryoshka"},{"floor":25,"key":"Ice Cream"},{"floor":26,"key":"Centennial Puzzle"},{"floor":26,"key":"Bag of Preparation"}],"event_choices":[{"event_name":"Liars Game","player_choice":"agreed","floor":2,"damage_taken":0},{"event_name":"Scrap Ooze","player_choice":"success","floor":3,"damage_taken":3},{"event_name":"Big Fish","player_choice":"Banana","floor":12,"damage_taken":0},{"event_name":"The Mausoleum","player_choice":"Yes","floor":21,"damage_taken":0},{"event_name":"Cursed Tome","player_choice":"Obtained Book","floor":22,"damage_taken":0}],"is_beta":false,"boss_relics":[{"not_picked":["Pandora\u0027s Box","Calling Bell"],"picked":"Philosopher\u0027s Stone"}],"items_purged_floors":[],"is_endless":false,"potions_floor_spawned":[6,7,8,11,16,23,25],"killed_by":"Slavers","ascension_level":0}