{"gold_per_floor":[110,129,54,64,76,76,95,95,119,151,151,177,177,177,177,280,280,261,261,274,274,274,274,274],"floor_reached":24,"playtime":1830,"items_purged":["Defend_B"],"score":270,"play_id":"fb18b161-fcc5-4f77-8129-1a2a831ce9a4","local_time":"20190517112100","is_ascension_mode":true,"campfire_choices":[{"floor":6,"key":"REST"},{"data":"Consume","floor":8,"key":"SMITH"},{"floor":11,"key":"REST"},{"floor":15,"key":"REST"},{"floor":23,"key":"REST"}],"neow_cost":"NONE","seed_source_timestamp":175906652668386,"circlet_count":0,"master_deck":["Strike_B","Strike_B","Strike_B","Strike_B","Defend_B","Defend_B","Defend_B","Zap","Dualcast","Consume+1","Conserve Battery","FTL","White Noise","Seek","Thunder Strike","Normality","Leap","Writhe"],"relics":["Cracked Core","Oddly Smooth Stone","Juzu Bracelet","Orichalcum","Potion Belt","Omamori","Calling Bell","Boot","Cables","Nunchaku","Darkstone Periapt"],"potions_floor_usage":[10,12,16,16,16,18,21,21,21,21,24],"damage_taken":[{"damage":6,"enemies":"Small Slimes","floor":1,"turns":4},{"damage":0,"enemies":"Cultist","floor":2,"turns":3},{"damage":12,"enemies":"Jaw Worm","floor":4,"turns":2},{"damage":32,"enemies":"Large Slime","floor":5,"turns":5},{"damage":2,"enemies":"Blue Slaver","floor":7,"turns":3},{"damage":24,"enemies":"3 Sentries","floor":10,"turns":7},{"damage":20,"enemies":"Lagavulin","floor":12,"turns":7},{"damage":10,"enemies":"The Guardian","floor":16,"turns":10},{"damage":18,"enemies":"2 Thieves","floor":18,"turns":4},{"damage":16,"enemies":"3 Byrds","floor":20,"turns":6},{"damage":15,"enemies":"Colosseum Slavers","floor":21,"turns":3},{"damage":57,"enemies":"Book of Stabbing","floor":24,"turns":5}],"seed_played":"2110676816739900917","potions_obtained":[{"floor":1,"key":"Strength Potion"},{"floor":4,"key":"EssenceOfSteel"},{"floor":10,"key":"Block Potion"},{"floor":12,"key":"FearPotion"},{"floor":13,"key":"EntropicBrew"},{"floor":13,"key":"Fire Potion"},{"floor":13,"key":"SpeedPotion"},{"floor":16,"key":"Fruit Juice"},{"floor":20,"key":"Fire Potion"}],"is_trial":false,"path_per_floor":["M","M","$","M","M","R","M","R","T","E","R","E","?","?","R","B",null,"M","?","M","?","?","R","E"],"character_chosen":"DEFECT","items_purchased":[],"campfire_rested":4,"item_purchase_floors":[],"current_hp_per_floor":[69,69,69,57,25,47,45,45,45,21,43,23,23,23,45,35,75,62,47,31,21,27,54,0],"gold":274,"neow_bonus":"RANDOM_COMMON_RELIC","is_prod":false,"is_daily":false,"chose_seed":false,"campfire_upgraded":1,"win_rate":0,"timestamp":1558106460,"path_taken":["M","M","$","M","M","R","M","R","T","E","R","E","?","?","R","BOSS","M","?","M","?","?","R","E"],"build_version":"2019-01-23","purchased_purges":1,"victory":false,"max_hp_per_floor":[75,75,75,75,75,75,75,75,75,75,75,75,75,75,75,75,75,80,85,85,85,91,91,91],"card_choices":[{"not_picked":["Barrage","Hello World"],"picked":"Consume","floor":1},{"not_picked":["Sweeping Beam","Tempest"],"picked":"Conserve Battery","floor":2},{"not_picked":["Redo","Steam","Coolheaded"],"picked":"SKIP","floor":4},{"not_picked":["Leap","Go for the Eyes","Beam Cell"],"picked":"SKIP","floor":5},{"not_picked":["Darkness","Steam Power"],"picked":"FTL","floor":7},{"not_picked":["Beam Cell","Stack"],"picked":"White Noise","floor":10},{"not_picked":["Steam","Recycle"],"picked":"Seek","floor":12},{"not_picked":["Hyperbeam","Multi-Cast"],"picked":"Thunder Strike","floor":16},{"not_picked":["Compile Driver","Reprogram","Blizzard+1"],"picked":"SKIP","floor":18},{"not_picked":["Cold Snap","Steam Power+1"],"picked":"Leap","floor":20}],"player_experience":1004853,"relics_obtained":[{"floor":9,"key":"Juzu Bracelet"},{"floor":10,"key":"Orichalcum"},{"floor":12,"key":"Potion Belt"},{"floor":17,"key":"Boot"},{"floor":17,"key":"Cables"},{"floor":17,"key":"Nunchaku"}],"event_choices":[{"damage_healed":0,"gold_gain":0,"player_choice":"Got Potions","damage_taken":0,"max_hp_gain":0,"max_hp_loss":0,"event_name":"Lab","floor":13,"gold_loss":0},{"damage_healed":0,"gold_gain":0,"player_choice":"Searched \u00271\u0027 times","damage_taken":0,"relics_obtained":["Omamori"],"max_hp_gain":0,"max_hp_loss":0,"event_name":"Dead Adventurer","floor":14,"gold_loss":0},{"damage_healed":0,"gold_gain":0,"player_choice":"Shed Blood","damage_taken":20,"max_hp_gain":5,"max_hp_loss":0,"event_name":"Forgotten Altar","floor":19,"gold_loss":0},{"damage_healed":0,"gold_gain":0,"player_choice":"Fight","damage_taken":0,"max_hp_gain":0,"max_hp_loss":0,"event_name":"Colosseum","floor":21,"gold_loss":0},{"damage_healed":0,"gold_gain":0,"player_choice":"Fled From Nobs","damage_taken":0,"max_hp_gain":0,"max_hp_loss":0,"event_name":"Colosseum","floor":21,"gold_loss":0},{"damage_healed":0,"gold_gain":0,"player_choice":"Opened","damage_taken":0,"relics_obtained":["Darkstone Periapt"],"max_hp_gain":0,"max_hp_loss":0,"event_name":"The Mausoleum","floor":22,"gold_loss":0,"cards_obtained":["Writhe"]}],"is_beta":false,"boss_relics":[{"not_picked":["Lizard Tail","Tiny House"],"picked":"Calling Bell"}],"items_purged_floors":[3],"is_endless":false,"potions_floor_spawned":[1,4,10,12,16,20,21],"killed_by":"Book of Stabbing","ascension_level":4}