{"gold_per_floor":[117,133,83,96,43,43,76,76,150,169,169,169,169,181,181,285,285,301,301,301,99,119,119],"floor_reached":23,"playtime":1005,"items_purged":["Normality"],"score":189,"play_id":"da166318-6925-4398-9bba-28d4dc2dc02d","local_time":"20190323203749","is_ascension_mode":false,"campfire_choices":[{"data":"Streamline","floor":6,"key":"SMITH"},{"data":"Buffer","floor":8,"key":"SMITH"},{"data":"Leap","floor":11,"key":"SMITH"},{"data":"Zap","floor":13,"key":"SMITH"},{"floor":15,"key":"REST"}],"neow_cost":"NONE","seed_source_timestamp":34511461732613,"circlet_count":0,"master_deck":["Strike_B","Strike_B","Strike_B","Defend_B","Defend_B","Defend_B","Zap+1","Dualcast","Ball Lightning","Streamline+1","Ball Lightning","Buffer+1","Leap+1","Buffer","Writhe","Parasite","Loop","Defragment","Creative AI","Conserve Battery"],"relics":["Cracked Core","Smiling Mask","Boot","Calling Bell","Oddly Smooth Stone","Mummified Hand","StoneCalendar"],"potions_floor_usage":[20],"damage_taken":[{"damage":1,"enemies":"Jaw Worm","floor":1,"turns":3},{"damage":5,"enemies":"Small Slimes","floor":2,"turns":2},{"damage":1,"enemies":"Cultist","floor":4,"turns":3},{"damage":20,"enemies":"3 Sentries","floor":7,"turns":6},{"damage":0,"enemies":"Large Slime","floor":10,"turns":5},{"damage":3,"enemies":"2 Fungi Beasts","floor":14,"turns":3},{"damage":50,"enemies":"Hexaghost","floor":16,"turns":9},{"damage":16,"enemies":"2 Thieves","floor":18,"turns":4},{"damage":46,"enemies":"Colosseum Slavers","floor":20,"turns":5},{"damage":0,"enemies":"Chosen","floor":22,"turns":5},{"damage":21,"enemies":"Book of Stabbing","floor":23,"turns":3}],"seed_played":"276028308859827793","potions_obtained":[{"floor":7,"key":"SpeedPotion"},{"floor":10,"key":"SteroidPotion"},{"floor":16,"key":"SteroidPotion"}],"is_trial":false,"path_per_floor":["M","M","?","M","$","R","E","R","T","M","R","?","R","M","R","B",null,"M","?","?","$","M","E"],"character_chosen":"DEFECT","items_purchased":["Ball Lightning","Creative AI"],"campfire_rested":1,"item_purchase_floors":[5,21],"current_hp_per_floor":[74,69,69,68,68,68,48,48,48,48,48,48,48,45,67,17,75,59,59,13,13,13,0],"gold":119,"neow_bonus":"RANDOM_COMMON_RELIC","is_prod":false,"is_daily":false,"chose_seed":false,"campfire_upgraded":4,"win_rate":0,"timestamp":1553387869,"path_taken":["M","M","?","M","$","R","E","R","T","M","R","?","R","?","R","BOSS","M","?","?","$","?","E"],"build_version":"2019-01-23","purchased_purges":1,"victory":false,"max_hp_per_floor":[75,75,75,75,75,75,75,75,75,75,75,75,75,75,75,75,75,75,75,75,75,75,75],"card_choices":[{"not_picked":["Redo","Cold Snap"],"picked":"Ball Lightning","floor":1},{"not_picked":["Ball Lightning","Reinforced Body"],"picked":"Streamline","floor":2},{"not_picked":["Rip and Tear","Beam Cell","Barrage"],"picked":"SKIP","floor":4},{"not_picked":["Melter","Chaos"],"picked":"Buffer","floor":7},{"not_picked":["Reinforced Body","Cold Snap"],"picked":"Leap","floor":10},{"not_picked":["Cold Snap","Coolheaded","Lockon"],"picked":"SKIP","floor":14},{"not_picked":["Hyperbeam","Multi-Cast"],"picked":"Buffer","floor":16},{"not_picked":["Turbo","Glacier"],"picked":"Loop","floor":18},{"not_picked":["Sweeping Beam","Cold Snap"],"picked":"Conserve Battery","floor":22}],"player_experience":751119,"relics_obtained":[{"floor":7,"key":"Boot"},{"floor":17,"key":"Oddly Smooth Stone"},{"floor":17,"key":"Mummified Hand"},{"floor":17,"key":"StoneCalendar"}],"event_choices":[{"cards_removed":["Defend_B"],"damage_healed":0,"gold_gain":0,"player_choice":"Card Removal","damage_taken":0,"max_hp_gain":0,"max_hp_loss":0,"event_name":"The Cleric","floor":3,"gold_loss":50},{"cards_removed":["Strike_B"],"damage_healed":0,"gold_gain":0,"player_choice":"Card Removal","damage_taken":0,"max_hp_gain":0,"max_hp_loss":0,"event_name":"Wheel of Change","floor":12,"gold_loss":0},{"damage_healed":0,"gold_gain":0,"player_choice":"Read","damage_taken":0,"max_hp_gain":0,"max_hp_loss":0,"event_name":"The Library","floor":19,"gold_loss":0,"cards_obtained":["Defragment"]},{"damage_healed":0,"gold_gain":0,"player_choice":"Fight","damage_taken":0,"max_hp_gain":0,"max_hp_loss":0,"event_name":"Colosseum","floor":20,"gold_loss":0},{"damage_healed":0,"gold_gain":0,"player_choice":"Fled From Nobs","damage_taken":0,"max_hp_gain":0,"max_hp_loss":0,"event_name":"Colosseum","floor":20,"gold_loss":0}],"is_beta":false,"boss_relics":[{"not_picked":["Velvet Choker","Runic Dome"],"picked":"Calling Bell"}],"items_purged_floors":[21],"is_endless":false,"potions_floor_spawned":[7,10,16,20],"killed_by":"Book of Stabbing","ascension_level":0}