{"gold_per_floor":[116,41,41,56,56,56,86,86,113,123,134,145,180,180,180,252,252,271,271,98,98,98,98,98,98,124,139,153,153,165,179,179,255,255,273,83,95,1094,1094,1094,1105,1132,1209,539,551,562,597,613,613,613,613,613,613,40,75,75],"floor_reached":57,"playtime":2644,"items_purged":["Strike_B","Strike_B","Defend_B","Defend_B"],"score":2794,"play_id":"a4309fd8-a82f-4884-badf-58010c91f0a1","local_time":"20190527183435","is_ascension_mode":true,"campfire_choices":[{"data":"Zap","floor":6.0,"key":"SMITH"},{"data":"Dualcast","floor":8.0,"key":"SMITH"},{"data":"Creative AI","floor":15.0,"key":"SMITH"},{"data":"Coolheaded","floor":23.0,"key":"SMITH"},{"floor":25.0,"key":"REST"},{"data":"Heatsinks","floor":29.0,"key":"SMITH"},{"data":"Recycle","floor":32.0,"key":"SMITH"},{"data":"Apotheosis","floor":40.0,"key":"SMITH"},{"floor":49.0,"key":"RECALL"},{"data":"Double Energy","floor":53,"key":"SMITH"}],"neow_cost":"NONE","seed_source_timestamp":0,"circlet_count":0,"master_deck":["AscendersBane","Defend_B","Defend_B","Zap+1","Dualcast+1","Undo","White Noise","Cold Snap+1","Self Repair+1","Creative AI+1","Capacitor","Thunder Strike","Coolheaded+1","Skim","Storm","Heatsinks+1","Force Field","Recycle+1","Meteor Strike","Heatsinks","Self Repair","Panacea","Finesse","Apotheosis+1","Double Energy+1","Consume+1","Loop","Conserve Battery+1","Defragment","Redo+1","Hologram+1","Coolheaded+1","Capacitor+1"],"special_seed":0,"relics":["Cracked Core","NeowsBlessing","Bag of Marbles","Vajra","Nuclear Battery","Omamori","Runic Pyramid","Ice Cream","Toxic Egg 2","Meat on the Bone","Darkstone Periapt","Lee\u0027s Waffle","Pear"],"potions_floor_usage":[55,56],"damage_taken":[{"damage":0.0,"enemies":"2 Louse","floor":1.0,"turns":1.0},{"damage":0.0,"enemies":"Cultist","floor":4.0,"turns":1.0},{"damage":0.0,"enemies":"Lagavulin","floor":7.0,"turns":2.0},{"damage":7.0,"enemies":"Jaw Worm","floor":10.0,"turns":3.0},{"damage":0.0,"enemies":"Looter","floor":11.0,"turns":4.0},{"damage":10.0,"enemies":"2 Fungi Beasts","floor":12.0,"turns":4.0},{"damage":27.0,"enemies":"Gremlin Nob","floor":13.0,"turns":4.0},{"damage":5.0,"enemies":"Slime Boss","floor":16.0,"turns":8.0},{"damage":22.0,"enemies":"2 Thieves","floor":18.0,"turns":4.0},{"damage":20.0,"enemies":"Shell Parasite","floor":27.0,"turns":6.0},{"damage":30.0,"enemies":"Snake Plant","floor":28.0,"turns":5.0},{"damage":13.0,"enemies":"3 Cultists","floor":30.0,"turns":6.0},{"damage":4.0,"enemies":"Cultist and Chosen","floor":31.0,"turns":8.0},{"damage":19.0,"enemies":"Collector","floor":33.0,"turns":8.0},{"damage":7.0,"enemies":"Orb Walker","floor":35.0,"turns":4.0},{"damage":14.0,"enemies":"3 Darklings","floor":37.0,"turns":4.0},{"damage":0.0,"enemies":"Sphere and 2 Shapes","floor":41.0,"turns":5.0},{"damage":53.0,"enemies":"Reptomancer","floor":42.0,"turns":6.0},{"damage":23.0,"enemies":"Transient","floor":45.0,"turns":6.0},{"damage":10.0,"enemies":"Writhing Mass","floor":46.0,"turns":3.0},{"damage":0.0,"enemies":"Nemesis","floor":47.0,"turns":5.0},{"damage":18.0,"enemies":"4 Shapes","floor":48.0,"turns":5.0},{"damage":45.0,"enemies":"Donu and Deca","floor":50.0,"turns":7.0},{"damage":49,"enemies":"Time Eater","floor":51,"turns":5},{"damage":31,"enemies":"Shield and Spear","floor":55,"turns":3},{"damage":76,"enemies":"The Heart","floor":56,"turns":9}],"seed_played":"-2142607192681914983","potions_obtained":[{"floor":11.0,"key":"Energy Potion"},{"floor":12.0,"key":"Block Potion"},{"floor":16.0,"key":"Dexterity Potion"},{"floor":18.0,"key":"LiquidBronze"},{"floor":37.0,"key":"SkillPotion"},{"floor":46.0,"key":"Block Potion"}],"is_trial":false,"path_per_floor":["M","$","?","M","?","R","E","R","T","M","M","M","E","?","R","B",null,"M","?","$","?","?","R","$","R","T","M","M","R","M","M","R","B",null,"M","$","M","?","?","R","M","E","T","$","M","M","E","M","R","B","B",null,"R","$","E","B",null],"character_chosen":"DEFECT","items_purchased":["Skim","Storm","Heatsinks","Consume+1","Meat on the Bone","FocusPotion","Loop","Dexterity Potion","Coolheaded+1","Lee\u0027s Waffle","Weak Potion","Regen Potion"],"campfire_rested":1,"item_purchase_floors":[20,20,36,44,44,44,44,44,54,54,54,54],"current_hp_per_floor":[64,64,64,64,64,64,64,64,64,57,64,61,41,20,20,25,60,48,48,48,28,28,28,28,50,50,40,20,20,17,23,23,14,61,64,64,60,60,50,50,70,34,34,34,40,62,76,76,76,60,43,68,68,83,87,43],"gold":75,"neow_bonus":"THREE_ENEMY_KILL","is_prod":false,"is_daily":false,"chose_seed":false,"campfire_upgraded":8,"win_rate":0,"timestamp":1558953275,"path_taken":["M","$","?","M","?","R","E","R","T","?","M","M","E","?","R","BOSS","M","?","$","?","?","R","?","R","T","M","M","R","M","M","R","BOSS","M","$","M","?","?","R","M","E","T","?","M","M","E","?","R","BOSS","BOSS","R","$","E","BOSS"],"build_version":"2019-01-23","purchased_purges":4,"victory":true,"max_hp_per_floor":[71,71,71,71,71,71,71,71,71,71,71,71,71,71,71,71,71,71,71,71,76,76,76,76,76,76,76,76,76,76,76,76,76,76,76,76,76,76,76,76,76,76,76,76,76,76,76,76,76,76,76,76,76,83,93,93],"card_choices":[{"not_picked":["Coolheaded","Capacitor"],"picked":"Undo","floor":1.0},{"not_picked":["Lockon","Auto Shields"],"picked":"White Noise","floor":4.0},{"not_picked":["Streamline","Leap"],"picked":"Cold Snap","floor":7.0},{"not_picked":["Beam Cell","White Noise"],"picked":"Self Repair","floor":10.0},{"not_picked":["Tempest","FTL"],"picked":"Creative AI","floor":11.0},{"not_picked":["Streamline","Redo","Beam Cell"],"picked":"SKIP","floor":12.0},{"not_picked":["Steam Power","Coolheaded"],"picked":"Capacitor","floor":13.0},{"not_picked":["Fission","Multi-Cast"],"picked":"Thunder Strike","floor":16.0},{"not_picked":["Hologram","Genetic Algorithm"],"picked":"Coolheaded","floor":18.0},{"not_picked":["Static Discharge","Sweeping Beam+1"],"picked":"Heatsinks","floor":27.0},{"not_picked":["Conserve Battery","Stack"],"picked":"Force Field","floor":28.0},{"not_picked":["Rebound","Ball Lightning","Barrage"],"picked":"SKIP","floor":30.0},{"not_picked":["Cold Snap","Gash"],"picked":"Recycle","floor":31.0},{"not_picked":["All For One","Fission"],"picked":"Meteor Strike","floor":33.0},{"not_picked":["Leap+1","Auto Shields","Stack"],"picked":"SKIP","floor":35.0},{"not_picked":["Gash+1","Hello World"],"picked":"Self Repair","floor":37.0},{"not_picked":["Madness","PanicButton"],"picked":"Panacea","floor":39.0},{"not_picked":["Madness","Forethought"],"picked":"Finesse","floor":39.0},{"not_picked":["Finesse","Mind Blast"],"picked":"Apotheosis","floor":39.0},{"not_picked":["Streamline+1","Sunder","Go for the Eyes"],"picked":"SKIP","floor":41.0},{"not_picked":["Compile Driver","Sweeping Beam"],"picked":"Double Energy","floor":42.0},{"not_picked":["Genetic Algorithm+1","Barrage+1"],"picked":"Conserve Battery+1","floor":45.0},{"not_picked":["Go for the Eyes","Barrage+1"],"picked":"Defragment","floor":46.0},{"not_picked":["Conserve Battery+1","Barrage+1"],"picked":"Redo+1","floor":47.0},{"not_picked":["Cold Snap","Rebound+1"],"picked":"Hologram+1","floor":48.0},{"not_picked":["Self Repair","Sweeping Beam"],"picked":"Capacitor+1","floor":55}],"player_experience":1776592,"relics_obtained":[{"floor":7.0,"key":"Bag of Marbles"},{"floor":13.0,"key":"Vajra"},{"floor":26.0,"key":"Omamori"},{"floor":42.0,"key":"Ice Cream"},{"floor":43.0,"key":"Toxic Egg 2"},{"floor":47.0,"key":"Darkstone Periapt"},{"floor":55,"key":"Pear"}],"event_choices":[{"damage_healed":0.0,"max_hp_gain":0.0,"max_hp_loss":0.0,"gold_gain":0.0,"event_name":"Liars Game","player_choice":"Ignored","floor":3.0,"gold_loss":0.0,"damage_taken":0.0},{"cards_removed":["Strike_B"],"damage_healed":0.0,"max_hp_gain":0.0,"max_hp_loss":0.0,"gold_gain":0.0,"event_name":"Bonfire Elementals","player_choice":"Offered Basic","floor":5.0,"gold_loss":0.0,"damage_taken":0.0},{"damage_healed":0.0,"max_hp_gain":0.0,"max_hp_loss":0.0,"gold_gain":0.0,"event_name":"Shining Light","player_choice":"Entered Light","floor":14.0,"gold_loss":0.0,"damage_taken":21.0,"cards_upgraded":["Cold Snap","Self Repair"]},{"damage_healed":0.0,"max_hp_gain":0.0,"max_hp_loss":0.0,"gold_gain":0.0,"event_name":"Cursed Tome","player_choice":"Ignored","floor":19.0,"gold_loss":0.0,"damage_taken":0.0},{"damage_healed":0.0,"max_hp_gain":5.0,"max_hp_loss":0.0,"gold_gain":0.0,"event_name":"Forgotten Altar","player_choice":"Shed Blood","floor":21.0,"gold_loss":0.0,"damage_taken":25.0},{"cards_removed":["Strike_B"],"damage_healed":0.0,"max_hp_gain":0.0,"max_hp_loss":0.0,"gold_gain":0.0,"event_name":"Back to Basics","player_choice":"Elegance","floor":22.0,"gold_loss":0.0,"damage_taken":0.0},{"damage_healed":0.0,"max_hp_gain":0.0,"max_hp_loss":0.0,"gold_gain":999.0,"event_name":"MindBloom","player_choice":"Gold","floor":38.0,"gold_loss":0.0,"damage_taken":0.0,"cards_obtained":["Normality","Normality"]},{"damage_healed":0.0,"max_hp_gain":0.0,"max_hp_loss":0.0,"gold_gain":0.0,"event_name":"SensoryStone","player_choice":"Memory 3","floor":39.0,"gold_loss":0.0,"damage_taken":10.0}],"is_beta":false,"boss_relics":[{"not_picked":["White Beast Statue","Black Star"],"picked":"Nuclear Battery"},{"not_picked":["Velvet Choker","Orrery"],"picked":"Runic Pyramid"}],"items_purged_floors":[2,36,44,54],"is_endless":false,"potions_floor_spawned":[11,12,16,18,28,37,41,46],"ascension_level":20}