{"gold_per_floor":[116,131,150,170,189,189,216,228,228,248,248,26,26,106,106,211,211,229,229,3,16,34,34,69,79,79,79],"floor_reached":27,"playtime":1840,"items_purged":[],"score":237,"play_id":"e4f3694e-4e05-4c31-a0b9-32d32ac41dcc","local_time":"20190729182004","is_ascension_mode":false,"campfire_choices":[{"data":"Riddle With Holes","floor":6,"key":"SMITH"},{"floor":13,"key":"REST"},{"data":"Bane","floor":15,"key":"SMITH"},{"floor":23,"key":"REST"}],"neow_cost":"NONE","seed_source_timestamp":324133641892600,"circlet_count":0,"master_deck":["Strike_G","Strike_G","Strike_G","Strike_G","Strike_G","Defend_G","Defend_G","Defend_G","Defend_G","Defend_G","Survivor","Neutralize","Underhanded Strike","Riddle With Holes+1","Noxious Fumes","Endless Agony","Die Die Die","Noxious Fumes","Bane+1","Deadly Poison","Bane","Flying Knee","Deep Breath","Storm of Steel","Deflect","Jack Of All Trades","Noxious Fumes","Deflect+1","Poisoned Stab+1","Catalyst","Crippling Poison"],"relics":["Ring of the Snake","NeowsBlessing","Anchor","Omamori","Dodecahedron","Lizard Tail","Boot","Darkstone Periapt","Paper Crane"],"potions_floor_usage":[7,16,18,18,21,22,22,25],"damage_taken":[{"damage":0,"enemies":"Small Slimes","floor":1,"turns":1},{"damage":0,"enemies":"2 Louse","floor":2,"turns":1},{"damage":0,"enemies":"Jaw Worm","floor":3,"turns":1},{"damage":3,"enemies":"Red Slaver","floor":4,"turns":4},{"damage":0,"enemies":"Blue Slaver","floor":5,"turns":3},{"damage":19,"enemies":"Lagavulin","floor":7,"turns":7},{"damage":0,"enemies":"2 Fungi Beasts","floor":8,"turns":2},{"damage":0,"enemies":"3 Louse","floor":10,"turns":1},{"damage":35,"enemies":"Hexaghost","floor":16,"turns":9},{"damage":3,"enemies":"2 Thieves","floor":18,"turns":4},{"damage":6,"enemies":"Shell Parasite","floor":21,"turns":3},{"damage":10,"enemies":"Snake Plant","floor":22,"turns":4},{"damage":41,"enemies":"Book of Stabbing","floor":24,"turns":5},{"damage":33,"enemies":"Cultist and Chosen","floor":25,"turns":7},{"damage":35,"enemies":"Gremlin Leader","floor":27,"turns":4}],"seed_played":"-3833411324086162358","potions_obtained":[{"floor":4,"key":"Dexterity Potion"},{"floor":7,"key":"Fire Potion"},{"floor":10,"key":"Dexterity Potion"},{"floor":16,"key":"GamblersBrew"},{"floor":21,"key":"Fire Potion"},{"floor":24,"key":"SkillPotion"}],"is_trial":false,"path_per_floor":["M","M","M","M","M","R","E","M","T","M","?","$","R","?","R","B",null,"M","?","$","M","M","R","E","M","T","E"],"character_chosen":"THE_SILENT","items_purchased":["Deadly Poison","Bane","Flying Knee","Deep Breath","Jack Of All Trades","Noxious Fumes","Swift Potion","Explosive Potion"],"campfire_rested":2,"item_purchase_floors":[12,12,12,12,20,20,20,20],"current_hp_per_floor":[70,70,70,67,67,67,48,48,48,48,30,30,51,51,51,16,70,67,67,67,61,51,70,29,35,35,0],"gold":79,"neow_bonus":"THREE_ENEMY_KILL","is_prod":false,"is_daily":false,"chose_seed":false,"campfire_upgraded":2,"win_rate":0.0,"timestamp":1564442404,"path_taken":["M","M","M","M","M","R","E","M","T","M","?","$","R","?","R","BOSS","M","?","$","?","M","R","E","M","T","E"],"build_version":"2019-07-17","purchased_purges":0,"victory":false,"max_hp_per_floor":[70,70,70,70,70,70,70,70,70,70,70,70,70,70,70,70,70,70,70,70,70,70,70,70,70,70,70],"card_choices":[{"not_picked":["Underhanded Strike","Predator"],"picked":"Deflect","floor":1},{"not_picked":["Riddle With Holes","Blur"],"picked":"Underhanded Strike","floor":2},{"not_picked":["Blade Dance","Skewer"],"picked":"Riddle With Holes","floor":3},{"not_picked":["Outmaneuver","Deadly Poison"],"picked":"Noxious Fumes","floor":4},{"not_picked":["Finisher","Skewer"],"picked":"Endless Agony","floor":5},{"not_picked":["Calculated Gamble","Well Laid Plans"],"picked":"Die Die Die","floor":7},{"not_picked":["Caltrops","Prepared"],"picked":"Noxious Fumes","floor":8},{"not_picked":["Backflip","Quick Slash"],"picked":"Bane","floor":10},{"not_picked":["Malaise","Glass Knife"],"picked":"Storm of Steel","floor":16},{"not_picked":["Backflip","Footwork+1"],"picked":"Deflect","floor":18},{"not_picked":["Escape Plan","Well Laid Plans"],"picked":"Deflect+1","floor":21},{"not_picked":["Underhanded Strike","Outmaneuver"],"picked":"Poisoned Stab+1","floor":22},{"not_picked":["Sucker Punch+1","Wraith Form v2"],"picked":"Catalyst","floor":24},{"not_picked":["Blade Dance","Catalyst"],"picked":"Crippling Poison","floor":25}],"player_experience":178892,"relics_obtained":[{"floor":7,"key":"Anchor"},{"floor":9,"key":"Omamori"},{"floor":24,"key":"Darkstone Periapt"},{"floor":26,"key":"Paper Crane"}],"event_choices":[{"damage_healed":0,"gold_gain":0,"player_choice":"Success","damage_taken":18,"relics_obtained":["Dodecahedron"],"max_hp_gain":0,"max_hp_loss":0,"event_name":"Scrap Ooze","floor":11,"gold_loss":0},{"damage_healed":0,"gold_gain":80,"player_choice":"Gained Gold","damage_taken":0,"max_hp_gain":0,"max_hp_loss":0,"event_name":"Golden Wing","floor":14,"gold_loss":0},{"cards_removed":["Deflect"],"damage_healed":0,"gold_gain":0,"player_choice":"Gave Card","damage_taken":0,"relics_obtained":["Boot"],"max_hp_gain":0,"max_hp_loss":0,"event_name":"WeMeetAgain","floor":19,"gold_loss":0}],"is_beta":false,"boss_relics":[{"not_picked":["Runic Dome","Coffee Dripper"],"picked":"Lizard Tail"}],"items_purged_floors":[],"is_endless":false,"potions_floor_spawned":[4,7,10,16,21,24],"killed_by":"Gremlin Leader","ascension_level":0}