{"gold_per_floor":[110,122,297,315,148,148,98,98,124,136,149,169,181,209,209,209],"floor_reached":16,"playtime":712,"items_purged":["Doubt"],"score":156,"play_id":"a8a4f643-6015-4242-ab48-50f780c4487a","local_time":"20190722014028","is_ascension_mode":true,"campfire_choices":[{"floor":6,"key":"REST"},{"data":"Madness","floor":8,"key":"SMITH"},{"floor":15,"key":"REST"}],"neow_cost":"NONE","seed_source_timestamp":1030717964578948,"circlet_count":0,"master_deck":["AscendersBane","Strike_R","Strike_R","Strike_R","Strike_R","Strike_R","Defend_R","Defend_R","Defend_R","Defend_R","Heavy Blade","Cleave","Madness+1","Flex","Seeing Red"],"relics":["Burning Blood","Ancient Tea Set","Happy Flower"],"potions_floor_usage":[11,11,14,14],"damage_taken":[{"damage":7,"enemies":"Small Slimes","floor":1,"turns":3},{"damage":7,"enemies":"2 Louse","floor":2,"turns":3},{"damage":25,"enemies":"Jaw Worm","floor":4,"turns":6},{"damage":4,"enemies":"3 Louse","floor":10,"turns":2},{"damage":0,"enemies":"2 Fungi Beasts","floor":11,"turns":3},{"damage":7,"enemies":"Looter","floor":12,"turns":3},{"damage":16,"enemies":"Blue Slaver","floor":13,"turns":4},{"damage":53,"enemies":"Gremlin Nob","floor":14,"turns":5},{"damage":68,"enemies":"The Guardian","floor":16,"turns":9}],"seed_played":"1902910742276805852","potions_obtained":[{"floor":2,"key":"Block Potion"},{"floor":4,"key":"Fire Potion"},{"floor":12,"key":"Regen Potion"},{"floor":13,"key":"SpeedPotion"}],"is_trial":false,"path_per_floor":["M","M","?","M","$","R","?","R","T","M","M","M","M","E","R","B"],"character_chosen":"IRONCLAD","items_purchased":["Madness"],"campfire_rested":2,"item_purchase_floors":[5],"current_hp_per_floor":[79,78,78,59,59,85,85,85,85,87,88,87,77,42,68,0],"gold":209,"neow_bonus":"TEN_PERCENT_HP_BONUS","is_prod":false,"is_daily":false,"chose_seed":false,"campfire_upgraded":1,"win_rate":0,"timestamp":1563774028,"path_taken":["M","M","?","M","$","R","?","R","T","M","M","M","M","E","R","BOSS"],"build_version":"2019-07-17","purchased_purges":1,"victory":false,"max_hp_per_floor":[88,88,88,88,88,88,88,88,88,88,88,88,88,88,88,88],"card_choices":[{"not_picked":["Cleave","Fire Breathing"],"picked":"Heavy Blade","floor":1},{"not_picked":["Sword Boomerang","Headbutt"],"picked":"Cleave","floor":2},{"not_picked":["Iron Wave","Warcry","True Grit"],"picked":"SKIP","floor":4},{"not_picked":["Sentinel","Havoc","Rupture"],"picked":"SKIP","floor":10},{"not_picked":["Impervious","Heavy Blade"],"picked":"Flex","floor":11},{"not_picked":["Clothesline","Bloodletting"],"picked":"Seeing Red","floor":12},{"not_picked":["Combust","Warcry","Clash"],"picked":"SKIP","floor":13},{"not_picked":["Bludgeon","Body Slam","Havoc"],"picked":"SKIP","floor":14}],"player_experience":1098714,"relics_obtained":[{"floor":9,"key":"Ancient Tea Set"},{"floor":14,"key":"Happy Flower"}],"event_choices":[{"damage_healed":0,"gold_gain":175,"player_choice":"AGREE","damage_taken":0,"max_hp_gain":0,"max_hp_loss":0,"event_name":"Liars Game","floor":3,"gold_loss":0,"cards_obtained":["Doubt"]},{"cards_removed":["Bash"],"damage_healed":0,"gold_gain":0,"player_choice":"Card Removal","damage_taken":0,"max_hp_gain":0,"max_hp_loss":0,"event_name":"The Cleric","floor":7,"gold_loss":50}],"is_beta":false,"boss_relics":[],"items_purged_floors":[5],"is_endless":false,"potions_floor_spawned":[2,4,12,13],"killed_by":"The Guardian","ascension_level":10}