{"gold_per_floor":[219,219,240,34,53,53,89,89,162,162,175,350,366,366,366,486,549,564,585,605,214,214,253,253],"floor_reached":24,"playtime":2325,"items_purged":["Doubt"],"score":216,"play_id":"482e46f9-967b-4468-ba93-824ec5272ff1","local_time":"20190706222642","is_ascension_mode":false,"campfire_choices":[{"data":"Anger","floor":6,"key":"SMITH"},{"data":"Seeing Red","floor":8,"key":"SMITH"},{"floor":15,"key":"REST"}],"neow_cost":"NONE","seed_source_timestamp":1453949520992100,"circlet_count":0,"master_deck":["Strike_R","Strike_R","Strike_R","Strike_R+1","Strike_R","Defend_R","Defend_R","Defend_R","Defend_R+1","Bash","Clash+1","Armaments","Bludgeon","Sword Boomerang","Anger+1","Seeing Red+1","Intimidate","Thunderclap","Bludgeon","Carnage","Whirlwind","Warcry","Heavy Blade","Swift Strike","Whirlwind","Rage+1"],"relics":["Burning Blood","Golden Idol","Lantern","Dodecahedron","Membership Card","Nloth\u0027s Gift","Incense Burner"],"potions_floor_usage":[7,20,20,23,24],"damage_taken":[{"damage":0,"enemies":"2 Louse","floor":1,"turns":4},{"damage":3,"enemies":"Small Slimes","floor":3,"turns":3},{"damage":1,"enemies":"Jaw Worm","floor":5,"turns":3},{"damage":25,"enemies":"3 Sentries","floor":7,"turns":10},{"damage":0,"enemies":"Red Slaver","floor":11,"turns":1},{"damage":12,"enemies":"Exordium Wildlife","floor":13,"turns":4},{"damage":52,"enemies":"Slime Boss","floor":16,"turns":12},{"damage":20,"enemies":"Spheric Guardian","floor":18,"turns":4},{"damage":0,"enemies":"Chosen","floor":19,"turns":3},{"damage":36,"enemies":"Snake Plant","floor":20,"turns":3},{"damage":42,"enemies":"Gremlin Leader","floor":23,"turns":5},{"damage":15,"enemies":"Centurion and Healer","floor":24,"turns":1}],"seed_played":"-2105185461359556482","potions_obtained":[{"floor":5,"key":"Block Potion"},{"floor":11,"key":"SteroidPotion"},{"floor":16,"key":"SteroidPotion"},{"floor":17,"key":"Poison Potion"}],"is_trial":false,"path_per_floor":["M","?","M","$","M","R","E","R","T","?","M","?","M","?","R","B",null,"M","M","M","$","?","E","M"],"character_chosen":"IRONCLAD","items_purchased":["Bludgeon","Sword Boomerang","Membership Card","Swift Strike","Whirlwind","EssenceOfSteel"],"campfire_rested":1,"item_purchase_floors":[4,4,21,21,21,21],"current_hp_per_floor":[80,80,80,80,80,80,61,61,61,45,51,51,45,45,69,23,85,71,77,47,47,47,11,0],"gold":253,"neow_bonus":"HUNDRED_GOLD","is_prod":false,"is_daily":false,"chose_seed":false,"campfire_upgraded":2,"win_rate":0.0,"timestamp":1562470002,"path_taken":["M","?","M","$","M","R","E","R","T","?","M","?","M","?","R","BOSS","M","M","M","$","?","E","?"],"build_version":"2019-07-05","purchased_purges":1,"victory":false,"max_hp_per_floor":[80,80,80,80,80,80,80,80,80,80,80,80,80,80,80,80,85,85,85,85,85,85,85,85],"card_choices":[{"not_picked":["Twin Strike","Flame Barrier"],"picked":"Clash","floor":1},{"not_picked":["True Grit","Warcry"],"picked":"Armaments","floor":3},{"not_picked":["Iron Wave","Warcry"],"picked":"Anger","floor":5},{"not_picked":["Second Wind","Flame Barrier"],"picked":"Seeing Red","floor":7},{"not_picked":["Uppercut","Clash"],"picked":"Intimidate","floor":11},{"not_picked":["Iron Wave","Battle Trance"],"picked":"Thunderclap","floor":13},{"not_picked":["Feed","Barricade"],"picked":"Bludgeon","floor":16},{"not_picked":["Warcry","Infernal Blade"],"picked":"Carnage","floor":17},{"not_picked":["Thunderclap+1","Sword Boomerang+1"],"picked":"Whirlwind","floor":18},{"not_picked":["Headbutt","Seeing Red"],"picked":"Warcry","floor":19},{"not_picked":["Battle Trance","Fire Breathing"],"picked":"Heavy Blade","floor":20},{"not_picked":["Combust+1","Headbutt"],"picked":"Rage+1","floor":23}],"player_experience":36028,"relics_obtained":[{"floor":7,"key":"Lantern"},{"floor":9,"key":"Dodecahedron"},{"floor":23,"key":"Incense Burner"}],"event_choices":[{"damage_healed":0,"gold_gain":0,"player_choice":"Take Wound","damage_taken":0,"relics_obtained":["Golden Idol"],"max_hp_gain":0,"max_hp_loss":0,"event_name":"Golden Idol","floor":2,"gold_loss":0,"cards_obtained":["Injury"]},{"damage_healed":0,"gold_gain":0,"player_choice":"Entered Light","damage_taken":16,"max_hp_gain":0,"max_hp_loss":0,"event_name":"Shining Light","floor":10,"gold_loss":0,"cards_upgraded":["Strike_R","Defend_R"]},{"damage_healed":0,"gold_gain":175,"player_choice":"AGREE","damage_taken":0,"max_hp_gain":0,"max_hp_loss":0,"event_name":"Liars Game","floor":12,"gold_loss":0,"cards_obtained":["Doubt"]},{"cards_removed":["Injury"],"damage_healed":0,"gold_gain":0,"player_choice":"Forget","damage_taken":0,"max_hp_gain":0,"max_hp_loss":0,"event_name":"Living Wall","floor":14,"gold_loss":0},{"damage_healed":0,"gold_gain":0,"player_choice":"Traded Relic","damage_taken":0,"relics_obtained":["Nloth\u0027s Gift"],"max_hp_gain":0,"max_hp_loss":0,"event_name":"N\u0027loth","floor":22,"relics_lost":["Tiny House"],"gold_loss":0}],"is_beta":false,"boss_relics":[{"not_picked":["Philosopher\u0027s Stone","Eternal Feather"],"picked":"Tiny House"}],"items_purged_floors":[21],"is_endless":false,"potions_floor_spawned":[5,11,16,19],"killed_by":"Centurion and Healer","ascension_level":0}