{"gold_per_floor":[117,117,42,58,58,58,92,109,109,124,124,152,168,186,186,263,563,563],"floor_reached":18,"playtime":676,"items_purged":["Strike_G"],"score":394,"play_id":"717715e8-2043-465d-9e18-667c42c31b02","local_time":"20190804202250","is_ascension_mode":true,"campfire_choices":[{"data":"Quick Slash","floor":6.0,"key":"SMITH"},{"data":"Deadly Poison","floor":11,"key":"SMITH"},{"data":"Neutralize","floor":15,"key":"SMITH"}],"neow_cost":"NONE","seed_source_timestamp":181023986962020,"circlet_count":0,"master_deck":["AscendersBane","Strike_G","Strike_G","Strike_G","Strike_G","Defend_G","Defend_G","Defend_G","Defend_G","Defend_G","Survivor","Neutralize+1","Venomology","Deadly Poison+1","Quick Slash+1","Predator","Poisoned Stab","Cloak And Dagger","Bouncing Flask","Malaise","Regret","Pain","Clumsy"],"special_seed":0,"relics":["Ring of the Snake","Meat on the Bone","Matryoshka","Lantern","Bag of Preparation","Pen Nib","Mercury Hourglass","Calling Bell","Centennial Puzzle","Pantograph","Old Coin"],"potions_floor_usage":[7,7,10,12,13,16],"damage_taken":[{"damage":10.0,"enemies":"Small Slimes","floor":1.0,"turns":6.0},{"damage":0.0,"enemies":"Jaw Worm","floor":4.0,"turns":6.0},{"damage":21,"enemies":"3 Sentries","floor":7,"turns":11},{"damage":1,"enemies":"Cultist","floor":8,"turns":3},{"damage":0,"enemies":"Gremlin Gang","floor":10,"turns":3},{"damage":0,"enemies":"Gremlin Nob","floor":12,"turns":2},{"damage":1,"enemies":"Exordium Wildlife","floor":13,"turns":5},{"damage":0,"enemies":"2 Fungi Beasts","floor":14,"turns":2},{"damage":13,"enemies":"The Guardian","floor":16,"turns":8},{"damage":0,"enemies":"2 Thieves","floor":18,"turns":1}],"seed_played":"8954496598378857809","potions_obtained":[{"floor":4.0,"key":"Strength Potion"},{"floor":12,"key":"Strength Potion"}],"is_trial":false,"path_per_floor":["M","?","$","M","T","R","E","M","T","M","R","E","M","M","R","B",null,"M"],"character_chosen":"THE_SILENT","items_purchased":[],"campfire_rested":0,"item_purchase_floors":[],"current_hp_per_floor":[49,31,31,43,43,43,34,45,45,45,45,45,44,44,44,43,60,60],"gold":563,"neow_bonus":"ONE_RANDOM_RARE_CARD","is_prod":false,"is_daily":false,"chose_seed":false,"campfire_upgraded":3,"win_rate":0,"timestamp":1564975370,"path_taken":["M","?","$","M","?","R","E","M","T","?","R","E","M","?","R","BOSS","M"],"build_version":"2019-07-17","purchased_purges":1,"victory":false,"max_hp_per_floor":[66,66,66,66,66,66,66,66,66,66,66,66,66,66,66,66,66,66],"card_choices":[{"not_picked":["Blade Dance","Flying Knee"],"picked":"Deadly Poison","floor":1.0},{"not_picked":["Endless Agony","Prepared"],"picked":"Quick Slash","floor":4.0},{"not_picked":["Dagger Throw","Slice"],"picked":"Predator","floor":7},{"not_picked":["Terror","Choke","Calculated Gamble"],"picked":"SKIP","floor":8},{"not_picked":["Choke","Grand Finale"],"picked":"Poisoned Stab","floor":10},{"not_picked":["Outmaneuver","Slice","All Out Attack"],"picked":"SKIP","floor":12},{"not_picked":["Outmaneuver","Slice","All Out Attack"],"picked":"SKIP","floor":12},{"not_picked":["Deflect","Backflip"],"picked":"Cloak And Dagger","floor":13},{"not_picked":["Acrobatics","All Out Attack"],"picked":"Bouncing Flask","floor":14},{"not_picked":["Envenom","Venomology"],"picked":"Malaise","floor":16}],"player_experience":860478,"relics_obtained":[{"floor":5.0,"key":"Matryoshka"},{"floor":7,"key":"Lantern"},{"floor":9,"key":"Bag of Preparation"},{"floor":9,"key":"Pen Nib"},{"floor":12,"key":"Mercury Hourglass"},{"floor":17,"key":"Centennial Puzzle"},{"floor":17,"key":"Pantograph"},{"floor":17,"key":"Old Coin"}],"event_choices":[{"damage_healed":0.0,"max_hp_gain":0.0,"max_hp_loss":0.0,"gold_gain":0.0,"event_name":"Scrap Ooze","player_choice":"Success","floor":2.0,"gold_loss":0.0,"damage_taken":18.0,"relics_obtained":["Meat on the Bone"]}],"is_beta":false,"boss_relics":[{"not_picked":["White Beast Statue","WristBlade"],"picked":"Calling Bell"}],"items_purged_floors":[3],"is_endless":false,"potions_floor_spawned":[4,8,12,13],"killed_by":"2 Thieves","ascension_level":20}