{"gold_per_floor":[118,135,23,38,53,53,53,18,18,53,72,72,88,88,88,184,184,194,24,123,137,147,147,147],"floor_reached":24,"playtime":985,"items_purged":["Normality"],"score":238,"play_id":"3ad42786-d2a8-43c1-a5be-1681d871b318","local_time":"20190515213612","is_ascension_mode":true,"campfire_choices":[{"data":"Double Energy","floor":6,"key":"SMITH"},{"data":"Dualcast","floor":12,"key":"SMITH"},{"data":"Glacier","floor":15,"key":"SMITH"},{"floor":23,"key":"REST"}],"neow_cost":"CURSE","seed_source_timestamp":40866149818860,"circlet_count":0,"master_deck":["Strike_B","Strike_B","Strike_B","Strike_B","Defend_B","Defend_B","Defend_B","Defend_B","Zap","Dualcast+1","Cold Snap","Ball Lightning","Glacier+1","Double Energy+1","Storm","Consume","Regret","Buffer","Apotheosis","Glacier","Biased Cognition"],"relics":["Cracked Core","Gremlin Horn","Blue Candle","Molten Egg 2","Nuclear Battery"],"potions_floor_usage":[10,16,16,16,21],"damage_taken":[{"damage":1,"enemies":"Cultist","floor":1,"turns":3},{"damage":6,"enemies":"2 Louse","floor":2,"turns":2},{"damage":4,"enemies":"Jaw Worm","floor":4,"turns":3},{"damage":11,"enemies":"Blue Slaver","floor":5,"turns":3},{"damage":15,"enemies":"3 Sentries","floor":10,"turns":9},{"damage":7,"enemies":"Exordium Thugs","floor":11,"turns":4},{"damage":0,"enemies":"Exordium Wildlife","floor":13,"turns":2},{"damage":62,"enemies":"Hexaghost","floor":16,"turns":14},{"damage":19,"enemies":"Shell Parasite","floor":18,"turns":9},{"damage":28,"enemies":"2 Thieves","floor":21,"turns":5},{"damage":40,"enemies":"3 Cultists","floor":22,"turns":9},{"damage":36,"enemies":"Gremlin Leader","floor":24,"turns":3}],"seed_played":"-8287129401260778111","potions_obtained":[{"floor":1,"key":"Swift Potion"},{"floor":5,"key":"SneckoOil"},{"floor":10,"key":"FearPotion"},{"floor":11,"key":"FearPotion"},{"floor":16,"key":"Strength Potion"},{"floor":18,"key":"Block Potion"},{"floor":22,"key":"LiquidBronze"}],"is_trial":false,"path_per_floor":["M","M","$","M","M","R","?","$","T","E","M","R","M","?","R","B",null,"M","$","?","M","M","R","E"],"character_chosen":"DEFECT","items_purchased":["Glacier","Storm","Apotheosis"],"campfire_rested":1,"item_purchase_floors":[3,8,19],"current_hp_per_floor":[88,82,82,78,67,67,89,89,89,74,67,67,67,67,67,5,89,70,70,70,42,2,28,0],"gold":147,"neow_bonus":"TWENTY_PERCENT_HP_BONUS","is_prod":false,"is_daily":false,"chose_seed":false,"campfire_upgraded":3,"win_rate":0,"timestamp":1557970572,"path_taken":["M","M","$","M","?","R","?","$","T","E","?","R","M","?","R","BOSS","M","$","?","M","M","R","E"],"build_version":"2019-01-23","purchased_purges":1,"victory":false,"max_hp_per_floor":[89,89,89,89,89,89,89,89,89,89,89,89,89,89,89,89,89,89,89,89,89,89,89,89],"card_choices":[{"not_picked":["Auto Shields","Hologram"],"picked":"Cold Snap","floor":1},{"not_picked":["Streamline","Redo"],"picked":"Ball Lightning","floor":2},{"not_picked":["Beam Cell","Compile Driver","Redo"],"picked":"SKIP","floor":4},{"not_picked":["Turbo","Melter"],"picked":"Double Energy","floor":5},{"not_picked":["Skim","Stack","Beam Cell"],"picked":"SKIP","floor":10},{"not_picked":["Gash","Compile Driver","Leap"],"picked":"SKIP","floor":11},{"not_picked":["Skim","Tempest"],"picked":"Consume","floor":13},{"not_picked":["Meteor Strike+1","Multi-Cast"],"picked":"Buffer","floor":16},{"not_picked":["Stack","Beam Cell+1","Gash+1"],"picked":"SKIP","floor":18},{"not_picked":["Redo","Rebound+1"],"picked":"Glacier","floor":21},{"not_picked":["Leap","Go for the Eyes+1"],"picked":"Biased Cognition","floor":22}],"player_experience":1001202,"relics_obtained":[{"floor":9,"key":"Gremlin Horn"},{"floor":10,"key":"Blue Candle"}],"event_choices":[{"damage_healed":22,"gold_gain":0,"player_choice":"Full Heal","damage_taken":0,"max_hp_gain":0,"max_hp_loss":0,"event_name":"Wheel of Change","floor":7,"gold_loss":0},{"damage_healed":0,"gold_gain":0,"player_choice":"Box","damage_taken":0,"relics_obtained":["Molten Egg 2"],"max_hp_gain":0,"max_hp_loss":0,"event_name":"Big Fish","floor":14,"gold_loss":0,"cards_obtained":["Regret"]},{"damage_healed":0,"gold_gain":99,"player_choice":"Stole From Cult","damage_taken":0,"max_hp_gain":0,"max_hp_loss":0,"event_name":"Nest","floor":20,"gold_loss":0}],"is_beta":false,"boss_relics":[{"not_picked":["Lizard Tail","Runic Pyramid"],"picked":"Nuclear Battery"}],"items_purged_floors":[3],"is_endless":false,"potions_floor_spawned":[1,5,10,11,16,18,22],"killed_by":"Gremlin Leader","ascension_level":4}