{"gold_per_floor":[115,115,134,147,222,233,233,244,244,259,259,287,304,314,314,413,413,423,435,446,458,18,18,18],"floor_reached":24,"playtime":2874,"items_purged":[],"score":279,"play_id":"d634fa3e-9036-46bc-a543-88d550af2318","local_time":"20180707114404","is_ascension_mode":false,"campfire_choices":[{"data":"Self Repair","floor":7.0,"key":"SMITH"},{"data":"Leap","floor":15.0,"key":"SMITH"},{"floor":23,"key":"DIG"}],"neow_cost":"","seed_source_timestamp":0,"circlet_count":0,"master_deck":["Strike_B","Strike_B","Strike_B","Strike_B","Defend_B","Defend_B","Defend_B","Defend_B","Zap","Dualcast","Streamline+1","Leap+1","Self Repair+1","Conserve Battery","Redo","Go for the Eyes","Conserve Battery","Machine Learning","Cold Snap","Echo Form","Leap+1","Sweeping Beam","Darkness+1","Rebound","Defragment","Rebound"],"special_seed":0,"relics":["Cracked Core","Mango","Toolbox","Bottled Flame","Cursed Key","Shovel","Prayer Wheel"],"potions_floor_usage":[19,19,21,21,24],"damage_taken":[{"damage":1.0,"enemies":"Cultist","floor":1.0,"turns":3.0},{"damage":3.0,"enemies":"Jaw Worm","floor":3.0,"turns":3.0},{"damage":5.0,"enemies":"Small Slimes","floor":4.0,"turns":2.0},{"damage":5.0,"enemies":"2 Fungi Beasts","floor":6.0,"turns":3.0},{"damage":7.0,"enemies":"Blue Slaver","floor":8.0,"turns":4.0},{"damage":18.0,"enemies":"Large Slime","floor":10.0,"turns":6.0},{"damage":37.0,"enemies":"Gremlin Nob","floor":12.0,"turns":5.0},{"damage":0.0,"enemies":"3 Louse","floor":13.0,"turns":4.0},{"damage":0.0,"enemies":"Gremlin Gang","floor":14.0,"turns":6.0},{"damage":0.0,"enemies":"The Guardian","floor":16.0,"turns":13.0},{"damage":1,"enemies":"Chosen","floor":18,"turns":5},{"damage":30,"enemies":"3 Byrds","floor":19,"turns":6},{"damage":14,"enemies":"Centurion and Healer","floor":20,"turns":8},{"damage":27,"enemies":"Snake Plant","floor":21,"turns":5},{"damage":54,"enemies":"Gremlin Leader","floor":24,"turns":8}],"seed_played":"-2348557255836920609","potions_obtained":[{"floor":4.0,"key":"Energy Potion"},{"floor":10.0,"key":"PowerPotion"},{"floor":12.0,"key":"Regen Potion"},{"floor":14.0,"key":"PowerPotion"},{"floor":16.0,"key":"Strength Potion"},{"floor":18,"key":"Fruit Juice"},{"floor":19,"key":"Swift Potion"},{"floor":21,"key":"Weak Potion"}],"is_trial":false,"path_per_floor":["M","?","M","M","?","M","R","M","T","M","T","E","M","M","R","B",null,"M","M","M","M","$","R"],"character_chosen":"DEFECT","items_purchased":["Shovel","Defragment","Rebound"],"campfire_rested":0,"item_purchase_floors":[22,22,22],"current_hp_per_floor":[74,74,71,66,55,57,57,60,74,66,66,39,49,74,74,88,89,89,74,70,53,53,53,0],"gold":18,"neow_bonus":"","is_prod":false,"is_daily":false,"chose_seed":false,"campfire_upgraded":2,"win_rate":0.0,"timestamp":1530978244,"path_taken":["M","?","M","M","?","M","R","M","T","M","?","E","M","M","R","BOSS","M","M","M","M","$","R","E"],"build_version":"2018-06-28","purchased_purges":0,"victory":false,"max_hp_per_floor":[75,75,75,75,75,75,75,75,89,89,89,89,89,89,89,89,89,89,94,94,94,94,94,94],"card_choices":[{"not_picked":["Barrage","Static Discharge"],"picked":"Streamline","floor":1.0},{"not_picked":["Barrage","Aggregate"],"picked":"Leap","floor":3.0},{"not_picked":["Doom and Gloom","Leap"],"picked":"Self Repair","floor":4.0},{"not_picked":["Hello World","Chill"],"picked":"Conserve Battery","floor":6.0},{"not_picked":["Leap","Consume"],"picked":"Redo","floor":8.0},{"not_picked":["Tempest","Compile Driver"],"picked":"Go for the Eyes","floor":10.0},{"not_picked":["Compile Driver","Coolheaded"],"picked":"Conserve Battery","floor":12.0},{"not_picked":["Cold Snap","Aggregate"],"picked":"Machine Learning","floor":13.0},{"not_picked":["Go for the Eyes","Gash"],"picked":"Cold Snap","floor":14.0},{"not_picked":["Electrodynamics","All For One"],"picked":"Echo Form","floor":16.0},{"not_picked":["Cold Snap","Ball Lightning"],"picked":"Leap+1","floor":18},{"not_picked":["Steam","Chill"],"picked":"Sweeping Beam","floor":19},{"not_picked":["Glacier","Go for the Eyes"],"picked":"Darkness+1","floor":20},{"not_picked":["BootSequence","Coolheaded"],"picked":"Rebound","floor":21}],"player_experience":34203,"relics_obtained":[{"floor":9.0,"key":"Mango"},{"floor":11.0,"key":"Toolbox"},{"floor":12.0,"key":"Bottled Flame"},{"floor":23,"key":"Prayer Wheel"}],"event_choices":[{"event_name":"Upgrade Shrine","player_choice":"Upgraded","floor":2.0,"damage_taken":0.0},{"event_name":"World of Goop","player_choice":"Gather Gold","floor":5.0,"damage_taken":0.0}],"boss_relics":[{"not_picked":["Calling Bell","Lizard Tail"],"picked":"Cursed Key"}],"items_purged_floors":[],"is_endless":false,"potions_floor_spawned":[4,10,12,14,16,18,19,21],"killed_by":"Gremlin Leader","ascension_level":0}