{"gold_per_floor":[116,116,47,64,14,46,46,73,73,73,73,83,97,117,117,117],"floor_reached":16,"playtime":664,"items_purged":[],"score":190,"play_id":"047dd0d0-fd7c-46d8-a962-ea9376e52b7f","local_time":"20190723214255","is_ascension_mode":true,"campfire_choices":[{"floor":7,"key":"REST"},{"floor":10,"key":"REST"},{"floor":15,"key":"REST"}],"neow_cost":"NONE","seed_source_timestamp":102695773827083,"circlet_count":0,"master_deck":["AscendersBane","Strike_R","Strike_R","Strike_R","Strike_R","Strike_R","Defend_R","Defend_R","Defend_R","Defend_R","Feed","Warcry+1","Fire Breathing","Pommel Strike","Armaments","Fire Breathing","Ghostly Armor","Shrug It Off"],"relics":["Burning Blood","Kunai","Darkstone Periapt","Art of War"],"potions_floor_usage":[12],"damage_taken":[{"damage":7,"enemies":"2 Louse","floor":1,"turns":3},{"damage":6,"enemies":"Cultist","floor":4,"turns":4},{"damage":76,"enemies":"Lagavulin","floor":6,"turns":7},{"damage":30,"enemies":"3 Sentries","floor":8,"turns":12},{"damage":12,"enemies":"Jaw Worm","floor":12,"turns":3},{"damage":2,"enemies":"Large Slime","floor":13,"turns":5},{"damage":11,"enemies":"Red Slaver","floor":14,"turns":5},{"damage":83,"enemies":"The Guardian","floor":16,"turns":9}],"seed_played":"1358385570652524913","potions_obtained":[{"floor":12,"key":"Fruit Juice"},{"floor":14,"key":"GamblersBrew"}],"is_trial":false,"path_per_floor":["M","?","$","M","?","E","R","E","T","R","?","M","M","M","R","B"],"character_chosen":"IRONCLAD","items_purchased":["Fire Breathing"],"campfire_rested":3,"item_purchase_floors":[3],"current_hp_per_floor":[74,74,74,77,77,7,32,8,8,33,33,32,39,37,66,0],"gold":117,"neow_bonus":"ONE_RANDOM_RARE_CARD","is_prod":false,"is_daily":false,"chose_seed":false,"campfire_upgraded":0,"win_rate":0,"timestamp":1563932575,"path_taken":["M","?","$","?","?","E","R","E","T","R","?","M","?","M","R","BOSS"],"build_version":"2019-07-17","purchased_purges":0,"victory":false,"max_hp_per_floor":[83,83,83,86,86,86,86,86,86,86,86,91,94,97,97,97],"card_choices":[{"not_picked":["Wild Strike","Clothesline"],"picked":"Warcry","floor":1},{"not_picked":["Perfected Strike","Havoc"],"picked":"Pommel Strike","floor":4},{"not_picked":["Clothesline","Body Slam"],"picked":"Armaments","floor":6},{"not_picked":["Twin Strike","Anger","Battle Trance"],"picked":"SKIP","floor":8},{"not_picked":["Shockwave","Burning Pact"],"picked":"Ghostly Armor","floor":12},{"not_picked":["Evolve","Battle Trance","Clash"],"picked":"SKIP","floor":13},{"not_picked":["Body Slam","Clash"],"picked":"Shrug It Off","floor":14}],"player_experience":1101957,"relics_obtained":[{"floor":6,"key":"Kunai"},{"floor":8,"key":"Darkstone Periapt"},{"floor":9,"key":"Art of War"}],"event_choices":[{"damage_healed":0,"gold_gain":0,"player_choice":"Upgraded","damage_taken":0,"max_hp_gain":0,"max_hp_loss":0,"event_name":"Upgrade Shrine","floor":2,"gold_loss":0,"cards_upgraded":["Warcry"]},{"cards_removed":["Bash"],"damage_healed":0,"gold_gain":0,"player_choice":"Card Removal","damage_taken":0,"max_hp_gain":0,"max_hp_loss":0,"event_name":"The Cleric","floor":5,"gold_loss":50},{"damage_healed":0,"gold_gain":0,"player_choice":"1 cards matched","damage_taken":0,"max_hp_gain":0,"max_hp_loss":0,"event_name":"Match and Keep!","floor":11,"gold_loss":0,"cards_obtained":["Fire Breathing"]}],"is_beta":false,"boss_relics":[],"items_purged_floors":[],"is_endless":false,"potions_floor_spawned":[12,14],"killed_by":"The Guardian","ascension_level":10}