{"gold_per_floor":[110,110,110,130,150,181,181,213,294,306,306,324,338,225,225,320,320,331,331,345,193,210,243,298,298,324,324,2,13,13],"floor_reached":30,"playtime":2104,"items_purged":["Injury"],"score":338,"play_id":"34f7a39c-e32e-458f-aff1-4c76a9097918","local_time":"20180725125907","is_ascension_mode":true,"campfire_choices":[{"floor":7,"key":"REST"},{"floor":15,"key":"REST"},{"data":"Noxious Fumes","floor":27,"key":"SMITH"}],"neow_cost":"NONE","seed_source_timestamp":338048283461873,"circlet_count":0,"master_deck":["Survivor","Neutralize","PiercingWail","Calculated Gamble","Dagger Spray","Flying Knee","Burst","Sucker Punch","All Out Attack","Backflip","Accuracy","Storm of Steel","Caltrops","Deflect","Outmaneuver","Predator","Dagger Spray","Sucker Punch","Noxious Fumes+1","Cloak And Dagger","Acrobatics","Cloak And Dagger","Slice","Dash+1","Finisher","Escape Plan","Cloak And Dagger+1","Deadly Poison+1","Accuracy","Caltrops+1"],"relics":["Calling Bell","Omamori","Letter Opener","Sundial","Incense Burner","Bag of Preparation","Shuriken","Mercury Hourglass","Pandora\u0027s Box","Question Card","Tiny Chest","Blood Vial","Turnip"],"potions_floor_usage":[6,8,16,16,30],"damage_taken":[{"damage":15,"enemies":"Small Slimes","floor":1,"turns":6},{"damage":1,"enemies":"Cultist","floor":4,"turns":6},{"damage":7,"enemies":"Jaw Worm","floor":5,"turns":5},{"damage":20,"enemies":"3 Sentries","floor":6,"turns":10},{"damage":23,"enemies":"Gremlin Nob","floor":8,"turns":6},{"damage":0,"enemies":"2 Fungi Beasts","floor":10,"turns":2},{"damage":0,"enemies":"Large Slime","floor":12,"turns":4},{"damage":0,"enemies":"Looter","floor":13,"turns":3},{"damage":21,"enemies":"Hexaghost","floor":16,"turns":11},{"damage":5,"enemies":"Shell Parasite","floor":18,"turns":5},{"damage":3,"enemies":"3 Byrds","floor":20,"turns":4},{"damage":2,"enemies":"Cultist and Chosen","floor":22,"turns":5},{"damage":9,"enemies":"Book of Stabbing","floor":23,"turns":6},{"damage":2,"enemies":"3 Cultists","floor":29,"turns":4},{"damage":37,"enemies":"Gremlin Leader","floor":30,"turns":5}],"seed_played":"-7019058115391669420","potions_obtained":[{"floor":5,"key":"EssenceOfSteel"},{"floor":6,"key":"PowerPotion"},{"floor":8,"key":"GamblersBrew"},{"floor":10,"key":"Fire Potion"},{"floor":16,"key":"Poison Potion"},{"floor":29,"key":"LiquidBronze"}],"is_trial":false,"path_per_floor":["M","?","?","M","M","E","R","E","T","M","?","M","M","$","R","B",null,"M","?","M","$","M","E","T","?","T","R","$","M"],"character_chosen":"THE_SILENT","items_purchased":["Accuracy","Finisher","Escape Plan","Turnip","Accuracy"],"campfire_rested":2,"item_purchase_floors":[14,21,21,28,28],"current_hp_per_floor":[48,48,48,47,40,20,41,18,18,18,18,18,18,18,39,18,57,52,39,36,36,34,25,25,25,25,25,25,25,0],"gold":13,"neow_bonus":"BOSS_RELIC","is_prod":false,"is_daily":false,"chose_seed":false,"campfire_upgraded":1,"win_rate":0,"timestamp":1532537947,"path_taken":["M","?","?","M","M","E","R","E","T","?","?","M","M","$","R","BOSS","M","?","M","$","M","E","?","?","T","R","?","?","E"],"build_version":"2018-07-19v2","purchased_purges":1,"victory":false,"max_hp_per_floor":[70,70,70,70,70,70,70,70,70,70,70,70,70,70,70,70,70,70,75,75,75,75,75,75,75,75,75,75,75,75],"card_choices":[{"not_picked":["Outmaneuver","Prepared"],"picked":"PiercingWail","floor":1},{"not_picked":["Choke","Quick Slash"],"picked":"Calculated Gamble","floor":4},{"not_picked":["Outmaneuver","Acrobatics"],"picked":"Dagger Spray","floor":5},{"not_picked":["Skewer","Quick Slash"],"picked":"Flying Knee","floor":6},{"not_picked":["Accuracy","Acrobatics"],"picked":"Burst","floor":8},{"not_picked":["Outmaneuver","Bane"],"picked":"Sucker Punch","floor":10},{"not_picked":["Underhanded Strike","Finisher"],"picked":"All Out Attack","floor":12},{"not_picked":["Slice","Predator"],"picked":"Backflip","floor":13},{"not_picked":["A Thousand Cuts","Die Die Die"],"picked":"Storm of Steel","floor":16},{"not_picked":["Flechettes+1","Sucker Punch"],"picked":"Slice","floor":18},{"not_picked":["Setup","Cloak And Dagger"],"picked":"Dash+1","floor":20},{"not_picked":["Dagger Spray","Riddle With Holes"],"picked":"Cloak And Dagger+1","floor":22},{"not_picked":["Bane","Outmaneuver"],"picked":"Deadly Poison+1","floor":23},{"not_picked":["Storm of Steel","Flechettes","Quick Slash+1"],"picked":"Caltrops+1","floor":29}],"player_experience":306102,"relics_obtained":[{"floor":0,"key":"Omamori"},{"floor":0,"key":"Letter Opener"},{"floor":0,"key":"Sundial"},{"floor":6,"key":"Bag of Preparation"},{"floor":8,"key":"Shuriken"},{"floor":9,"key":"Mercury Hourglass"},{"floor":23,"key":"Question Card"},{"floor":24,"key":"Tiny Chest"},{"floor":26,"key":"Blood Vial"}],"event_choices":[{"event_name":"Purifier","player_choice":"One Purge","floor":2,"damage_taken":0},{"event_name":"Big Fish","player_choice":"Box","floor":3,"damage_taken":0},{"event_name":"Living Wall","player_choice":"Forget","floor":11,"damage_taken":0},{"event_name":"Forgotten Altar","player_choice":"Shed Blood","floor":19,"damage_taken":0},{"event_name":"Vampires","player_choice":"Ignored","floor":25,"damage_taken":0}],"is_beta":false,"boss_relics":[{"not_picked":["Busted Crown","Tiny House"],"picked":"Pandora\u0027s Box"}],"items_purged_floors":[14],"is_endless":false,"potions_floor_spawned":[5,6,8,10,16,29],"killed_by":"Gremlin Leader","ascension_level":6}