{"gold_per_floor":[116,41,57,57,73,73,88,88,157,57,68,68,68,68,68,163,213,183,183],"floor_reached":19,"playtime":625,"items_purged":["Defend_R","Strike_R"],"score":157,"play_id":"16240a08-d595-4fd6-879b-961622eb6412","local_time":"20190128140658","is_ascension_mode":false,"campfire_choices":[{"data":"Dual Wield","floor":6,"key":"SMITH"},{"data":"Bash","floor":8,"key":"SMITH"},{"floor":12,"key":"RECALL"},{"data":"Strike_R","floor":15,"key":"SMITH"}],"neow_cost":"NONE","seed_source_timestamp":188981025143120,"circlet_count":0,"master_deck":["Strike_R+1","Strike_R","Strike_R+1","Defend_R","Defend_R","Defend_R","Bash+1","Dual Wield+1","Burning Pact"],"relics":["Burning Blood","NeowsBlessing","Tiny House"],"potions_floor_usage":[11,11,16,19],"damage_taken":[{"damage":0,"enemies":"Jaw Worm","floor":1,"turns":1},{"damage":0,"enemies":"Cultist","floor":3,"turns":1},{"damage":0,"enemies":"2 Louse","floor":5,"turns":1},{"damage":16,"enemies":"Blue Slaver","floor":7,"turns":4},{"damage":8,"enemies":"Red Slaver","floor":11,"turns":4},{"damage":78,"enemies":"The Guardian","floor":16,"turns":13},{"damage":51,"enemies":"2 Thieves","floor":18,"turns":5},{"damage":43,"enemies":"Shell Parasite","floor":19,"turns":6}],"seed_played":"990619520745701564","potions_obtained":[{"floor":1,"key":"Regen Potion"},{"floor":5,"key":"Poison Potion"},{"floor":11,"key":"Poison Potion"},{"floor":17,"key":"EssenceOfSteel"}],"is_trial":false,"path_per_floor":["M","$","M","?","M","R","M","R","T","$","M","R","?","$","R","B",null,"M","M"],"character_chosen":"IRONCLAD","items_purchased":[],"campfire_rested":0,"item_purchase_floors":[],"current_hp_per_floor":[80,80,80,80,80,80,70,70,70,70,80,80,80,80,80,8,85,40,0],"gold":183,"neow_bonus":"THREE_ENEMY_KILL","is_prod":false,"is_daily":false,"chose_seed":false,"campfire_upgraded":3,"win_rate":0,"timestamp":1548702418,"path_taken":["M","$","M","?","M","R","M","R","T","$","?","R","?","$","R","BOSS","M","M"],"build_version":"2019-01-23","purchased_purges":2,"victory":false,"max_hp_per_floor":[80,80,80,80,80,80,80,80,80,80,80,80,80,80,80,80,85,85,85],"card_choices":[{"not_picked":["Clothesline","Twin Strike"],"picked":"Dual Wield","floor":1},{"not_picked":["Sever Soul","Anger","Clash"],"picked":"SKIP","floor":3},{"not_picked":["Wild Strike","True Grit","Shrug It Off"],"picked":"SKIP","floor":5},{"not_picked":["Shrug It Off","Clothesline","Pommel Strike"],"picked":"SKIP","floor":7},{"not_picked":["Flex","Inflame"],"picked":"Burning Pact","floor":11},{"not_picked":["True Grit+1","Intimidate+1","Shockwave+1"],"picked":"SKIP","floor":18}],"player_experience":538249,"relics_obtained":[],"event_choices":[{"cards_removed":["Strike_R"],"damage_healed":0,"gold_gain":0,"player_choice":"Offered Basic","damage_taken":0,"max_hp_gain":0,"max_hp_loss":0,"event_name":"Bonfire Elementals","floor":4,"gold_loss":0},{"damage_healed":0,"gold_gain":0,"player_choice":"Ignored","damage_taken":0,"max_hp_gain":0,"max_hp_loss":0,"event_name":"Liars Game","floor":13,"gold_loss":0}],"is_beta":false,"boss_relics":[{"not_picked":["Runic Cube","Eternal Feather"],"picked":"Tiny House"}],"items_purged_floors":[2,10],"is_endless":false,"potions_floor_spawned":[1,5,11],"killed_by":"Shell Parasite","ascension_level":0}