{"gold_per_floor":[119,136,136,150,166,166,166,202,202,202,202,220,234,159,159,159],"floor_reached":16,"playtime":669,"items_purged":["Strike_R"],"score":143,"play_id":"3565f63f-1494-48c8-bacc-94325a6f802c","local_time":"20190804105619","is_ascension_mode":true,"campfire_choices":[{"data":"Body Slam","floor":6,"key":"SMITH"},{"data":"True Grit","floor":7,"key":"SMITH"},{"data":"Strike_R","floor":10,"key":"PURGE"},{"data":"Armaments","floor":15,"key":"SMITH"}],"neow_cost":"PERCENT_DAMAGE","seed_source_timestamp":291814831611107,"circlet_count":0,"master_deck":["Strike_R","Strike_R","Defend_R","Defend_R","Defend_R","Defend_R","Bash","True Grit+1","Body Slam+1","Armaments+1","Battle Trance"],"relics":["Burning Blood","WingedGreaves","Golden Idol","Shovel","Peace Pipe"],"potions_floor_usage":[8,13],"damage_taken":[{"damage":4,"enemies":"2 Louse","floor":1,"turns":4},{"damage":8,"enemies":"Jaw Worm","floor":2,"turns":5},{"damage":0,"enemies":"Small Slimes","floor":4,"turns":4},{"damage":8,"enemies":"2 Fungi Beasts","floor":5,"turns":4},{"damage":48,"enemies":"Gremlin Nob","floor":8,"turns":6},{"damage":4,"enemies":"Exordium Wildlife","floor":12,"turns":7},{"damage":0,"enemies":"Large Slime","floor":13,"turns":6},{"damage":21,"enemies":"Hexaghost","floor":16,"turns":14}],"seed_played":"5203633591760416292","potions_obtained":[{"floor":2,"key":"EssenceOfSteel"},{"floor":12,"key":"AttackPotion"}],"is_trial":false,"path_per_floor":["M","M","?","M","M","R","R","E","T","R","?","M","M","$","R","B"],"character_chosen":"IRONCLAD","items_purchased":[],"campfire_rested":0,"item_purchase_floors":[],"current_hp_per_floor":[53,51,51,57,55,55,55,13,13,13,13,15,21,21,21,0],"gold":159,"neow_bonus":"ONE_RARE_RELIC","is_prod":false,"is_daily":false,"chose_seed":false,"campfire_upgraded":3,"win_rate":0,"timestamp":1564883779,"path_taken":["M","M","?","M","M","R","R","E","T","R","?","M","M","$","R","BOSS"],"build_version":"2019-07-17","purchased_purges":1,"victory":false,"max_hp_per_floor":[80,80,74,74,74,74,74,74,74,74,74,74,74,74,74,74],"card_choices":[{"not_picked":["Clash","Heavy Blade"],"picked":"True Grit","floor":1},{"not_picked":["Wild Strike","Sentinel","Clash"],"picked":"SKIP","floor":2},{"not_picked":["Reckless Charge","Pommel Strike"],"picked":"Body Slam","floor":4},{"not_picked":["Whirlwind","Clothesline","Bloodletting"],"picked":"SKIP","floor":5},{"not_picked":["Dual Wield","Shockwave"],"picked":"Armaments","floor":8},{"not_picked":["Clash","Blood for Blood"],"picked":"Battle Trance","floor":12},{"not_picked":["Wild Strike","Iron Wave","Clothesline"],"picked":"SKIP","floor":13}],"player_experience":248675,"relics_obtained":[{"floor":8,"key":"Shovel"},{"floor":9,"key":"Peace Pipe"}],"event_choices":[{"damage_healed":0,"gold_gain":0,"player_choice":"Lose Max HP","damage_taken":0,"relics_obtained":["Golden Idol"],"max_hp_gain":0,"max_hp_loss":6,"event_name":"Golden Idol","floor":3,"gold_loss":0},{"cards_removed":["Strike_R"],"damage_healed":0,"gold_gain":0,"player_choice":"Forget","damage_taken":0,"max_hp_gain":0,"max_hp_loss":0,"event_name":"Living Wall","floor":11,"gold_loss":0}],"is_beta":false,"boss_relics":[],"items_purged_floors":[14],"is_endless":false,"potions_floor_spawned":[2,12],"killed_by":"Hexaghost","ascension_level":8}