{"gold_per_floor":[116,132,152,55,71,71,71,100,124,24,24],"floor_reached":11,"playtime":262,"items_purged":["Strike_G","Strike_G"],"score":117,"play_id":"8c1a6103-1eee-4c4f-834b-9d22fa6c4dec","local_time":"20190719160836","is_ascension_mode":true,"campfire_choices":[{"data":"Terror","floor":6,"key":"SMITH"}],"neow_cost":"NONE","seed_source_timestamp":345789596623936,"circlet_count":0,"master_deck":["AscendersBane","Strike_G","Strike_G","Defend_G","Defend_G","Defend_G","Defend_G","Defend_G","Survivor","Neutralize","Prepared","Acrobatics","Deadly Poison","Flying Knee","Terror+1","Backstab"],"relics":["Ring of the Snake","NeowsBlessing","Happy Flower","Regal Pillow"],"potions_floor_usage":[],"damage_taken":[{"damage":0,"enemies":"Cultist","floor":1,"turns":1},{"damage":0,"enemies":"Small Slimes","floor":2,"turns":1},{"damage":0,"enemies":"Jaw Worm","floor":3,"turns":1},{"damage":0,"enemies":"Looter","floor":5,"turns":4},{"damage":35,"enemies":"Gremlin Nob","floor":8,"turns":5},{"damage":15,"enemies":"Lagavulin","floor":11,"turns":6}],"seed_played":"-5893925130409617570","potions_obtained":[{"floor":2,"key":"FearPotion"},{"floor":3,"key":"FearPotion"},{"floor":8,"key":"Explosive Potion"}],"is_trial":false,"path_per_floor":["M","M","M","$","M","R","?","E","T","$","E"],"character_chosen":"THE_SILENT","items_purchased":["Flying Knee"],"campfire_rested":0,"item_purchase_floors":[4],"current_hp_per_floor":[63,63,63,63,63,63,56,21,21,21,6],"gold":24,"neow_bonus":"THREE_ENEMY_KILL","is_prod":false,"is_daily":false,"chose_seed":false,"campfire_upgraded":1,"win_rate":0,"timestamp":1563520116,"path_taken":["M","M","?","?","M","R","?","E","T","?","E"],"build_version":"2019-07-17","purchased_purges":2,"victory":false,"max_hp_per_floor":[70,70,70,70,70,70,70,70,70,70,70],"card_choices":[{"not_picked":["Sucker Punch","Bane"],"picked":"Prepared","floor":1},{"not_picked":["Flechettes","Masterful Stab"],"picked":"Acrobatics","floor":2},{"not_picked":["Accuracy","Acrobatics"],"picked":"Deadly Poison","floor":3},{"not_picked":["Underhanded Strike","Quick Slash"],"picked":"Terror","floor":5},{"not_picked":["Quick Slash","Poisoned Stab"],"picked":"Backstab","floor":8}],"player_experience":241991,"relics_obtained":[{"floor":8,"key":"Happy Flower"},{"floor":9,"key":"Regal Pillow"}],"event_choices":[{"cards_removed":["Strike_G"],"damage_healed":0,"gold_gain":0,"player_choice":"Card Removal","damage_taken":7,"max_hp_gain":0,"max_hp_loss":0,"event_name":"Golden Wing","floor":7,"gold_loss":0}],"is_beta":false,"boss_relics":[],"items_purged_floors":[4,10],"is_endless":false,"potions_floor_spawned":[2,3,5,8],"killed_by":"Lagavulin","ascension_level":12}