{"gold_per_floor":[13,31,31,46,46,71,146,173,173,192,217,242,242,272,272,370,370,386,403,69,88,88,118,118,143,169,186,216,216,216,233,233,329,329,346,346,346,362,376,403,403,433,484,484,514,529,557,574,574,574],"floor_reached":51,"playtime":5341,"items_purged":[],"score":1479,"play_id":"614e8027-5d79-4cee-97ad-04521ac15514","local_time":"20180722143938","is_ascension_mode":true,"campfire_choices":[{"floor":13,"key":"REST"},{"data":"True Grit","floor":15,"key":"SMITH"},{"data":"Corruption","floor":24,"key":"SMITH"},{"floor":30,"key":"REST"},{"data":"Limit Break","floor":32,"key":"SMITH"},{"floor":41,"key":"DIG"},{"floor":44,"key":"DIG"},{"floor":49,"key":"DIG"}],"neow_cost":"NO_GOLD","seed_source_timestamp":81582150460657,"circlet_count":0,"master_deck":["Bash","Warcry+1","Shrug It Off","Shrug It Off","Clash","Juggernaut","Immolate","Impervious","Warcry","Body Slam","Heavy Blade","True Grit+1","Feed","Power Through","Warcry","Body Slam","Shrug It Off","Battle Trance","Corruption+1","Second Wind+1","Clothesline+1","Limit Break+1","Spot Weakness","Exhume","Disarm","Dropkick","Body Slam","Heavy Blade","Shockwave+1","Carnage","Armaments","Entrench","Feel No Pain","Battle Trance","Flex","Intimidate+1","Disarm+1","Shrug It Off","Flex+1","Havoc","Inflame","Flame Barrier"],"relics":["Burning Blood","Shuriken","Mercury Hourglass","Self Forming Clay","Odd Mushroom","Strawberry","Pen Nib","Runic Dome","Dead Branch","Thread and Needle","Mango","Dream Catcher","Kunai","Pandora\u0027s Box","Shovel","Orichalcum","Nunchaku","Lantern","Omamori","War Paint","Vajra","Dodecahedron","Anchor"],"potions_floor_usage":[6,11,16,18,33,33,39,46,46,48,50,50],"damage_taken":[{"damage":1,"enemies":"Cultist","floor":1,"turns":3},{"damage":4,"enemies":"Jaw Worm","floor":2,"turns":4},{"damage":3,"enemies":"2 Louse","floor":4,"turns":3},{"damage":48,"enemies":"3 Sentries","floor":6,"turns":11},{"damage":30,"enemies":"Lagavulin","floor":8,"turns":7},{"damage":0,"enemies":"Gremlin Gang","floor":10,"turns":2},{"damage":8,"floor":11,"turns":3},{"damage":14,"enemies":"Gremlin Nob","floor":12,"turns":4},{"damage":29,"enemies":"Lagavulin","floor":14,"turns":5},{"damage":23,"enemies":"Hexaghost","floor":16,"turns":11},{"damage":6,"enemies":"3 Byrds","floor":18,"turns":3},{"damage":2,"enemies":"2 Thieves","floor":19,"turns":3},{"damage":26,"enemies":"Chosen and Byrds","floor":21,"turns":5},{"damage":15,"enemies":"Book of Stabbing","floor":23,"turns":5},{"damage":0,"enemies":"Gremlin Leader","floor":25,"turns":3},{"damage":13,"enemies":"Snake Plant","floor":27,"turns":5},{"damage":19,"enemies":"Book of Stabbing","floor":28,"turns":4},{"damage":0,"enemies":"Sentry and Sphere","floor":31,"turns":4},{"damage":25,"enemies":"Automaton","floor":33,"turns":6},{"damage":0,"enemies":"3 Shapes","floor":35,"turns":2},{"damage":25,"floor":36,"turns":6},{"damage":35,"enemies":"3 Darklings","floor":38,"turns":12},{"damage":14,"enemies":"Flame Bruiser 2 Orb","floor":39,"turns":4},{"damage":12,"enemies":"Nemesis","floor":40,"turns":3},{"damage":28,"enemies":"2 Orb Walkers","floor":42,"turns":4},{"damage":0,"enemies":"Nemesis","floor":45,"turns":7},{"damage":5,"enemies":"Transient","floor":46,"turns":4},{"damage":5,"enemies":"2 Orb Walkers","floor":47,"turns":3},{"damage":12,"enemies":"3 Darklings","floor":48,"turns":3},{"damage":63,"enemies":"Awakened One","floor":50,"turns":11}],"seed_played":"7144589679555836732","potions_obtained":[{"floor":1,"key":"Weak Potion"},{"floor":10,"key":"AttackPotion"},{"floor":12,"key":"Explosive Potion"},{"floor":14,"key":"Fire Potion"},{"floor":18,"key":"SteroidPotion"},{"floor":27,"key":"LiquidBronze"},{"floor":31,"key":"Dexterity Potion"},{"floor":33,"key":"Strength Potion"},{"floor":38,"key":"Regen Potion"},{"floor":39,"key":"Block Potion"},{"floor":42,"key":"Regen Potion"},{"floor":46,"key":"Weak Potion"},{"floor":47,"key":"AttackPotion"}],"is_trial":false,"path_per_floor":["M","M","?","M","?","E","?","E","T","M","?","E","R","E","R","B",null,"M","M","$","M","?","E","R","E","T","M","E","?","R","M","R","B",null,"M","?","?","M","M","E","R","E","T","R","E","M","E","M","R","B"],"character_chosen":"IRONCLAD","items_purchased":["Body Slam","Dead Branch"],"campfire_rested":2,"item_purchase_floors":[20,20],"current_hp_per_floor":[96,96,96,96,96,54,43,19,19,25,23,22,52,29,29,12,80,83,90,90,73,73,64,64,84,84,77,64,37,76,82,82,63,114,120,122,122,93,100,94,94,76,76,76,85,98,102,116,116,95],"gold":574,"neow_bonus":"TWENTY_PERCENT_HP_BONUS","is_prod":false,"is_daily":false,"chose_seed":false,"campfire_upgraded":3,"win_rate":0,"timestamp":1532284778,"path_taken":["M","M","?","M","?","E","?","E","T","?","?","E","R","E","R","BOSS","M","M","$","M","?","E","R","E","T","M","E","?","R","M","R","BOSS","M","?","?","M","M","E","R","E","T","R","E","M","E","M","R","BOSS"],"build_version":"2018-07-19v2","purchased_purges":0,"victory":true,"max_hp_per_floor":[96,96,96,96,96,96,96,96,96,96,96,103,103,103,103,103,103,106,109,109,112,112,112,112,126,126,126,126,131,131,131,131,131,131,131,131,131,131,134,134,134,138,138,138,141,141,144,144,144,144],"card_choices":[{"not_picked":["Blood for Blood","Havoc"],"picked":"Warcry","floor":1},{"not_picked":["Body Slam","Flex"],"picked":"Shrug It Off","floor":2},{"not_picked":["Feel No Pain","Burning Pact"],"picked":"Clash","floor":4},{"not_picked":["Headbutt","Uppercut"],"picked":"Immolate","floor":6},{"not_picked":["Flex","Armaments"],"picked":"Impervious","floor":8},{"not_picked":["Rage","Perfected Strike"],"picked":"Warcry","floor":10},{"not_picked":["Cleave","Clothesline"],"picked":"Body Slam","floor":11},{"not_picked":["Rampage","Uppercut"],"picked":"Heavy Blade","floor":12},{"not_picked":["Thunderclap","Disarm"],"picked":"True Grit","floor":14},{"not_picked":["Demon Form","Double Tap"],"picked":"Feed","floor":16},{"not_picked":["Rupture","Perfected Strike"],"picked":"Power Through","floor":18},{"not_picked":["Thunderclap","Havoc"],"picked":"Warcry","floor":19},{"not_picked":["Perfected Strike","Anger"],"picked":"Shrug It Off","floor":21},{"not_picked":["Flex+1","Havoc+1"],"picked":"Corruption","floor":23},{"not_picked":["Shrug It Off","Hemokinesis"],"picked":"Second Wind+1","floor":25},{"not_picked":["Anger","Wild Strike+1","Combust+1"],"picked":"SKIP","floor":27},{"not_picked":["Pommel Strike+1","Blood for Blood"],"picked":"Clothesline+1","floor":28},{"not_picked":["Body Slam","Sword Boomerang+1"],"picked":"Limit Break","floor":30},{"not_picked":["True Grit","Infernal Blade"],"picked":"Spot Weakness","floor":31},{"not_picked":["Berserk","Bludgeon"],"picked":"Exhume","floor":33},{"not_picked":["Perfected Strike+1","Thunderclap"],"picked":"Entrench","floor":35},{"not_picked":["Burning Pact","Fire Breathing+1"],"picked":"Feel No Pain","floor":36},{"not_picked":["Shrug It Off","Blood for Blood"],"picked":"Flex","floor":38},{"not_picked":["Clash+1","Body Slam+1"],"picked":"Intimidate+1","floor":39},{"not_picked":["Sever Soul+1","Intimidate+1"],"picked":"Disarm+1","floor":40},{"not_picked":["Sword Boomerang","Heavy Blade+1"],"picked":"Shrug It Off","floor":42},{"not_picked":["Cleave+1","Perfected Strike+1"],"picked":"Flex+1","floor":45},{"not_picked":["Pommel Strike","Anger+1"],"picked":"Havoc","floor":46},{"not_picked":["Clash","Corruption+1"],"picked":"Inflame","floor":47},{"not_picked":["Wild Strike","Headbutt"],"picked":"Flame Barrier","floor":48}],"player_experience":228961,"relics_obtained":[{"floor":6,"key":"Shuriken"},{"floor":8,"key":"Mercury Hourglass"},{"floor":9,"key":"Self Forming Clay"},{"floor":11,"key":"Odd Mushroom"},{"floor":12,"key":"Strawberry"},{"floor":14,"key":"Pen Nib"},{"floor":23,"key":"Thread and Needle"},{"floor":25,"key":"Mango"},{"floor":26,"key":"Dream Catcher"},{"floor":28,"key":"Kunai"},{"floor":36,"key":"Shovel"},{"floor":40,"key":"Orichalcum"},{"floor":41,"key":"Nunchaku"},{"floor":42,"key":"Lantern"},{"floor":43,"key":"Omamori"},{"floor":44,"key":"War Paint"},{"floor":45,"key":"Vajra"},{"floor":47,"key":"Dodecahedron"},{"floor":49,"key":"Anchor"}],"event_choices":[{"event_name":"Living Wall","player_choice":"Change","floor":3,"damage_taken":0},{"event_name":"Transmorgrifier","player_choice":"Transform","floor":5,"damage_taken":0},{"event_name":"World of Goop","player_choice":"Gather Gold","floor":7,"damage_taken":0},{"event_name":"Mushrooms","player_choice":"Fought Mushrooms","floor":11,"damage_taken":0},{"event_name":"The Library","player_choice":"Read","floor":22,"damage_taken":0},{"event_name":"Forgotten Altar","player_choice":"Shed Blood","floor":29,"damage_taken":0},{"event_name":"MindBloom","player_choice":"Fight","floor":36,"damage_taken":0},{"event_name":"Match and Keep!","player_choice":"1 cards matched","floor":37,"damage_taken":0}],"is_beta":false,"boss_relics":[{"not_picked":["Snecko Eye","Busted Crown"],"picked":"Runic Dome"},{"not_picked":["Philosopher\u0027s Stone","White Beast Statue"],"picked":"Pandora\u0027s Box"}],"items_purged_floors":[],"is_endless":false,"potions_floor_spawned":[1,10,12,14,18,27,31,33,38,39,42,46,47],"ascension_level":5}