{"gold_per_floor":[117,117,117,117,136,179,203,203,203,239,258,271,339,372,372,372],"floor_reached":16,"playtime":1160,"items_purged":[],"score":174,"play_id":"b0b6edf8-2372-45de-bcbc-5de83051e43b","local_time":"20190720185105","is_ascension_mode":true,"campfire_choices":[{"data":"Clash","floor":8,"key":"SMITH"},{"floor":15,"key":"REST"}],"neow_cost":"NONE","seed_source_timestamp":850001714266600,"circlet_count":0,"master_deck":["Strike_R","Strike_R","Strike_R","Strike_R","Defend_R","Defend_R","Defend_R","Defend_R","Bash","Flex+1","Rage","Anger","Clash+1","Double Tap","Anger","Ghostly Armor","Clash"],"relics":["Burning Blood","NeowsBlessing","Golden Idol","Frozen Egg 2","Dodecahedron","Happy Flower","Paper Frog","Kunai"],"potions_floor_usage":[10,13,13,14,16],"damage_taken":[{"damage":0,"enemies":"2 Louse","floor":1,"turns":1},{"damage":0,"enemies":"Small Slimes","floor":5,"turns":2},{"damage":0,"enemies":"3 Sentries","floor":6,"turns":2},{"damage":0,"enemies":"Cultist","floor":7,"turns":3},{"damage":27,"enemies":"Gremlin Nob","floor":10,"turns":4},{"damage":23,"enemies":"3 Louse","floor":11,"turns":3},{"damage":6,"enemies":"2 Fungi Beasts","floor":12,"turns":3},{"damage":29,"enemies":"3 Sentries","floor":13,"turns":8},{"damage":25,"enemies":"Lagavulin","floor":14,"turns":4},{"damage":42,"enemies":"Hexaghost","floor":16,"turns":9}],"seed_played":"-8863377986822684696","potions_obtained":[{"floor":1,"key":"AttackPotion"},{"floor":11,"key":"Strength Potion"},{"floor":12,"key":"Dexterity Potion"},{"floor":13,"key":"BloodPotion"},{"floor":14,"key":"AttackPotion"}],"is_trial":false,"path_per_floor":["M","?","?","?","M","E","M","R","T","E","M","M","?","E","R","B"],"character_chosen":"IRONCLAD","items_purchased":[],"campfire_rested":1,"item_purchase_floors":[],"current_hp_per_floor":[80,80,60,60,66,72,78,78,78,57,40,40,17,18,42,0],"gold":372,"neow_bonus":"THREE_ENEMY_KILL","is_prod":false,"is_daily":false,"chose_seed":false,"campfire_upgraded":1,"win_rate":0,"timestamp":1563666665,"path_taken":["M","?","?","?","M","E","M","R","T","E","?","M","?","E","R","BOSS"],"build_version":"2019-07-17","purchased_purges":0,"victory":false,"max_hp_per_floor":[80,80,80,80,80,80,80,80,80,80,80,80,80,80,80,80],"card_choices":[{"not_picked":["Rupture","Pommel Strike"],"picked":"Flex","floor":1},{"not_picked":["Sentinel","Armaments","Pommel Strike"],"picked":"SKIP","floor":5},{"not_picked":["Dual Wield","Power Through"],"picked":"Anger","floor":6},{"not_picked":["Bloodletting","Sword Boomerang"],"picked":"Clash","floor":7},{"not_picked":["Rupture+1","Whirlwind"],"picked":"Double Tap","floor":10},{"not_picked":["Feel No Pain+1","Disarm"],"picked":"Anger","floor":11},{"not_picked":["True Grit","Clothesline","Combust+1"],"picked":"SKIP","floor":12},{"not_picked":["Evolve+1","Wild Strike"],"picked":"Ghostly Armor","floor":13},{"not_picked":["Sentinel","Sever Soul"],"picked":"Clash","floor":14}],"player_experience":124229,"relics_obtained":[{"floor":6,"key":"Frozen Egg 2"},{"floor":9,"key":"Dodecahedron"},{"floor":10,"key":"Happy Flower"},{"floor":13,"key":"Paper Frog"},{"floor":14,"key":"Kunai"}],"event_choices":[{"damage_healed":0,"gold_gain":0,"cards_transformed":["Strike_R"],"player_choice":"Change","damage_taken":0,"max_hp_gain":0,"max_hp_loss":0,"event_name":"Living Wall","floor":2,"gold_loss":0,"cards_obtained":["Rage"]},{"damage_healed":0,"gold_gain":0,"player_choice":"Take Damage","damage_taken":20,"relics_obtained":["Golden Idol"],"max_hp_gain":0,"max_hp_loss":0,"event_name":"Golden Idol","floor":3,"gold_loss":0},{"damage_healed":0,"gold_gain":0,"player_choice":"Upgraded","damage_taken":0,"max_hp_gain":0,"max_hp_loss":0,"event_name":"Upgrade Shrine","floor":4,"gold_loss":0,"cards_upgraded":["Flex"]},{"damage_healed":0,"gold_gain":30,"player_choice":"Searched \u00272\u0027 times","damage_taken":0,"max_hp_gain":0,"max_hp_loss":0,"event_name":"Dead Adventurer","floor":13,"gold_loss":0}],"is_beta":false,"boss_relics":[],"items_purged_floors":[],"is_endless":false,"potions_floor_spawned":[1,11,12,13,14],"killed_by":"Hexaghost","ascension_level":4}