{"gold_per_floor":[116,4,4,18,18,18,52,3,76,95,130,130,143,162,162,259,259,279,298,51,51,51,51,0,0,26,46,46,146,175,192,192,192],"floor_reached":33,"playtime":2684,"items_purged":["Strike_B","Strike_B"],"score":298,"play_id":"376f48d5-46aa-4729-9cf7-b5b8db996b24","local_time":"20190805004636","is_ascension_mode":false,"campfire_choices":[{"data":"Genetic Algorithm","floor":6,"key":"SMITH"},{"floor":12,"key":"REST"},{"data":"Rainbow","floor":15,"key":"SMITH"},{"floor":23,"key":"REST"},{"floor":25,"key":"REST"},{"floor":32,"key":"REST"}],"neow_cost":"NONE","seed_source_timestamp":257055204559388,"circlet_count":0,"master_deck":["Defend_B","Defend_B","Defend_B","Zap","Dualcast","Ball Lightning","Melter","Genetic Algorithm+1","Seek","Cold Snap","Aggregate","Rainbow+1","Loop","Static Discharge","Electrodynamics","Loop","BootSequence+1","Glacier","Loop","Multi-Cast","Doom and Gloom","Streamline+1","Fission","Hyperbeam","Hologram+1"],"relics":["Cracked Core","NeowsBlessing","Letter Opener","Sundial","PreservedInsect","Philosopher\u0027s Stone","Bag of Preparation","Turnip","Gremlin Horn","Thread and Needle"],"potions_floor_usage":[16,16],"damage_taken":[{"damage":0,"enemies":"Jaw Worm","floor":1,"turns":1},{"damage":0,"enemies":"2 Louse","floor":4,"turns":1},{"damage":0,"enemies":"Gremlin Nob","floor":7,"turns":1},{"damage":0,"enemies":"Small Slimes","floor":10,"turns":3},{"damage":37,"enemies":"3 Sentries","floor":11,"turns":6},{"damage":9,"enemies":"Exordium Wildlife","floor":13,"turns":4},{"damage":0,"enemies":"2 Fungi Beasts","floor":14,"turns":3},{"damage":39,"enemies":"The Guardian","floor":16,"turns":9},{"damage":10,"enemies":"Shell Parasite","floor":18,"turns":5},{"damage":32,"enemies":"3 Byrds","floor":19,"turns":4},{"damage":8,"enemies":"Shelled Parasite and Fungi","floor":27,"turns":5},{"damage":6,"enemies":"Colosseum Slavers","floor":29,"turns":4},{"damage":0,"enemies":"Colosseum Nobs","floor":29,"turns":2},{"damage":14,"enemies":"Book of Stabbing","floor":30,"turns":4},{"damage":0,"enemies":"Snecko","floor":31,"turns":3},{"damage":82,"enemies":"Champ","floor":33,"turns":8}],"seed_played":"4444807190192282983","potions_obtained":[{"floor":4,"key":"Poison Potion"},{"floor":11,"key":"SneckoOil"},{"floor":13,"key":"Dexterity Potion"},{"floor":14,"key":"Swift Potion"},{"floor":16,"key":"Ancient Potion"},{"floor":19,"key":"EssenceOfSteel"},{"floor":27,"key":"Swift Potion"},{"floor":30,"key":"FocusPotion"}],"is_trial":false,"path_per_floor":["M","$","?","M","?","R","E","$","T","M","E","R","M","M","R","B",null,"M","M","$","?","?","R","?","R","T","M","T","?","E","M","R","B"],"character_chosen":"DEFECT","items_purchased":["Melter","Cold Snap","Glacier","Loop"],"campfire_rested":4,"item_purchase_floors":[2,8,20,20],"current_hp_per_floor":[75,75,75,75,68,68,68,68,68,68,31,53,44,44,44,5,75,65,33,33,19,19,43,43,67,67,59,59,53,39,39,63,0],"gold":192,"neow_bonus":"THREE_ENEMY_KILL","is_prod":false,"is_daily":false,"chose_seed":false,"campfire_upgraded":2,"win_rate":0,"timestamp":1564958796,"path_taken":["M","$","?","M","?","R","E","$","T","M","E","R","M","M","R","BOSS","M","M","$","?","?","R","?","R","T","?","?","?","E","M","R","BOSS"],"build_version":"2019-07-17","purchased_purges":2,"victory":false,"max_hp_per_floor":[75,75,75,75,75,75,75,75,75,75,75,75,75,75,75,75,75,75,75,75,80,80,80,80,80,80,80,80,80,80,80,80,80],"card_choices":[{"not_picked":["Leap","Hologram"],"picked":"Ball Lightning","floor":1},{"not_picked":["Sweeping Beam","Barrage"],"picked":"Genetic Algorithm","floor":4},{"not_picked":["Steam","Leap"],"picked":"Seek","floor":7},{"not_picked":["Compile Driver","Cold Snap"],"picked":"Aggregate","floor":10},{"not_picked":["Cold Snap","Stack"],"picked":"Rainbow","floor":11},{"not_picked":["Double Energy","Capacitor"],"picked":"Loop","floor":13},{"not_picked":["Undo","Capacitor"],"picked":"Static Discharge","floor":14},{"not_picked":["Fission","All For One"],"picked":"Electrodynamics","floor":16},{"not_picked":["Cold Snap","FTL"],"picked":"Loop","floor":18},{"not_picked":["Ball Lightning+1","Reinforced Body+1"],"picked":"BootSequence+1","floor":19},{"not_picked":["Cold Snap+1","Ball Lightning+1"],"picked":"Streamline+1","floor":27},{"not_picked":["Streamline","Compile Driver"],"picked":"Fission","floor":29},{"not_picked":["Darkness","Coolheaded+1"],"picked":"Hyperbeam","floor":30},{"not_picked":["Turbo+1","Fusion"],"picked":"Hologram+1","floor":31}],"player_experience":146237,"relics_obtained":[{"floor":7,"key":"Letter Opener"},{"floor":9,"key":"Sundial"},{"floor":11,"key":"PreservedInsect"},{"floor":26,"key":"Bag of Preparation"},{"floor":29,"key":"Turnip"},{"floor":29,"key":"Gremlin Horn"},{"floor":30,"key":"Thread and Needle"}],"event_choices":[{"damage_healed":0,"gold_gain":0,"player_choice":"Ignored","damage_taken":0,"max_hp_gain":0,"max_hp_loss":0,"event_name":"Liars Game","floor":3,"gold_loss":0},{"cards_removed":["Defend_B"],"damage_healed":0,"gold_gain":0,"player_choice":"Card Removal","damage_taken":7,"max_hp_gain":0,"max_hp_loss":0,"event_name":"Golden Wing","floor":5,"gold_loss":0},{"damage_healed":0,"gold_gain":0,"player_choice":"Shed Blood","damage_taken":19,"max_hp_gain":5,"max_hp_loss":0,"event_name":"Forgotten Altar","floor":21,"gold_loss":0},{"damage_healed":0,"gold_gain":0,"cards_transformed":["Strike_B","Strike_B"],"player_choice":"Became Test Subject","damage_taken":0,"max_hp_gain":0,"max_hp_loss":0,"event_name":"Drug Dealer","floor":22,"gold_loss":0,"cards_obtained":["Multi-Cast","Doom and Gloom"]},{"damage_healed":0,"gold_gain":0,"player_choice":"Paid Fearfully","damage_taken":0,"max_hp_gain":0,"max_hp_loss":0,"event_name":"Masked Bandits","floor":24,"gold_loss":51},{"damage_healed":0,"gold_gain":0,"player_choice":"Fight","damage_taken":0,"max_hp_gain":0,"max_hp_loss":0,"event_name":"Colosseum","floor":29,"gold_loss":0},{"damage_healed":0,"gold_gain":0,"player_choice":"Fought Nobs","damage_taken":0,"max_hp_gain":0,"max_hp_loss":0,"event_name":"Colosseum","floor":29,"gold_loss":0}],"is_beta":false,"boss_relics":[{"not_picked":["Busted Crown","Runic Pyramid"],"picked":"Philosopher\u0027s Stone"}],"items_purged_floors":[2,20],"is_endless":false,"potions_floor_spawned":[4,11,13,14,16,19,27,29,30],"killed_by":"Champ","ascension_level":0}