{"gold_per_floor":[114,133,4,4,19,19,45,45,69,81,101,101,101,151,151,223,223,235,248,9,27,42,42,42],"floor_reached":24,"playtime":954,"items_purged":["Strike_B"],"score":396,"play_id":"c34b0eca-22f4-4d59-829e-89852b88e5c3","local_time":"20190626005816","is_ascension_mode":true,"campfire_choices":[{"data":"Zap","floor":6.0,"key":"SMITH"},{"data":"Consume","floor":13.0,"key":"SMITH"},{"data":"Fusion","floor":15.0,"key":"SMITH"},{"data":"Dualcast","floor":23,"key":"SMITH"}],"neow_cost":"NONE","seed_source_timestamp":48236766948694,"circlet_count":0,"master_deck":["AscendersBane","Strike_B","Strike_B","Defend_B","Defend_B","Defend_B","Defend_B","Zap+1","Dualcast+1","Loop","Turbo","Heatsinks","Cold Snap","Glacier","Consume+1","Fusion+1","Melter","Biased Cognition","Redo+1","Undo+1","Ball Lightning"],"special_seed":0,"relics":["Nuclear Battery","Oddly Smooth Stone","Inserter","Omamori"],"potions_floor_usage":[24],"damage_taken":[{"damage":10.0,"enemies":"2 Louse","floor":1.0,"turns":3.0},{"damage":14.0,"enemies":"Small Slimes","floor":2.0,"turns":5.0},{"damage":1.0,"enemies":"Cultist","floor":5.0,"turns":4.0},{"damage":22.0,"enemies":"3 Sentries","floor":7.0,"turns":18.0},{"damage":0.0,"enemies":"2 Fungi Beasts","floor":10.0,"turns":4.0},{"damage":25.0,"enemies":"Exordium Thugs","floor":11.0,"turns":9.0},{"damage":29.0,"enemies":"Slime Boss","floor":16.0,"turns":12.0},{"damage":11.0,"enemies":"Chosen","floor":18.0,"turns":6.0},{"damage":5.0,"enemies":"Shell Parasite","floor":19.0,"turns":7.0},{"damage":5,"enemies":"Centurion and Healer","floor":21,"turns":9},{"damage":1,"enemies":"Snake Plant","floor":22,"turns":9},{"damage":35,"enemies":"Slavers","floor":24,"turns":4}],"seed_played":"6305659219184256185","potions_obtained":[{"floor":1.0,"key":"Regen Potion"},{"floor":10.0,"key":"Dexterity Potion"},{"floor":11.0,"key":"Strength Potion"},{"floor":21,"key":"SpeedPotion"}],"is_trial":false,"path_per_floor":["M","M","$","?","M","R","E","?","T","M","M","?","R","?","R","B",null,"M","M","$","M","M","R","E"],"character_chosen":"DEFECT","items_purchased":["Heatsinks","Cold Snap","Omamori"],"campfire_rested":0,"item_purchase_floors":[3,3,20],"current_hp_per_floor":[54,40,40,63,62,62,55,55,55,55,30,30,30,30,30,1,54,43,38,38,33,32,32,0],"gold":42,"neow_bonus":"BOSS_RELIC","is_prod":false,"is_daily":false,"chose_seed":false,"campfire_upgraded":4,"win_rate":0,"timestamp":1561481896,"path_taken":["M","M","$","?","M","R","E","?","T","M","M","?","R","?","R","BOSS","M","?","$","M","M","R","E"],"build_version":"2019-01-23","purchased_purges":1,"victory":false,"max_hp_per_floor":[71,71,71,71,71,71,71,71,71,71,71,71,71,71,71,71,71,71,71,71,71,71,71,71],"card_choices":[{"not_picked":["Auto Shields","Barrage"],"picked":"Loop","floor":1.0},{"not_picked":["Fusion","Double Energy"],"picked":"Turbo","floor":2.0},{"not_picked":["Conserve Battery","Loop"],"picked":"Glacier","floor":5.0},{"not_picked":["Genetic Algorithm","Double Energy"],"picked":"Consume","floor":7.0},{"not_picked":["Conserve Battery","Force Field"],"picked":"Fusion","floor":10.0},{"not_picked":["Aggregate","Gash"],"picked":"Melter","floor":11.0},{"not_picked":["All For One","Core Surge"],"picked":"Biased Cognition","floor":16.0},{"not_picked":["Turbo","Double Energy"],"picked":"Redo+1","floor":18.0},{"not_picked":["Melter","Cold Snap"],"picked":"Undo+1","floor":19.0},{"not_picked":["Sweeping Beam","Gash+1","Go for the Eyes"],"picked":"SKIP","floor":21},{"not_picked":["Reinforced Body","Barrage"],"picked":"Ball Lightning","floor":22}],"player_experience":2002325,"relics_obtained":[{"floor":7.0,"key":"Oddly Smooth Stone"}],"event_choices":[{"damage_healed":23.0,"max_hp_gain":0.0,"max_hp_loss":0.0,"gold_gain":0.0,"event_name":"Big Fish","player_choice":"Banana","floor":4.0,"gold_loss":0.0,"damage_taken":0.0},{"damage_healed":0.0,"max_hp_gain":0.0,"max_hp_loss":0.0,"gold_gain":0.0,"event_name":"Liars Game","player_choice":"Ignored","floor":8.0,"gold_loss":0.0,"damage_taken":0.0},{"cards_removed":["Strike_B"],"damage_healed":0.0,"max_hp_gain":0.0,"max_hp_loss":0.0,"gold_gain":0.0,"event_name":"Living Wall","player_choice":"Forget","floor":12.0,"gold_loss":0.0,"damage_taken":0.0},{"damage_healed":0.0,"max_hp_gain":0.0,"max_hp_loss":0.0,"gold_gain":50.0,"event_name":"Golden Shrine","player_choice":"Pray","floor":14.0,"gold_loss":0.0,"damage_taken":0.0}],"is_beta":false,"boss_relics":[{"not_picked":["Empty Cage","Orrery"],"picked":"Inserter"}],"items_purged_floors":[20],"is_endless":false,"potions_floor_spawned":[1,10,11,21],"killed_by":"Slavers","ascension_level":20}