{"gold_per_floor":[110,122,134,145,65,65,93,109,133,147,147,112,65,65,65,65],"floor_reached":16,"playtime":632,"items_purged":[],"score":102,"play_id":"c3823a2e-985e-47e4-9067-501790f22b1a","local_time":"20190308235800","is_ascension_mode":false,"campfire_choices":[{"data":"Blade Dance","floor":6,"key":"SMITH"},{"floor":11,"key":"REST"},{"data":"Accuracy","floor":15,"key":"SMITH"}],"neow_cost":"CURSE","seed_source_timestamp":629283069505385,"circlet_count":0,"master_deck":["Defend_G","Defend_G","Defend_G","Defend_G","Defend_G","Strike_G","Strike_G","Strike_G","Strike_G","Strike_G","Survivor","Neutralize","Parasite","Blade Dance+1","Footwork","Infinite Blades","Accuracy+1","Dagger Spray","Injury"],"relics":["Ring of the Snake","Tough Bandages","Letter Opener","Happy Flower","Golden Idol"],"potions_floor_usage":[4,7,10],"damage_taken":[{"damage":2,"enemies":"Cultist","floor":1,"turns":4},{"damage":4,"enemies":"Jaw Worm","floor":2,"turns":5},{"damage":0,"enemies":"2 Louse","floor":3,"turns":2},{"damage":12,"enemies":"Exordium Wildlife","floor":4,"turns":6},{"damage":24,"enemies":"Lagavulin","floor":7,"turns":7},{"damage":6,"enemies":"3 Louse","floor":8,"turns":4},{"damage":7,"enemies":"Exordium Thugs","floor":10,"turns":5},{"damage":57,"enemies":"Hexaghost","floor":16,"turns":11}],"seed_played":"886857937689387251","potions_obtained":[{"floor":3,"key":"Poison Potion"},{"floor":4,"key":"Fire Potion"},{"floor":7,"key":"Block Potion"}],"is_trial":false,"path_per_floor":["M","M","M","M","$","R","E","M","T","M","R","?","$","?","R","B"],"character_chosen":"THE_SILENT","items_purchased":["Infinite Blades","Dagger Spray"],"campfire_rested":1,"item_purchase_floors":[5,13],"current_hp_per_floor":[68,64,64,52,52,52,28,22,22,15,36,53,53,53,53,0],"gold":65,"neow_bonus":"ONE_RARE_RELIC","is_prod":false,"is_daily":false,"chose_seed":false,"campfire_upgraded":2,"win_rate":0,"timestamp":1552107480,"path_taken":["M","M","M","M","$","R","E","?","T","M","R","?","$","?","R","BOSS"],"build_version":"2019-01-23","purchased_purges":0,"victory":false,"max_hp_per_floor":[70,70,70,70,70,70,70,70,70,70,70,70,70,70,70,70],"card_choices":[{"not_picked":["Outmaneuver","Cloak And Dagger"],"picked":"Blade Dance","floor":1},{"not_picked":["Bane","Setup","Expertise"],"picked":"SKIP","floor":2},{"not_picked":["Endless Agony","Crippling Poison"],"picked":"Footwork","floor":3},{"not_picked":["Deadly Poison","Wraith Form v2","PiercingWail"],"picked":"SKIP","floor":4},{"not_picked":["PiercingWail","Deadly Poison"],"picked":"Accuracy","floor":7},{"not_picked":["Poisoned Stab","Underhanded Strike","Dagger Throw"],"picked":"SKIP","floor":8},{"not_picked":["Outmaneuver","Dash","PiercingWail"],"picked":"SKIP","floor":10}],"player_experience":643403,"relics_obtained":[{"floor":7,"key":"Letter Opener"},{"floor":9,"key":"Happy Flower"}],"event_choices":[{"damage_healed":17,"gold_gain":0,"player_choice":"Healed","damage_taken":0,"max_hp_gain":0,"max_hp_loss":0,"event_name":"The Cleric","floor":12,"gold_loss":35},{"damage_healed":0,"gold_gain":0,"player_choice":"Take Wound","damage_taken":0,"relics_obtained":["Golden Idol"],"max_hp_gain":0,"max_hp_loss":0,"event_name":"Golden Idol","floor":14,"gold_loss":0,"cards_obtained":["Injury"]}],"is_beta":false,"boss_relics":[],"items_purged_floors":[],"is_endless":false,"potions_floor_spawned":[3,4,7],"killed_by":"Hexaghost","ascension_level":0}