{"gold_per_floor":[114,114,114,127,139,139,171,187,187,187,187,187,198,82,82,156,156,174,12,12,30,30,62,62,75,75,109,109,139,152,162,162,234,234,250,350,361,361,381,381,381,381,381,397,416,53,53,63,63,63,63,63,63,13,46,46],"floor_reached":56,"playtime":2166,"items_purged":["Strike_B","Defend_B","Defend_B"],"score":1864,"play_id":"64c737c0-65c7-48ff-8d28-419f341c1537","local_time":"20190618165034","is_ascension_mode":true,"campfire_choices":[{"data":"Chaos","floor":6.0,"key":"SMITH"},{"data":"Coolheaded","floor":10.0,"key":"SMITH"},{"data":"Defragment","floor":15.0,"key":"SMITH"},{"data":"Defragment","floor":24.0,"key":"SMITH"},{"data":"Coolheaded","floor":32.0,"key":"SMITH"},{"data":"Fission","floor":40.0,"key":"SMITH"},{"data":"Purity","floor":47.0,"key":"SMITH"},{"floor":49.0,"key":"RECALL"},{"data":"Hologram","floor":53.0,"key":"SMITH"}],"neow_cost":"TEN_PERCENT_HP_LOSS","seed_source_timestamp":1384920991507449,"circlet_count":0,"master_deck":["AscendersBane","Defend_B","Defend_B","Zap","Dualcast","Hyperbeam","Chaos+1","Self Repair","Coolheaded+1","Buffer","Hologram+1","Defragment+1","Meteor Strike","Defragment+1","Meteor Strike","Coolheaded+1","Leap","Stack","Electrodynamics","Fusion","Sunder","Glacier","Fission+1","Loop+1","Gash+1","Reinforced Body","Purity+1","Double Energy"],"special_seed":0,"relics":["Cracked Core","Sundial","Shuriken","Snecko Eye","Enchiridion","Strawberry","Meat on the Bone","Pocketwatch","Smiling Mask","Darkstone Periapt","Runic Pyramid","Torii","Medical Kit","Bottled Flame"],"potions_floor_usage":[],"damage_taken":[{"damage":2.0,"enemies":"Jaw Worm","floor":1.0,"turns":2.0},{"damage":0.0,"enemies":"Small Slimes","floor":4.0,"turns":2.0},{"damage":0.0,"enemies":"Cultist","floor":5.0,"turns":3.0},{"damage":23.0,"enemies":"Lagavulin","floor":7.0,"turns":6.0},{"damage":29.0,"enemies":"Exordium Wildlife","floor":8.0,"turns":4.0},{"damage":0.0,"enemies":"Looter","floor":13.0,"turns":2.0},{"damage":0.0,"enemies":"Slime Boss","floor":16.0,"turns":6.0},{"damage":15.0,"enemies":"2 Thieves","floor":18.0,"turns":2.0},{"damage":0.0,"enemies":"3 Byrds","floor":21.0,"turns":2.0},{"damage":7.0,"enemies":"Slavers","floor":23.0,"turns":3.0},{"damage":0.0,"enemies":"Shelled Parasite and Fungi","floor":25.0,"turns":3.0},{"damage":13.0,"enemies":"Book of Stabbing","floor":27.0,"turns":4.0},{"damage":29.0,"enemies":"Slavers","floor":29.0,"turns":2.0},{"damage":10.0,"enemies":"Snake Plant","floor":30.0,"turns":2.0},{"damage":0.0,"enemies":"Snecko","floor":31.0,"turns":3.0},{"damage":2.0,"enemies":"Champ","floor":33.0,"turns":8.0},{"damage":0.0,"enemies":"3 Shapes","floor":35.0,"turns":3.0},{"damage":30.0,"enemies":"Mind Bloom Boss Battle","floor":36.0,"turns":7.0},{"damage":0.0,"enemies":"Orb Walker","floor":37.0,"turns":2.0},{"damage":12.0,"enemies":"Jaw Worm Horde","floor":39.0,"turns":2.0},{"damage":0.0,"enemies":"Transient","floor":44.0,"turns":6.0},{"damage":0.0,"enemies":"4 Shapes","floor":45.0,"turns":4.0},{"damage":0.0,"enemies":"Maw","floor":48.0,"turns":5.0},{"damage":22.0,"enemies":"Time Eater","floor":50.0,"turns":10.0},{"damage":24.0,"enemies":"Donu and Deca","floor":51.0,"turns":10.0},{"damage":33.0,"enemies":"Shield and Spear","floor":55.0,"turns":5.0},{"damage":2,"enemies":"The Heart","floor":56,"turns":2}],"seed_played":"-8602042687618425137","potions_obtained":[{"floor":4.0,"key":"FocusPotion"},{"floor":12.0,"key":"Swift Potion"},{"floor":16.0,"key":"LiquidBronze"},{"floor":29.0,"key":"Fire Potion"},{"floor":36.0,"key":"PowerPotion"},{"floor":39.0,"key":"Block Potion"},{"floor":55.0,"key":"Explosive Potion"}],"is_trial":false,"path_per_floor":["M","?","?","M","M","R","E","M","T","R","?","?","M","$","R","B",null,"M","$","?","M","?","E","R","M","T","E","T","E","M","M","R","B",null,"M","?","M","?","M","R","?","?","T","M","M","$","R","M","R","B","B",null,"R","$","E","B"],"character_chosen":"DEFECT","items_purchased":["Defragment","Meteor Strike","Medical Kit","Purity"],"campfire_rested":0,"item_purchase_floors":[14,19,46,46],"current_hp_per_floor":[62,62,62,64,64,64,48,26,26,26,26,26,26,26,26,26,55,47,47,26,33,33,40,40,47,47,53,53,36,45,52,52,57,68,71,48,55,55,50,50,50,50,50,57,64,64,64,71,71,49,44,64,64,64,50,48],"gold":46,"neow_bonus":"THREE_RARE_CARDS","is_prod":false,"is_daily":false,"chose_seed":true,"campfire_upgraded":8,"win_rate":0,"timestamp":1560847834,"path_taken":["M","?","?","M","?","R","E","M","T","R","?","?","?","$","R","BOSS","M","$","?","M","?","E","R","M","T","E","?","E","M","M","R","BOSS","M","?","M","?","M","R","?","?","T","M","M","$","R","M","R","BOSS","BOSS","R","$","E","BOSS"],"build_version":"2019-01-23","purchased_purges":3,"victory":false,"max_hp_per_floor":[64,64,64,64,64,64,64,64,64,64,64,64,64,64,64,64,64,64,64,64,64,64,71,71,71,71,71,71,71,71,71,71,71,71,71,71,71,71,71,71,71,71,71,71,71,71,71,71,71,71,71,71,71,71,71,71],"card_choices":[{"not_picked":["Amplify","Reboot"],"picked":"Hyperbeam","floor":0.0},{"not_picked":["Go for the Eyes","Streamline"],"picked":"Chaos","floor":1.0},{"not_picked":["Sweeping Beam","Loop"],"picked":"Coolheaded","floor":4.0},{"not_picked":["Coolheaded","Redo"],"picked":"Ball Lightning","floor":5.0},{"not_picked":["Coolheaded","Steam Power"],"picked":"Buffer","floor":7.0},{"not_picked":["Beam Cell","Conserve Battery"],"picked":"Hologram","floor":8.0},{"not_picked":["Beam Cell","Melter","Streamline"],"picked":"SKIP","floor":13.0},{"not_picked":["Echo Form","Machine Learning"],"picked":"Meteor Strike","floor":16.0},{"not_picked":["Reinforced Body","Stack"],"picked":"Defragment","floor":18.0},{"not_picked":["White Noise","Cold Snap"],"picked":"Coolheaded","floor":21.0},{"not_picked":["Redo","Chaos"],"picked":"Electrodynamics","floor":23.0},{"not_picked":["Steam Power","Leap","Rebound"],"picked":"SKIP","floor":25.0},{"not_picked":["Darkness","Doom and Gloom"],"picked":"Fusion","floor":27.0},{"not_picked":["Stack","Melter"],"picked":"Sunder","floor":29.0},{"not_picked":["Aggregate","Beam Cell","Steam"],"picked":"SKIP","floor":30.0},{"not_picked":["Sunder","Steam Power"],"picked":"Glacier","floor":31.0},{"not_picked":["Seek","Core Surge"],"picked":"Fission","floor":33.0},{"not_picked":["Double Energy","Gash"],"picked":"Loop+1","floor":35.0},{"not_picked":["Barrage","Streamline+1"],"picked":"Gash+1","floor":37.0},{"not_picked":["Sweeping Beam+1","Beam Cell+1","Stack+1"],"picked":"SKIP","floor":39.0},{"not_picked":["Barrage","Leap","Reprogram"],"picked":"SKIP","floor":44.0},{"not_picked":["Beam Cell","Storm"],"picked":"Reinforced Body","floor":45.0},{"not_picked":["Rebound","Sweeping Beam+1"],"picked":"Double Energy","floor":48.0},{"not_picked":["Streamline","Reprogram","Steam"],"picked":"SKIP","floor":55.0}],"player_experience":1924698,"relics_obtained":[{"floor":7.0,"key":"Sundial"},{"floor":9.0,"key":"Shuriken"},{"floor":20.0,"key":"Enchiridion"},{"floor":23.0,"key":"Strawberry"},{"floor":26.0,"key":"Meat on the Bone"},{"floor":27.0,"key":"Pocketwatch"},{"floor":28.0,"key":"Smiling Mask"},{"floor":29.0,"key":"Darkstone Periapt"},{"floor":36.0,"key":"Torii"},{"floor":55.0,"key":"Bottled Flame"}],"event_choices":[{"damage_healed":0.0,"max_hp_gain":0.0,"max_hp_loss":0.0,"gold_gain":0.0,"event_name":"Liars Game","player_choice":"Ignored","floor":2.0,"gold_loss":0.0,"damage_taken":0.0},{"damage_healed":0.0,"max_hp_gain":0.0,"max_hp_loss":0.0,"gold_gain":0.0,"cards_transformed":["Strike_B"],"event_name":"Transmorgrifier","player_choice":"Transformed","floor":3.0,"gold_loss":0.0,"damage_taken":0.0,"cards_obtained":["Self Repair"]},{"damage_healed":0.0,"max_hp_gain":0.0,"max_hp_loss":0.0,"gold_gain":0.0,"event_name":"Dead Adventurer","player_choice":"Searched \u00270\u0027 times","floor":11.0,"gold_loss":0.0,"damage_taken":0.0},{"damage_healed":0.0,"max_hp_gain":0.0,"max_hp_loss":0.0,"gold_gain":0.0,"event_name":"Lab","player_choice":"Got Potions","floor":12.0,"gold_loss":0.0,"damage_taken":0.0},{"damage_healed":0.0,"max_hp_gain":0.0,"max_hp_loss":0.0,"gold_gain":0.0,"event_name":"Cursed Tome","player_choice":"Obtained Book","floor":20.0,"gold_loss":0.0,"damage_taken":21.0},{"damage_healed":0.0,"max_hp_gain":0.0,"max_hp_loss":0.0,"gold_gain":0.0,"cards_transformed":["Strike_B","Strike_B"],"event_name":"Drug Dealer","player_choice":"Became Test Subject","floor":22.0,"gold_loss":0.0,"damage_taken":0.0,"cards_obtained":["Leap","Stack"]},{"damage_healed":0.0,"max_hp_gain":0.0,"max_hp_loss":0.0,"gold_gain":0.0,"event_name":"MindBloom","player_choice":"Fight","floor":36.0,"gold_loss":0.0,"damage_taken":0.0},{"damage_healed":0.0,"max_hp_gain":0.0,"max_hp_loss":0.0,"gold_gain":0.0,"event_name":"Tomb of Lord Red Mask","player_choice":"Ignored","floor":38.0,"gold_loss":0.0,"damage_taken":0.0},{"damage_healed":0.0,"max_hp_gain":0.0,"max_hp_loss":0.0,"gold_gain":0.0,"event_name":"SensoryStone","player_choice":"Memory 1","floor":41.0,"gold_loss":0.0,"damage_taken":0.0},{"cards_removed":["Ball Lightning"],"damage_healed":0.0,"max_hp_gain":0.0,"max_hp_loss":0.0,"gold_gain":0.0,"event_name":"Falling","player_choice":"Removed Attack","floor":42.0,"gold_loss":0.0,"damage_taken":0.0}],"is_beta":false,"boss_relics":[{"not_picked":["Empty Cage","Inserter"],"picked":"Snecko Eye"},{"not_picked":["Fusion Hammer","Philosopher\u0027s Stone"],"picked":"Runic Pyramid"}],"items_purged_floors":[14,46,54],"is_endless":false,"potions_floor_spawned":[4,13,16,23,29,33,36,39,44,55],"killed_by":"The Heart","ascension_level":20}