{"gold_per_floor":[118,118,118,43,43,43,0,35,88,88,127,150,183,204,204,297,297,322,247,247,230,248,248,248,248,248,248,148,168,43,74,74,167,167,187,187,200,221,43,43,43,66,66,80,4,35,47,92,104,116,128,140,152,14,58,58],"floor_reached":57,"playtime":2714,"items_purged":["Strike_G","Underhanded Strike","Defend_G","Cloak And Dagger"],"score":2873,"play_id":"be76e6af-7020-42e6-8bc5-fb3585ceec94","local_time":"20190604010743","is_ascension_mode":true,"campfire_choices":[{"data":"Noxious Fumes","floor":6.0,"key":"SMITH"},{"data":"Flechettes","floor":15.0,"key":"SMITH"},{"data":"Calculated Gamble","floor":23.0,"key":"SMITH"},{"data":"Acrobatics","floor":25.0,"key":"SMITH"},{"data":"Neutralize","floor":27.0,"key":"SMITH"},{"floor":32.0,"key":"REST"},{"data":"Reflex","floor":40.0,"key":"SMITH"},{"floor":49,"key":"RECALL"},{"data":"Tactician","floor":53,"key":"SMITH"}],"neow_cost":"NONE","seed_source_timestamp":119072258524569,"circlet_count":0,"master_deck":["AscendersBane","Defend_G","Neutralize+1","Terror","Noxious Fumes+1","Footwork","Calculated Gamble+1","Flechettes+1","Well Laid Plans","Malaise","Acrobatics+1","Acrobatics+1","Reflex+1","Purity","Deflect","Tactician+1","Backflip"],"special_seed":0,"relics":["Ring of the Snake","NeowsBlessing","Golden Idol","Oddly Smooth Stone","Juzu Bracelet","Mango","Nunchaku","Runic Pyramid","Bottled Lightning","Red Mask","Empty Cage","Pen Nib","MawBank","Orichalcum","Vajra"],"potions_floor_usage":[50,50],"damage_taken":[{"damage":0.0,"enemies":"Jaw Worm","floor":1.0,"turns":1.0},{"damage":0.0,"enemies":"Lagavulin","floor":8.0,"turns":1.0},{"damage":0.0,"enemies":"Gremlin Nob","floor":11.0,"turns":1.0},{"damage":3.0,"enemies":"Small Slimes","floor":12.0,"turns":4.0},{"damage":8.0,"enemies":"3 Sentries","floor":13.0,"turns":7.0},{"damage":0.0,"enemies":"2 Louse","floor":14.0,"turns":4.0},{"damage":37.0,"enemies":"Hexaghost","floor":16.0,"turns":12.0},{"damage":14.0,"enemies":"3 Byrds","floor":18.0,"turns":5.0},{"damage":7.0,"enemies":"2 Thieves","floor":21.0,"turns":4.0},{"damage":10.0,"enemies":"Snake Plant","floor":22.0,"turns":4.0},{"damage":0.0,"enemies":"Centurion and Healer","floor":29.0,"turns":5.0},{"damage":20.0,"enemies":"Masked Bandits","floor":31.0,"turns":4.0},{"damage":14.0,"enemies":"Automaton","floor":33.0,"turns":8.0},{"damage":1.0,"enemies":"Orb Walker","floor":35.0,"turns":3.0},{"damage":36.0,"enemies":"3 Darklings","floor":37.0,"turns":6.0},{"damage":0.0,"enemies":"4 Shapes","floor":38.0,"turns":9.0},{"damage":10.0,"enemies":"Transient","floor":42.0,"turns":6.0},{"damage":5,"enemies":"Sphere and 2 Shapes","floor":44,"turns":10},{"damage":0,"enemies":"Nemesis","floor":46,"turns":1},{"damage":2,"enemies":"Giant Head","floor":48,"turns":2},{"damage":3,"enemies":"Time Eater","floor":50,"turns":5},{"damage":0,"enemies":"Donu and Deca","floor":51,"turns":5},{"damage":11,"enemies":"Shield and Spear","floor":55,"turns":2},{"damage":44,"enemies":"The Heart","floor":56,"turns":7}],"seed_played":"-5914401901838279984","potions_obtained":[{"floor":1.0,"key":"GhostInAJar"},{"floor":8.0,"key":"Weak Potion"},{"floor":18.0,"key":"SpeedPotion"},{"floor":35.0,"key":"Dexterity Potion"},{"floor":37.0,"key":"Poison Potion"},{"floor":48,"key":"Block Potion"},{"floor":55,"key":"AttackPotion"}],"is_trial":false,"path_per_floor":["M","?","?","?","T","R","$","E","T","?","E","M","E","M","R","B",null,"M","$","?","M","M","R","?","R","T","R","$","M","$","?","R","B",null,"M","?","M","M","$","R","?","M","T","M","$","E","?","E","R","B","B",null,"R","$","E","B",null],"character_chosen":"THE_SILENT","items_purchased":["Footwork","Reflex","Purity","Tactician"],"campfire_rested":1,"item_purchase_floors":[7,39,39,45],"current_hp_per_floor":[59,59,59,59,59,59,59,59,59,52,66,63,55,55,55,18,60,46,46,46,39,29,29,29,29,29,29,29,29,29,9,31,17,60,59,59,23,23,23,23,23,13,13,8,8,8,8,6,6,3,3,56,56,56,45,1],"gold":58,"neow_bonus":"THREE_ENEMY_KILL","is_prod":false,"is_daily":false,"chose_seed":false,"campfire_upgraded":7,"win_rate":0,"timestamp":1559581663,"path_taken":["M","?","?","?","?","R","$","E","T","?","E","M","E","M","R","BOSS","M","$","?","M","M","R","?","R","T","R","?","M","$","?","R","BOSS","M","?","M","M","$","R","?","M","T","M","$","E","?","E","R","BOSS","BOSS","R","$","E","BOSS"],"build_version":"2019-01-23","purchased_purges":4,"victory":true,"max_hp_per_floor":[66,66,60,60,60,60,60,60,60,60,74,74,74,74,74,74,74,74,74,74,74,74,74,74,74,74,74,74,74,74,74,74,74,74,74,74,74,74,74,74,74,74,74,74,74,74,74,74,74,74,74,74,74,74,74,74],"card_choices":[{"not_picked":["Quick Slash","Dagger Spray"],"picked":"Terror","floor":1.0},{"not_picked":["Bane","Finisher"],"picked":"Calculated Gamble","floor":8.0},{"not_picked":["Acrobatics","PiercingWail"],"picked":"Flechettes","floor":11.0},{"not_picked":["Eviscerate","Deflect","Bane"],"picked":"SKIP","floor":12.0},{"not_picked":["Calculated Gamble","Corpse Explosion","Burst"],"picked":"SKIP","floor":13.0},{"not_picked":["Noxious Fumes","Predator"],"picked":"Well Laid Plans","floor":14.0},{"not_picked":["Doppelganger","Storm of Steel"],"picked":"Malaise","floor":16.0},{"not_picked":["Dash","Endless Agony","Deflect"],"picked":"SKIP","floor":18.0},{"not_picked":["Dodge and Roll","Deadly Poison"],"picked":"Acrobatics","floor":21.0},{"not_picked":["Reflex","Endless Agony","Caltrops"],"picked":"SKIP","floor":22.0},{"not_picked":["Choke","Deadly Poison","Bouncing Flask"],"picked":"SKIP","floor":29.0},{"not_picked":["Caltrops","Quick Slash","Deadly Poison"],"picked":"SKIP","floor":35.0},{"not_picked":["Acrobatics+1","Dagger Spray","Dash"],"picked":"SKIP","floor":37.0},{"not_picked":["Underhanded Strike","Blur","Doppelganger"],"picked":"SKIP","floor":38.0},{"not_picked":["Dodge and Roll","Dagger Throw"],"picked":"Deflect","floor":42},{"not_picked":["Caltrops","Dagger Throw","Sucker Punch"],"picked":"SKIP","floor":44},{"not_picked":["Malaise","Deadly Poison+1"],"picked":"Backflip","floor":46},{"not_picked":["Predator+1","Blade Dance","Noxious Fumes+1"],"picked":"SKIP","floor":48},{"not_picked":["Tactician","Backflip+1","Acrobatics"],"picked":"SKIP","floor":55}],"player_experience":1856604,"relics_obtained":[{"floor":8.0,"key":"Oddly Smooth Stone"},{"floor":9.0,"key":"Juzu Bracelet"},{"floor":11.0,"key":"Mango"},{"floor":13.0,"key":"Nunchaku"},{"floor":26.0,"key":"Bottled Lightning"},{"floor":31.0,"key":"Red Mask"},{"floor":43,"key":"Pen Nib"},{"floor":46,"key":"MawBank"},{"floor":48,"key":"Orichalcum"},{"floor":55,"key":"Vajra"}],"event_choices":[{"damage_healed":0.0,"max_hp_gain":0.0,"max_hp_loss":0.0,"gold_gain":0.0,"cards_transformed":["Strike_G"],"event_name":"Living Wall","player_choice":"Change","floor":2.0,"gold_loss":0.0,"damage_taken":0.0,"cards_obtained":["Noxious Fumes"]},{"damage_healed":0.0,"max_hp_gain":0.0,"max_hp_loss":6.0,"gold_gain":0.0,"event_name":"Golden Idol","player_choice":"Lose Max HP","floor":3.0,"gold_loss":0.0,"damage_taken":0.0,"relics_obtained":["Golden Idol"]},{"cards_removed":["Strike_G"],"damage_healed":0.0,"max_hp_gain":0.0,"max_hp_loss":0.0,"gold_gain":0.0,"event_name":"The Cleric","player_choice":"Card Removal","floor":4.0,"gold_loss":75.0,"damage_taken":0.0},{"cards_removed":["Strike_G"],"damage_healed":0.0,"max_hp_gain":0.0,"max_hp_loss":0.0,"gold_gain":0.0,"event_name":"Golden Wing","player_choice":"Card Removal","floor":10.0,"gold_loss":0.0,"damage_taken":7.0},{"damage_healed":0.0,"max_hp_gain":0.0,"max_hp_loss":0.0,"gold_gain":0.0,"cards_transformed":["Strike_G","Defend_G"],"event_name":"Drug Dealer","player_choice":"Became Test Subject","floor":20.0,"gold_loss":0.0,"damage_taken":0.0,"cards_obtained":["Cloak And Dagger","Underhanded Strike"]},{"damage_healed":0.0,"max_hp_gain":0.0,"max_hp_loss":0.0,"gold_gain":0.0,"event_name":"Vampires","player_choice":"Ignored","floor":24.0,"gold_loss":0.0,"damage_taken":0.0},{"damage_healed":0.0,"max_hp_gain":0.0,"max_hp_loss":0.0,"gold_gain":0.0,"event_name":"Masked Bandits","player_choice":"Fought Bandits","floor":31.0,"gold_loss":0.0,"damage_taken":0.0},{"damage_healed":0.0,"max_hp_gain":0.0,"max_hp_loss":0.0,"gold_gain":0.0,"event_name":"Duplicator","player_choice":"Copied","floor":36.0,"gold_loss":0.0,"damage_taken":0.0,"cards_obtained":["Acrobatics"]},{"damage_healed":0.0,"max_hp_gain":0.0,"max_hp_loss":0.0,"gold_gain":0.0,"event_name":"SensoryStone","player_choice":"Memory 1","floor":41.0,"gold_loss":0.0,"damage_taken":0.0},{"cards_removed":["Survivor"],"damage_healed":0,"gold_gain":0,"player_choice":"Removed Skill","damage_taken":0,"max_hp_gain":0,"max_hp_loss":0,"event_name":"Falling","floor":47,"gold_loss":0}],"is_beta":false,"boss_relics":[{"not_picked":["Eternal Feather","Coffee Dripper"],"picked":"Runic Pyramid"},{"not_picked":["WristBlade","Philosopher\u0027s Stone"],"picked":"Empty Cage"}],"items_purged_floors":[19,28,30,54],"is_endless":false,"potions_floor_spawned":[1,8,13,18,22,35,37,38,48,55],"ascension_level":20}