{"gold_per_floor":[118,136,151,165,165,165,191,191,191,217,234,84,97,111,111,210,210,223,138,138,138,155,155,189,189,189,204,219,244,115,128,128,233,233,252,77,77,0,69,69,69,94,119,131,147,162,93,111,111,111],"floor_reached":51,"playtime":3090,"items_purged":["Writhe","Doubt"],"score":925,"play_id":"1442d234-7a2b-4b5b-a383-16c3680a4502","local_time":"20190515211922","is_ascension_mode":true,"campfire_choices":[{"floor":6.0,"key":"REST"},{"floor":8.0,"key":"REST"},{"floor":15,"key":"REST"},{"floor":23,"key":"REST"},{"floor":32,"key":"REST"},{"floor":40,"key":"REST"},{"data":"A Thousand Cuts","floor":41,"key":"SMITH"},{"floor":49,"key":"REST"}],"neow_cost":"NONE","seed_source_timestamp":37680888395266,"circlet_count":0,"master_deck":["Defend_G","Defend_G","Defend_G","Strike_G","Strike_G","Strike_G","Survivor","Neutralize","Burst","Blade Dance","Concentrate","Cloak And Dagger","Dagger Spray","Corpse Explosion","Cloak And Dagger","Burst","Tools of the Trade","Adrenaline+1","Dagger Spray+1","Outmaneuver+1","Underhanded Strike+1","Blade Dance","A Thousand Cuts+1","Blade Dance","Blade Dance+1","Phantasmal Killer+1","Doubt","Pain","Accuracy","PiercingWail+1","Blur+1","Cloak And Dagger+1","Distraction+1","Concentrate+1"],"special_seed":0,"relics":["Ring of the Snake","Molten Egg 2","Pantograph","Shuriken","Ancient Tea Set","Astrolabe","Pen Nib","Matryoshka","Bag of Marbles","Lantern","Toxic Egg 2","Calling Bell","Omamori","Darkstone Periapt","WingedGreaves","Red Mask","Bag of Preparation","Question Card","Blue Candle","Boot"],"potions_floor_usage":[14,16,29,33,33,44,50,50,50],"damage_taken":[{"damage":7.0,"enemies":"2 Louse","floor":1.0,"turns":3.0},{"damage":1.0,"enemies":"Cultist","floor":2.0,"turns":4.0},{"damage":7.0,"enemies":"Small Slimes","floor":3.0,"turns":4.0},{"damage":12.0,"enemies":"3 Louse","floor":4.0,"turns":5.0},{"damage":42.0,"enemies":"Lagavulin","floor":7.0,"turns":6.0},{"damage":27.0,"enemies":"3 Sentries","floor":10.0,"turns":10.0},{"damage":5,"enemies":"Exordium Wildlife","floor":11,"turns":3},{"damage":1,"enemies":"Large Slime","floor":13,"turns":4},{"damage":0,"enemies":"Exordium Thugs","floor":14,"turns":3},{"damage":20,"enemies":"Slime Boss","floor":16,"turns":7},{"damage":21,"enemies":"3 Byrds","floor":18,"turns":3},{"damage":7,"enemies":"Shell Parasite","floor":22,"turns":5},{"damage":0,"enemies":"Gremlin Leader","floor":24,"turns":5},{"damage":4,"enemies":"3 Cultists","floor":27,"turns":4},{"damage":24,"enemies":"Snake Plant","floor":28,"turns":3},{"damage":17,"enemies":"Slavers","floor":29,"turns":4},{"damage":0,"enemies":"Snecko","floor":31,"turns":3},{"damage":59,"enemies":"Automaton","floor":33,"turns":7},{"damage":40,"enemies":"3 Darklings","floor":35,"turns":5},{"damage":17,"enemies":"Reptomancer","floor":42,"turns":3},{"damage":10,"enemies":"3 Shapes","floor":44,"turns":7},{"damage":0,"enemies":"3 Darklings","floor":45,"turns":2},{"damage":8,"enemies":"Sphere and 2 Shapes","floor":46,"turns":3},{"damage":1,"enemies":"Jaw Worm Horde","floor":48,"turns":1},{"damage":24,"enemies":"Donu and Deca","floor":50,"turns":4}],"seed_played":"-6659707062388543307","potions_obtained":[{"floor":1.0,"key":"SteroidPotion"},{"floor":10.0,"key":"GamblersBrew"},{"floor":11,"key":"SkillPotion"},{"floor":14,"key":"SkillPotion"},{"floor":16,"key":"SpeedPotion"},{"floor":22,"key":"Weak Potion"},{"floor":28,"key":"SkillPotion"},{"floor":33,"key":"PowerPotion"},{"floor":35,"key":"FearPotion"},{"floor":42,"key":"Fire Potion"},{"floor":44,"key":"AttackPotion"}],"is_trial":false,"path_per_floor":["M","M","M","M","?","R","E","R","T","E","M","$","M","M","R","B",null,"M","?","?","?","M","R","E","?","T","M","M","E","$","M","R","B",null,"M","$","$","?","T","R","R","E","T","M","M","M","$","M","R","B",null],"character_chosen":"THE_SILENT","items_purchased":["Ancient Tea Set","Blade Dance+1","Accuracy","Distraction+1"],"campfire_rested":7,"item_purchase_floors":[12,30,36,47],"current_hp_per_floor":[63,62,55,43,43,64,22,43,43,16,11,11,10,10,31,36,70,49,49,49,49,42,63,63,63,63,59,35,18,18,18,39,5,70,30,30,30,30,30,51,51,34,34,24,24,16,16,15,36,37],"gold":111,"neow_bonus":"ONE_RANDOM_RARE_CARD","is_prod":false,"is_daily":false,"chose_seed":false,"campfire_upgraded":1,"win_rate":0,"timestamp":1557969562,"path_taken":["M","M","M","M","?","R","E","R","T","E","M","$","M","M","R","BOSS","M","?","?","?","M","R","E","?","T","?","M","E","$","M","R","BOSS","M","$","$","?","?","R","R","E","T","M","M","M","?","M","R","BOSS"],"build_version":"2019-01-23","purchased_purges":2,"victory":true,"max_hp_per_floor":[70,70,70,70,70,70,70,70,70,70,70,70,70,70,70,70,70,70,70,70,70,70,70,70,70,70,70,70,70,70,70,70,70,70,70,70,70,70,70,70,70,70,70,70,70,70,70,70,70,70],"card_choices":[{"not_picked":["Infinite Blades","Expertise","Quick Slash"],"picked":"SKIP","floor":1.0},{"not_picked":["Sucker Punch","Backflip"],"picked":"Blade Dance","floor":2.0},{"not_picked":["Outmaneuver","Backstab"],"picked":"Concentrate","floor":3.0},{"not_picked":["Outmaneuver","Dodge and Roll"],"picked":"Cloak And Dagger","floor":4.0},{"not_picked":["Bullet Time","Catalyst"],"picked":"Corpse Explosion","floor":7.0},{"not_picked":["Deflect","Deadly Poison"],"picked":"Cloak And Dagger","floor":10.0},{"not_picked":["Underhanded Strike+1","Calculated Gamble","Prepared"],"picked":"SKIP","floor":11},{"not_picked":["Predator+1","Dodge and Roll","Deadly Poison"],"picked":"SKIP","floor":13},{"not_picked":["Leg Sweep","Slice+1"],"picked":"Burst","floor":14},{"not_picked":["Corpse Explosion","Unload+1"],"picked":"Tools of the Trade","floor":16},{"not_picked":["All Out Attack+1","Distraction"],"picked":"Underhanded Strike+1","floor":18},{"not_picked":["Eviscerate+1","PiercingWail","Outmaneuver"],"picked":"SKIP","floor":22},{"not_picked":["Choke+1","Blade Dance"],"picked":"A Thousand Cuts","floor":24},{"not_picked":["Masterful Stab+1","Riddle With Holes+1"],"picked":"Blade Dance","floor":27},{"not_picked":["Prepared+1","PiercingWail+1","Bane+1"],"picked":"SKIP","floor":28},{"not_picked":["PiercingWail","Noxious Fumes","Dodge and Roll"],"picked":"SKIP","floor":29},{"not_picked":["Flying Knee+1","Doppelganger+1","All Out Attack+1"],"picked":"SKIP","floor":31},{"not_picked":["Die Die Die+1","Grand Finale+1"],"picked":"Phantasmal Killer+1","floor":33},{"not_picked":["Caltrops+1","Underhanded Strike+1","Acrobatics+1"],"picked":"SKIP","floor":35},{"not_picked":["Bullet Time+1","Poisoned Stab+1","Dodge and Roll+1"],"picked":"PiercingWail+1","floor":42},{"not_picked":["Eviscerate+1","Dagger Spray+1","Slice+1"],"picked":"Blur+1","floor":44},{"not_picked":["Deadly Poison+1","Quick Slash+1","Well Laid Plans+1"],"picked":"Cloak And Dagger+1","floor":45},{"not_picked":["Acrobatics+1","Masterful Stab+1","Well Laid Plans","Bouncing Flask+1"],"picked":"SKIP","floor":46},{"not_picked":["Poisoned Stab+1","All Out Attack+1","Malaise+1"],"picked":"Concentrate+1","floor":48}],"player_experience":998112,"relics_obtained":[{"floor":7.0,"key":"Molten Egg 2"},{"floor":9.0,"key":"Pantograph"},{"floor":10.0,"key":"Shuriken"},{"floor":24,"key":"Matryoshka"},{"floor":26,"key":"Lantern"},{"floor":29,"key":"Toxic Egg 2"},{"floor":34,"key":"Omamori"},{"floor":34,"key":"Darkstone Periapt"},{"floor":34,"key":"WingedGreaves"},{"floor":39,"key":"Bag of Preparation"},{"floor":39,"key":"Question Card"},{"floor":42,"key":"Blue Candle"},{"floor":43,"key":"Boot"}],"event_choices":[{"damage_healed":0.0,"max_hp_gain":0.0,"max_hp_loss":0.0,"gold_gain":0.0,"cards_transformed":["Strike_G"],"event_name":"Transmorgrifier","player_choice":"Transformed","floor":5.0,"gold_loss":0.0,"damage_taken":0.0,"cards_obtained":["Dagger Spray"]},{"damage_healed":0,"gold_gain":0,"player_choice":"Obtained Relic","damage_taken":0,"relics_obtained":["Pen Nib"],"max_hp_gain":0,"max_hp_loss":0,"event_name":"Addict","floor":19,"gold_loss":85},{"damage_healed":0,"gold_gain":0,"player_choice":"Ignored","damage_taken":0,"max_hp_gain":0,"max_hp_loss":0,"event_name":"Ghosts","floor":20,"gold_loss":0},{"damage_healed":0,"gold_gain":0,"player_choice":"Read","damage_taken":0,"max_hp_gain":0,"max_hp_loss":0,"event_name":"The Library","floor":21,"gold_loss":0,"cards_obtained":["Blade Dance"]},{"damage_healed":0,"gold_gain":0,"player_choice":"Opened","damage_taken":0,"relics_obtained":["Bag of Marbles"],"max_hp_gain":0,"max_hp_loss":0,"event_name":"The Mausoleum","floor":25,"gold_loss":0,"cards_obtained":["Writhe"]},{"damage_healed":0,"gold_gain":0,"player_choice":"Paid","damage_taken":0,"relics_obtained":["Red Mask"],"max_hp_gain":0,"max_hp_loss":0,"event_name":"Tomb of Lord Red Mask","floor":38,"gold_loss":77}],"is_beta":false,"boss_relics":[{"not_picked":["Tiny House","White Beast Statue"],"picked":"Astrolabe"},{"not_picked":["Snecko Eye","Lizard Tail"],"picked":"Calling Bell"}],"items_purged_floors":[30,36],"is_endless":false,"potions_floor_spawned":[1,10,11,14,16,22,24,28,33,35,42,44],"ascension_level":4}