{"gold_per_floor":[114,39,39,39,9,9,20,50,50,70,70,84,84,116,116,195,195,214,214,114,134,149,149,176,51,121,121,149,149,149,162,162,236,236,249,249,264,274,294,319,330,180,234,234,262,262,277,312,312,312,312,312,312,81,107,107],"floor_reached":57,"playtime":1582,"items_purged":["Strike_G","Dagger Spray","Dagger Spray","Unload","Dagger Spray"],"score":3351,"play_id":"2da43f53-3543-4c2a-9882-98ef5bba922e","local_time":"20190604220412","is_ascension_mode":true,"campfire_choices":[{"data":"Neutralize","floor":6,"key":"SMITH"},{"data":"Deadly Poison","floor":11,"key":"SMITH"},{"data":"Adrenaline","floor":13,"key":"SMITH"},{"data":"Acrobatics","floor":15,"key":"SMITH"},{"data":"Backflip","floor":23,"key":"SMITH"},{"data":"Adrenaline","floor":27,"key":"SMITH"},{"data":"Grand Finale","floor":30,"key":"SMITH"},{"floor":32,"key":"RECALL"},{"data":"Escape Plan","floor":44,"key":"SMITH"},{"data":"Heel Hook","floor":49,"key":"SMITH"},{"floor":53,"key":"REST"}],"neow_cost":"NONE","seed_source_timestamp":195612202599842,"circlet_count":0,"master_deck":["AscendersBane","Survivor","Neutralize+1","Backflip+1","Deadly Poison+1","Adrenaline+1","Heel Hook+1","Acrobatics+1","Grand Finale+1","Adrenaline+1","Escape Plan+1","Finisher","Adrenaline+1","Well Laid Plans"],"special_seed":0,"relics":["Ring of the Serpent","NeowsBlessing","Shuriken","Sundial","Vajra","Pandora\u0027s Box","Strawberry","Ornamental Fan","Tingsha","Dream Catcher","Centennial Puzzle","Gambling Chip","Mango"],"potions_floor_usage":[16,33,56,56],"damage_taken":[{"damage":0.0,"enemies":"Jaw Worm","floor":1.0,"turns":1.0},{"damage":0,"enemies":"Small Slimes","floor":7,"turns":2},{"damage":0,"enemies":"Lagavulin","floor":8,"turns":1},{"damage":3,"enemies":"Cultist","floor":10,"turns":4},{"damage":7,"enemies":"3 Louse","floor":12,"turns":3},{"damage":17,"enemies":"3 Sentries","floor":14,"turns":14},{"damage":2,"enemies":"Hexaghost","floor":16,"turns":6},{"damage":0,"enemies":"Chosen","floor":18,"turns":1},{"damage":0,"enemies":"Spheric Guardian","floor":21,"turns":1},{"damage":0,"enemies":"Cultist and Chosen","floor":22,"turns":1},{"damage":0,"enemies":"Book of Stabbing","floor":24,"turns":1},{"damage":0,"enemies":"Slavers","floor":28,"turns":1},{"damage":0,"enemies":"Snake Plant","floor":31,"turns":1},{"damage":0,"enemies":"Collector","floor":33,"turns":1},{"damage":0,"enemies":"3 Shapes","floor":35,"turns":1},{"damage":0,"enemies":"3 Darklings","floor":37,"turns":1},{"damage":0,"enemies":"Spire Growth","floor":38,"turns":1},{"damage":0,"enemies":"Jaw Worm Horde","floor":39,"turns":1},{"damage":0,"enemies":"Reptomancer","floor":40,"turns":1},{"damage":0,"enemies":"Maw","floor":41,"turns":1},{"damage":0,"enemies":"Nemesis","floor":45,"turns":1},{"damage":0,"enemies":"Writhing Mass","floor":47,"turns":1},{"damage":0,"enemies":"Reptomancer","floor":48,"turns":1},{"damage":17,"enemies":"Time Eater","floor":50,"turns":3},{"damage":0,"enemies":"Donu and Deca","floor":51,"turns":1},{"damage":0,"enemies":"Shield and Spear","floor":55,"turns":1},{"damage":40,"enemies":"The Heart","floor":56,"turns":6}],"seed_played":"-1192482246902904177","potions_obtained":[{"floor":7,"key":"FearPotion"},{"floor":14,"key":"PowerPotion"},{"floor":21,"key":"Explosive Potion"},{"floor":28,"key":"GhostInAJar"},{"floor":35,"key":"Explosive Potion"},{"floor":37,"key":"SkillPotion"}],"is_trial":false,"path_per_floor":["M","$","?","?","$","R","M","E","T","M","R","M","R","E","R","B",null,"M","?","$","M","M","R","E","$","T","R","E","?","R","M","R","B",null,"M","?","M","M","M","E","M","$","T","R","E","?","M","E","R","B","B",null,"R","$","E","B",null],"character_chosen":"THE_SILENT","items_purchased":["Backflip","PowerPotion"],"campfire_rested":1,"item_purchase_floors":[5,54],"current_hp_per_floor":[59,59,59,52,52,52,52,52,52,49,49,42,42,25,25,23,55,55,55,55,55,55,55,62,62,62,62,62,62,62,62,62,62,70,70,73,73,73,73,73,73,73,73,73,73,69,69,69,69,52,52,68,73,73,87,47],"gold":107,"neow_bonus":"THREE_ENEMY_KILL","is_prod":false,"is_daily":false,"chose_seed":false,"campfire_upgraded":9,"win_rate":0,"timestamp":1559657052,"path_taken":["M","$","?","?","?","R","M","E","T","M","R","M","R","E","R","BOSS","M","?","$","M","M","R","E","?","T","R","E","?","R","M","R","BOSS","M","?","M","?","M","E","M","?","T","R","E","?","?","E","R","BOSS","BOSS","R","$","E","BOSS"],"build_version":"2019-01-23","purchased_purges":5,"victory":true,"max_hp_per_floor":[66,66,66,66,66,66,66,66,66,66,66,66,66,66,66,66,66,66,66,66,66,66,66,73,73,73,73,73,73,73,73,73,73,73,73,73,73,73,73,73,73,73,73,73,73,73,73,73,73,73,73,73,73,73,87,87],"card_choices":[{"not_picked":["Slice","Dagger Throw","Quick Slash"],"picked":"SKIP","floor":1.0},{"not_picked":["Acrobatics","Deflect"],"picked":"Deadly Poison","floor":7},{"not_picked":["Wraith Form v2","Quick Slash"],"picked":"Adrenaline","floor":8},{"not_picked":["Cloak And Dagger","Acrobatics"],"picked":"Heel Hook","floor":10},{"not_picked":["Flying Knee","Outmaneuver","Cloak And Dagger"],"picked":"SKIP","floor":12},{"not_picked":["Outmaneuver","Adrenaline"],"picked":"Acrobatics","floor":14},{"not_picked":["Malaise","Bullet Time"],"picked":"Grand Finale","floor":16},{"not_picked":["Prepared","Sucker Punch","Noxious Fumes"],"picked":"SKIP","floor":18},{"not_picked":["Finisher","Blade Dance","Deflect"],"picked":"SKIP","floor":21},{"not_picked":["Outmaneuver","Dagger Spray","Flying Knee"],"picked":"SKIP","floor":22},{"not_picked":["Bullet Time","Heel Hook","Dodge and Roll"],"picked":"SKIP","floor":24},{"not_picked":["Backflip","Blade Dance","Blur"],"picked":"SKIP","floor":28},{"not_picked":["Dagger Spray","Sucker Punch","Concentrate"],"picked":"SKIP","floor":31},{"not_picked":["Predator","Endless Agony+1","Underhanded Strike"],"picked":"SKIP","floor":35},{"not_picked":["Poisoned Stab+1","Deflect","Bane"],"picked":"SKIP","floor":37},{"not_picked":["Distraction","Choke","Prepared"],"picked":"SKIP","floor":38},{"not_picked":["Blur","Blade Dance","Acrobatics"],"picked":"SKIP","floor":39},{"not_picked":["Bane","Leg Sweep","Cloak And Dagger"],"picked":"SKIP","floor":40},{"not_picked":["Poisoned Stab","Finisher","Cloak And Dagger"],"picked":"SKIP","floor":41},{"not_picked":["Phantasmal Killer","All Out Attack","Dodge and Roll"],"picked":"SKIP","floor":45},{"not_picked":["Catalyst","Dagger Throw","Slice+1"],"picked":"SKIP","floor":47},{"not_picked":["Deflect","Bane+1","Prepared"],"picked":"SKIP","floor":48},{"not_picked":["Underhanded Strike","Distraction"],"picked":"Well Laid Plans","floor":53},{"not_picked":["Bullet Time","Slice","PiercingWail"],"picked":"SKIP","floor":55}],"player_experience":1873004,"relics_obtained":[{"floor":8,"key":"Shuriken"},{"floor":9,"key":"Sundial"},{"floor":14,"key":"Vajra"},{"floor":24,"key":"Strawberry"},{"floor":26,"key":"Ornamental Fan"},{"floor":28,"key":"Tingsha"},{"floor":40,"key":"Dream Catcher"},{"floor":45,"key":"Centennial Puzzle"},{"floor":48,"key":"Gambling Chip"},{"floor":55,"key":"Mango"}],"event_choices":[{"cards_removed":["Strike_G"],"damage_healed":0,"gold_gain":0,"player_choice":"Forget","damage_taken":0,"max_hp_gain":0,"max_hp_loss":0,"event_name":"Living Wall","floor":3,"gold_loss":0},{"cards_removed":["Strike_G"],"damage_healed":0,"gold_gain":0,"player_choice":"Card Removal","damage_taken":7,"max_hp_gain":0,"max_hp_loss":0,"event_name":"Golden Wing","floor":4,"gold_loss":0},{"damage_healed":0,"gold_gain":0,"player_choice":"Copied","damage_taken":0,"max_hp_gain":0,"max_hp_loss":0,"event_name":"Duplicator","floor":19,"gold_loss":0,"cards_obtained":["Adrenaline"]},{"damage_healed":0,"gold_gain":0,"player_choice":"Ignored","damage_taken":0,"max_hp_gain":0,"max_hp_loss":0,"event_name":"Ghosts","floor":29,"gold_loss":0},{"damage_healed":3,"gold_gain":0,"player_choice":"Full Heal","damage_taken":0,"max_hp_gain":0,"max_hp_loss":0,"event_name":"Wheel of Change","floor":36,"gold_loss":0},{"damage_healed":0,"gold_gain":0,"player_choice":"Bought 0 Potions","damage_taken":0,"max_hp_gain":0,"max_hp_loss":0,"event_name":"The Woman in Blue","floor":46,"gold_loss":0}],"is_beta":false,"boss_relics":[{"not_picked":["Fusion Hammer","Velvet Choker"],"picked":"Pandora\u0027s Box"},{"not_picked":["Snecko Eye","Calling Bell"],"picked":"Ring of the Serpent"}],"items_purged_floors":[2,20,25,42,54],"is_endless":false,"potions_floor_spawned":[7,14,21,28,31,35,37,40],"ascension_level":20}