{"gold_per_floor":[117,129,54,54,54,79,79,92,118,118,118,130,55,71,71,142,142,158,158,158],"floor_reached":20,"playtime":371,"items_purged":["Strike_G"],"score":394,"play_id":"43e4a297-395c-4097-9163-27c8f1b86e39","local_time":"20190520165333","is_ascension_mode":true,"campfire_choices":[{"data":"Bouncing Flask","floor":7,"key":"SMITH"},{"data":"Neutralize","floor":15,"key":"SMITH"}],"neow_cost":"NONE","seed_source_timestamp":870145686957418,"circlet_count":0,"master_deck":["AscendersBane","Survivor","Neutralize+1","Bouncing Flask+1","Burst","Corpse Explosion","Terror","Die Die Die","Die Die Die","Flechettes","Noxious Fumes","Caltrops","Bane","Bane","Backflip","Backflip"],"relics":["Ring of the Snake","NeowsBlessing","Art of War","Ancient Tea Set","Boot","Pandora\u0027s Box"],"potions_floor_usage":[],"damage_taken":[{"damage":0,"enemies":"2 Louse","floor":1,"turns":1},{"damage":0,"enemies":"Jaw Worm","floor":2,"turns":1},{"damage":0,"enemies":"3 Sentries","floor":6,"turns":1},{"damage":0,"enemies":"Cultist","floor":8,"turns":4},{"damage":32,"enemies":"Large Slime","floor":12,"turns":7},{"damage":4,"enemies":"Blue Slaver","floor":14,"turns":3},{"damage":11,"enemies":"Hexaghost","floor":16,"turns":7},{"damage":33,"enemies":"2 Thieves","floor":18,"turns":3},{"damage":10,"enemies":"Shell Parasite","floor":20,"turns":3}],"seed_played":"2359359423841432371","potions_obtained":[{"floor":1,"key":"Strength Potion"},{"floor":2,"key":"FearPotion"}],"is_trial":false,"path_per_floor":["M","M","?","?","$","E","R","M","T","?","?","M","$","M","R","B",null,"M","?","M"],"character_chosen":"THE_SILENT","items_purchased":[],"campfire_rested":0,"item_purchase_floors":[],"current_hp_per_floor":[59,59,59,55,55,55,55,55,55,50,50,18,18,14,14,3,50,17,17,7],"gold":158,"neow_bonus":"THREE_ENEMY_KILL","is_prod":false,"is_daily":false,"chose_seed":false,"campfire_upgraded":2,"win_rate":0,"timestamp":1558342413,"path_taken":["M","M","?","?","$","E","R","?","T","?","?","M","$","?","R","BOSS","M","?","M"],"build_version":"2019-01-23","purchased_purges":1,"victory":false,"max_hp_per_floor":[66,66,66,66,66,66,66,66,66,66,66,66,66,66,66,66,66,66,66,66],"card_choices":[{"not_picked":["Finisher","Infinite Blades"],"picked":"Bouncing Flask","floor":1},{"not_picked":["Acrobatics","Expertise","Backflip"],"picked":"SKIP","floor":2},{"not_picked":["All Out Attack","Finisher","Backflip"],"picked":"SKIP","floor":6},{"not_picked":["Choke","Poisoned Stab","Blade Dance"],"picked":"SKIP","floor":8},{"not_picked":["Endless Agony","Dagger Spray","Quick Slash"],"picked":"SKIP","floor":12},{"not_picked":["Deadly Poison","Slice"],"picked":"Burst","floor":14},{"not_picked":["Venomology","Glass Knife"],"picked":"Corpse Explosion","floor":16},{"not_picked":["Outmaneuver","Setup"],"picked":"Backflip","floor":18}],"player_experience":1724324,"relics_obtained":[{"floor":6,"key":"Art of War"},{"floor":9,"key":"Ancient Tea Set"}],"event_choices":[{"cards_removed":["Strike_G"],"damage_healed":0,"gold_gain":0,"player_choice":"Card Removal","damage_taken":0,"max_hp_gain":0,"max_hp_loss":0,"event_name":"The Cleric","floor":3,"gold_loss":75},{"damage_healed":0,"gold_gain":0,"player_choice":"Bought 0 Potions","damage_taken":0,"max_hp_gain":0,"max_hp_loss":0,"event_name":"The Woman in Blue","floor":4,"gold_loss":0},{"damage_healed":0,"gold_gain":0,"player_choice":"Success","damage_taken":5,"relics_obtained":["Boot"],"max_hp_gain":0,"max_hp_loss":0,"event_name":"Scrap Ooze","floor":10,"gold_loss":0},{"damage_healed":0,"gold_gain":0,"player_choice":"Got Potions","damage_taken":0,"max_hp_gain":0,"max_hp_loss":0,"event_name":"Lab","floor":11,"gold_loss":0},{"damage_healed":0,"gold_gain":0,"player_choice":"Read","damage_taken":0,"max_hp_gain":0,"max_hp_loss":0,"event_name":"The Library","floor":19,"gold_loss":0,"cards_obtained":["Backflip"]}],"is_beta":false,"boss_relics":[{"not_picked":["Runic Dome","WristBlade"],"picked":"Pandora\u0027s Box"}],"items_purged_floors":[13],"is_endless":false,"potions_floor_spawned":[1,2],"killed_by":"Shell Parasite","ascension_level":20}