{"gold_per_floor":[114,114,131,51,69,69,124,124,150,325,51,51,85,95,95,193,193,204,218,218,27,27,52,52,65,65,65,94,94,114,128,128,128],"floor_reached":33,"playtime":1196,"items_purged":[],"score":433,"play_id":"6c9171bf-44b1-4bee-990c-76d163657405","local_time":"20190528175853","is_ascension_mode":true,"campfire_choices":[{"data":"Whirlwind","floor":6,"key":"SMITH"},{"data":"Seeing Red","floor":8,"key":"SMITH"},{"floor":15,"key":"REST"},{"data":"Inflame","floor":24,"key":"SMITH"},{"floor":27,"key":"REST"},{"floor":29,"key":"REST"},{"floor":32,"key":"REST"}],"neow_cost":"NONE","seed_source_timestamp":200587236027501,"circlet_count":0,"master_deck":["Strike_R","Strike_R","Strike_R+1","Strike_R","Strike_R","Defend_R","Defend_R","Defend_R","Defend_R","Bash+1","Seeing Red+1","Dual Wield","Whirlwind+1","Shrug It Off","Doubt","Inflame+1","Berserk","Flex","Spot Weakness"],"relics":["Burning Blood","Vajra","Ancient Tea Set","Red Skull","OrangePellets","Omamori","Boot","Philosopher\u0027s Stone","PreservedInsect","Chemical X","Sundial","Art of War","Bronze Scales"],"potions_floor_usage":[7,7,16,31,33,33],"damage_taken":[{"damage":14,"enemies":"Jaw Worm","floor":1,"turns":5},{"damage":0,"enemies":"Small Slimes","floor":3,"turns":3},{"damage":0,"enemies":"2 Louse","floor":5,"turns":2},{"damage":29,"enemies":"Lagavulin Event","floor":7,"turns":5},{"damage":0,"enemies":"3 Sentries","floor":13,"turns":1},{"damage":8,"enemies":"Exordium Thugs","floor":14,"turns":4},{"damage":63,"enemies":"The Guardian","floor":16,"turns":9},{"damage":3,"enemies":"3 Byrds","floor":18,"turns":3},{"damage":19,"enemies":"Shell Parasite","floor":19,"turns":4},{"damage":0,"enemies":"Slavers","floor":23,"turns":1},{"damage":24,"enemies":"Shelled Parasite and Fungi","floor":25,"turns":3},{"damage":47,"enemies":"Gremlin Leader","floor":28,"turns":4},{"damage":14,"enemies":"Cultist and Chosen","floor":30,"turns":2},{"damage":17,"enemies":"Snake Plant","floor":31,"turns":3},{"damage":101,"enemies":"Automaton","floor":33,"turns":6}],"seed_played":"4787697300433687079","potions_obtained":[{"floor":1,"key":"AttackPotion"},{"floor":3,"key":"SkillPotion"},{"floor":14,"key":"Regen Potion"},{"floor":16,"key":"Dexterity Potion"},{"floor":18,"key":"Strength Potion"},{"floor":28,"key":"Ancient Potion"},{"floor":30,"key":"Regen Potion"}],"is_trial":false,"path_per_floor":["M","?","M","$","M","R","?","R","T","?","$","?","E","M","R","B",null,"M","M","?","$","?","E","R","M","T","R","E","R","M","M","R","B"],"character_chosen":"IRONCLAD","items_purchased":["Whirlwind","OrangePellets","Inflame","Chemical X"],"campfire_rested":4,"item_purchase_floors":[4,11,11,21],"current_hp_per_floor":[64,48,54,54,60,60,37,37,37,37,37,37,43,41,65,13,63,66,53,53,53,53,59,59,41,41,65,24,48,40,38,62,0],"gold":128,"neow_bonus":"RANDOM_COMMON_RELIC","is_prod":false,"is_daily":false,"chose_seed":false,"campfire_upgraded":3,"win_rate":0,"timestamp":1559080733,"path_taken":["M","?","M","$","M","R","?","R","T","?","$","?","E","M","R","BOSS","M","M","?","$","?","E","R","M","T","R","E","R","?","M","R","BOSS"],"build_version":"2019-01-23","purchased_purges":0,"victory":false,"max_hp_per_floor":[80,80,80,80,80,80,80,80,80,80,80,80,80,80,80,80,80,80,80,80,80,80,80,80,80,80,80,80,80,80,80,80,80],"card_choices":[{"not_picked":["Sentinel","Clothesline"],"picked":"Seeing Red","floor":1},{"not_picked":["Clothesline","Sword Boomerang"],"picked":"Dual Wield","floor":3},{"not_picked":["Body Slam","Iron Wave"],"picked":"Shrug It Off","floor":5},{"not_picked":["Sword Boomerang","Anger","Twin Strike"],"picked":"SKIP","floor":13},{"not_picked":["Armaments","Searing Blow","Fire Breathing"],"picked":"SKIP","floor":14},{"not_picked":["Fiend Fire","Reaper"],"picked":"Berserk","floor":16},{"not_picked":["Anger","Thunderclap","Clash+1"],"picked":"SKIP","floor":18},{"not_picked":["Combust","Body Slam"],"picked":"Flex","floor":19},{"not_picked":["Rage","Flame Barrier","Sever Soul"],"picked":"SKIP","floor":23},{"not_picked":["Clash","Juggernaut","Headbutt+1"],"picked":"SKIP","floor":25},{"not_picked":["Shockwave","Fire Breathing","Shrug It Off"],"picked":"SKIP","floor":28},{"not_picked":["Clothesline","Evolve"],"picked":"Spot Weakness","floor":30},{"not_picked":["Twin Strike","Clash","Havoc"],"picked":"SKIP","floor":31}],"player_experience":1032099,"relics_obtained":[{"floor":7,"key":"Ancient Tea Set"},{"floor":9,"key":"Red Skull"},{"floor":12,"key":"Omamori"},{"floor":13,"key":"Boot"},{"floor":23,"key":"Sundial"},{"floor":26,"key":"Art of War"},{"floor":28,"key":"Bronze Scales"}],"event_choices":[{"damage_healed":0,"gold_gain":0,"player_choice":"Entered Light","damage_taken":16,"max_hp_gain":0,"max_hp_loss":0,"event_name":"Shining Light","floor":2,"gold_loss":0,"cards_upgraded":["Bash","Strike_R"]},{"damage_healed":0,"gold_gain":0,"player_choice":"Searched \u00272\u0027 times","damage_taken":0,"max_hp_gain":0,"max_hp_loss":0,"event_name":"Dead Adventurer","floor":7,"gold_loss":0},{"damage_healed":0,"gold_gain":175,"player_choice":"AGREE","damage_taken":0,"max_hp_gain":0,"max_hp_loss":0,"event_name":"Liars Game","floor":10,"gold_loss":0,"cards_obtained":["Doubt"]},{"damage_healed":0,"gold_gain":0,"player_choice":"Relic","damage_taken":0,"max_hp_gain":0,"max_hp_loss":0,"event_name":"Wheel of Change","floor":12,"gold_loss":0},{"damage_healed":0,"gold_gain":0,"player_choice":"Opened","damage_taken":0,"relics_obtained":["PreservedInsect"],"max_hp_gain":0,"max_hp_loss":0,"event_name":"The Mausoleum","floor":20,"gold_loss":0},{"damage_healed":0,"gold_gain":0,"player_choice":"Ignored","damage_taken":0,"max_hp_gain":0,"max_hp_loss":0,"event_name":"Beggar","floor":22,"gold_loss":0}],"is_beta":false,"boss_relics":[{"not_picked":["Runic Pyramid","Eternal Feather"],"picked":"Philosopher\u0027s Stone"}],"items_purged_floors":[],"is_endless":false,"potions_floor_spawned":[1,3,14,16,18,28,30],"killed_by":"Automaton","ascension_level":6}