{"gold_per_floor":[109,109,121,148,160,172,207,239,332,359,371,399,411,450,462,569,581],"floor_reached":17,"playtime":559,"items_purged":[],"score":233,"play_id":"1ef92fb2-67c7-4a1a-9c64-e279081ae9bb","local_time":"20190803163836","is_ascension_mode":true,"campfire_choices":[{"data":"Spot Weakness","floor":6.0,"key":"SMITH"},{"data":"Body Slam","floor":11.0,"key":"SMITH"},{"data":"Pommel Strike","floor":13.0,"key":"SMITH"},{"floor":15.0,"key":"REST"}],"neow_cost":"NONE","seed_source_timestamp":880703262972806,"circlet_count":0,"master_deck":["AscendersBane","Strike_R","Strike_R","Strike_R+1","Strike_R+1","Strike_R","Defend_R","Defend_R","Defend_R","Defend_R","Bash","Spot Weakness+1","Flex","Pommel Strike+1","Body Slam","Body Slam+1","Power Through","Seeing Red","Bludgeon"],"special_seed":0,"relics":["Burning Blood","MawBank","Odd Mushroom","Darkstone Periapt","Thread and Needle","Philosopher\u0027s Stone"],"potions_floor_usage":[16],"damage_taken":[{"damage":12.0,"enemies":"Jaw Worm","floor":1.0,"turns":2.0},{"damage":2.0,"enemies":"Small Slimes","floor":4.0,"turns":3.0},{"damage":7.0,"enemies":"The Mushroom Lair","floor":7.0,"turns":3.0},{"damage":7.0,"enemies":"2 Louse","floor":8.0,"turns":2.0},{"damage":7.0,"enemies":"2 Fungi Beasts","floor":10.0,"turns":3.0},{"damage":7.0,"enemies":"Large Slime","floor":12.0,"turns":4.0},{"damage":25.0,"enemies":"Lagavulin","floor":14.0,"turns":4.0},{"damage":68,"enemies":"The Guardian","floor":16,"turns":15}],"seed_played":"3647493652195149961","potions_obtained":[{"floor":0.0,"key":"SmokeBomb"},{"floor":0.0,"key":"FairyPotion"},{"floor":0.0,"key":"BloodPotion"},{"floor":4.0,"key":"Explosive Potion"},{"floor":7.0,"key":"EssenceOfSteel"},{"floor":10.0,"key":"Explosive Potion"},{"floor":14.0,"key":"SkillPotion"}],"is_trial":false,"path_per_floor":["M","?","?","M","?","R","?","M","T","M","R","M","R","E","R","B",null],"character_chosen":"IRONCLAD","items_purchased":[],"campfire_rested":1,"item_purchase_floors":[],"current_hp_per_floor":[66,66,50,54,47,47,66,65,65,64,64,63,63,44,68,14,14],"gold":581,"neow_bonus":"THREE_SMALL_POTIONS","is_prod":false,"is_daily":false,"chose_seed":false,"campfire_upgraded":3,"win_rate":0,"timestamp":1564864716,"path_taken":["M","?","?","M","?","R","?","M","T","M","R","M","R","E","R","BOSS"],"build_version":"2019-07-17","purchased_purges":0,"victory":false,"max_hp_per_floor":[80,80,80,80,80,80,80,80,80,80,80,80,80,80,80,80,80],"card_choices":[{"not_picked":["Warcry","Blood for Blood"],"picked":"Spot Weakness","floor":1.0},{"not_picked":["Combust","Iron Wave"],"picked":"Flex","floor":4.0},{"not_picked":["Infernal Blade","Thunderclap"],"picked":"Pommel Strike","floor":7.0},{"not_picked":["Feel No Pain","Searing Blow"],"picked":"Body Slam","floor":8.0},{"not_picked":["Sentinel","Corruption"],"picked":"Body Slam","floor":10.0},{"not_picked":["Pummel","Havoc"],"picked":"Power Through","floor":12.0},{"not_picked":["Blood for Blood","Perfected Strike"],"picked":"Seeing Red","floor":14.0},{"not_picked":["Fiend Fire","Offering"],"picked":"Bludgeon","floor":16}],"player_experience":1122122,"relics_obtained":[{"floor":7.0,"key":"Odd Mushroom"},{"floor":9.0,"key":"Darkstone Periapt"},{"floor":14.0,"key":"Thread and Needle"}],"event_choices":[{"damage_healed":0.0,"max_hp_gain":0.0,"max_hp_loss":0.0,"gold_gain":0.0,"event_name":"Big Fish","player_choice":"Box","floor":2.0,"gold_loss":0.0,"damage_taken":0.0,"relics_obtained":["MawBank"],"cards_obtained":["Regret"]},{"damage_healed":0.0,"max_hp_gain":0.0,"max_hp_loss":0.0,"gold_gain":0.0,"event_name":"Shining Light","player_choice":"Entered Light","floor":3.0,"gold_loss":0.0,"damage_taken":16.0,"cards_upgraded":["Strike_R","Strike_R"]},{"cards_removed":["Regret"],"damage_healed":0.0,"max_hp_gain":0.0,"max_hp_loss":0.0,"gold_gain":0.0,"event_name":"Golden Wing","player_choice":"Card Removal","floor":5.0,"gold_loss":0.0,"damage_taken":7.0},{"damage_healed":0.0,"max_hp_gain":0.0,"max_hp_loss":0.0,"gold_gain":0.0,"event_name":"Mushrooms","player_choice":"Fought Mushrooms","floor":7.0,"gold_loss":0.0,"damage_taken":0.0}],"is_beta":false,"boss_relics":[{"not_picked":["Snecko Eye","Orrery"],"picked":"Philosopher\u0027s Stone"}],"items_purged_floors":[],"is_endless":false,"potions_floor_spawned":[4,7,10,14],"ascension_level":10}