{"gold_per_floor":[112,112,132,35,46,46,46,66,93,93,110,110,110,110,110,110],"floor_reached":16,"playtime":755,"items_purged":[],"score":90,"play_id":"dc51c250-4052-4074-a940-36e09d5c1fe9","local_time":"20190802113752","is_ascension_mode":false,"campfire_choices":[{"data":"Impervious","floor":6,"key":"SMITH"},{"data":"Anger","floor":12,"key":"SMITH"},{"data":"Warcry","floor":15,"key":"SMITH"}],"neow_cost":"NONE","seed_source_timestamp":38856472465983,"circlet_count":0,"master_deck":["Strike_R","Strike_R","Strike_R","Strike_R","Strike_R","Defend_R","Defend_R","Defend_R","Defend_R","Impervious+1","Body Slam","PanicButton","Body Slam","Anger+1","Warcry+1"],"relics":["Burning Blood","Torii","Centennial Puzzle","Juzu Bracelet"],"potions_floor_usage":[16],"damage_taken":[{"damage":2,"enemies":"2 Louse","floor":1,"turns":4},{"damage":1,"enemies":"Jaw Worm","floor":3,"turns":3},{"damage":0,"enemies":"Small Slimes","floor":5,"turns":2},{"damage":0,"enemies":"2 Fungi Beasts","floor":8,"turns":2},{"damage":0,"enemies":"Blue Slaver","floor":11,"turns":2},{"damage":72,"enemies":"The Guardian","floor":16,"turns":8}],"seed_played":"5666783892630298061","potions_obtained":[{"floor":1,"key":"SteroidPotion"},{"floor":5,"key":"Ancient Potion"},{"floor":8,"key":"Ancient Potion"}],"is_trial":false,"path_per_floor":["M","?","M","$","M","R","T","M","T","?","M","R","?","?","R","B"],"character_chosen":"IRONCLAD","items_purchased":["PanicButton"],"campfire_rested":0,"item_purchase_floors":[4],"current_hp_per_floor":[80,85,85,85,85,85,85,85,85,85,85,85,78,71,71,0],"gold":110,"neow_bonus":"ONE_RANDOM_RARE_CARD","is_prod":false,"is_daily":false,"chose_seed":false,"campfire_upgraded":3,"win_rate":0.0,"timestamp":1564738672,"path_taken":["M","?","M","$","M","R","?","M","T","?","M","R","?","?","R","BOSS"],"build_version":"2019-07-17","purchased_purges":0,"victory":false,"max_hp_per_floor":[80,85,85,85,85,85,85,85,85,85,85,85,85,85,85,85],"card_choices":[{"not_picked":["Shockwave","Perfected Strike"],"picked":"Body Slam","floor":1},{"not_picked":["Thunderclap","Disarm","Dual Wield"],"picked":"SKIP","floor":3},{"not_picked":["Dual Wield","Anger"],"picked":"Body Slam","floor":5},{"not_picked":["Seeing Red","Iron Wave"],"picked":"Anger","floor":8},{"not_picked":["Limit Break","Clash"],"picked":"Warcry","floor":11}],"player_experience":8881,"relics_obtained":[{"floor":7,"key":"Torii"},{"floor":9,"key":"Centennial Puzzle"}],"event_choices":[{"damage_healed":0,"gold_gain":0,"player_choice":"Donut","damage_taken":0,"max_hp_gain":5,"max_hp_loss":0,"event_name":"Big Fish","floor":2,"gold_loss":0},{"damage_healed":0,"gold_gain":0,"player_choice":"Ignored","damage_taken":0,"max_hp_gain":0,"max_hp_loss":0,"event_name":"Liars Game","floor":10,"gold_loss":0},{"damage_healed":0,"gold_gain":0,"player_choice":"Success","damage_taken":7,"relics_obtained":["Juzu Bracelet"],"max_hp_gain":0,"max_hp_loss":0,"event_name":"Scrap Ooze","floor":13,"gold_loss":0},{"cards_removed":["Bash"],"damage_healed":0,"gold_gain":0,"player_choice":"Card Removal","damage_taken":7,"max_hp_gain":0,"max_hp_loss":0,"event_name":"Golden Wing","floor":14,"gold_loss":0}],"is_beta":false,"boss_relics":[],"items_purged_floors":[],"is_endless":false,"potions_floor_spawned":[1,5,8],"killed_by":"The Guardian","ascension_level":0}