{"gold_per_floor":[111,126,376,1,12,37,53,53,135,155,155,187,187,198,198,293,293,303,15,31,31,48,83,83,113,184,184,184],"floor_reached":28,"playtime":2031,"items_purged":[],"score":435,"play_id":"77dd39c0-8490-467c-b867-324df3598997","local_time":"20180726181708","is_ascension_mode":true,"campfire_choices":[{"data":"Zap","floor":8,"key":"SMITH"},{"data":"Dualcast","floor":11,"key":"SMITH"},{"data":"Hologram","floor":15,"key":"SMITH"},{"floor":24,"key":"REST"},{"data":"Double Energy","floor":27,"key":"SMITH"}],"neow_cost":"","seed_source_timestamp":443623055495454,"circlet_count":0,"master_deck":["Strike_B","Strike_B","Strike_B","Strike_B","Defend_B","Defend_B","Defend_B","Defend_B","Zap+1","Dualcast+1","Coolheaded","Cold Snap","Regret","Seek","Ball Lightning","Seek","Cold Snap","Cold Snap","Double Energy+1","Hologram+1","Ball Lightning","Meteor Strike","Echo Form","Ball Lightning+1","Ball Lightning+1","Leap+1","Self Repair+1","Pain"],"relics":["Cracked Core","DollysMirror","Dead Branch","Gremlin Horn","Oddly Smooth Stone","Cursed Key","Thread and Needle","Question Card","Ice Cream","Cables"],"potions_floor_usage":[12,28,28],"damage_taken":[{"damage":7,"enemies":"Small Slimes","floor":1,"turns":4},{"damage":2,"enemies":"Cultist","floor":2,"turns":5},{"damage":2,"enemies":"2 Louse","floor":5,"turns":2},{"damage":15,"enemies":"Lagavulin","floor":6,"turns":7},{"damage":5,"enemies":"Large Slime","floor":7,"turns":5},{"damage":5,"enemies":"Gremlin Gang","floor":10,"turns":4},{"damage":13,"enemies":"Gremlin Nob","floor":12,"turns":4},{"damage":18,"enemies":"Exordium Thugs","floor":14,"turns":3},{"damage":26,"enemies":"The Guardian","floor":16,"turns":12},{"damage":11,"enemies":"Chosen","floor":18,"turns":4},{"damage":16,"enemies":"2 Thieves","floor":20,"turns":3},{"damage":11,"enemies":"Cultist and Chosen","floor":22,"turns":5},{"damage":21,"enemies":"Book of Stabbing","floor":23,"turns":5},{"damage":3,"enemies":"Gremlin Leader","floor":25,"turns":8},{"damage":27,"enemies":"Chosen and Byrds","floor":28,"turns":6}],"seed_played":"4029506821543025010","potions_obtained":[{"floor":2,"key":"Ancient Potion"},{"floor":6,"key":"Ancient Potion"},{"floor":7,"key":"Regen Potion"},{"floor":14,"key":"SteroidPotion"},{"floor":25,"key":"GamblersBrew"}],"is_trial":false,"path_per_floor":["M","M","?","$","M","E","M","R","T","M","R","E","?","M","R","B",null,"M","$","M","?","M","E","R","E","T","R"],"character_chosen":"DEFECT","items_purchased":["Seek","Ball Lightning","DollysMirror","Thread and Needle"],"campfire_rested":1,"item_purchase_floors":[4,4,4,19],"current_hp_per_floor":[61,59,59,59,57,42,37,37,37,32,32,31,75,57,57,38,66,55,55,39,39,28,7,29,26,26,26,0],"gold":184,"neow_bonus":"","is_prod":false,"is_daily":false,"chose_seed":false,"campfire_upgraded":4,"win_rate":0,"timestamp":1532643428,"path_taken":["M","M","?","$","M","E","M","R","T","M","R","E","?","M","R","BOSS","M","$","M","?","M","E","R","E","T","R","M"],"build_version":"2018-07-19v2","purchased_purges":0,"victory":false,"max_hp_per_floor":[75,75,75,75,75,75,75,75,75,75,75,75,75,75,75,75,75,75,75,75,75,75,75,75,75,75,75,75],"card_choices":[{"not_picked":["Rebound","Go for the Eyes"],"picked":"Coolheaded","floor":1},{"not_picked":["Blizzard","Sweeping Beam"],"picked":"Cold Snap","floor":2},{"not_picked":["Barrage","Streamline"],"picked":"Cold Snap","floor":5},{"not_picked":["Leap","Multi-Cast"],"picked":"Cold Snap","floor":6},{"not_picked":["Rebound","Sweeping Beam"],"picked":"Double Energy","floor":7},{"not_picked":["Recycle","Storm"],"picked":"Hologram","floor":10},{"not_picked":["Conserve Battery","Hologram"],"picked":"Ball Lightning","floor":12},{"not_picked":["Steam","Rip and Tear"],"picked":"Meteor Strike","floor":14},{"not_picked":["Thunder Strike","Machine Learning"],"picked":"Echo Form","floor":16},{"not_picked":["Steam Power","Turbo"],"picked":"Ball Lightning+1","floor":18},{"not_picked":["Sweeping Beam","Rebound","Storm+1"],"picked":"SKIP","floor":20},{"not_picked":["Double Energy","Compile Driver"],"picked":"Ball Lightning+1","floor":22},{"not_picked":["Core Surge","Gash"],"picked":"Leap+1","floor":23},{"not_picked":["Force Field","Steam Power","Conserve Battery"],"picked":"Self Repair+1","floor":25}],"player_experience":343000,"relics_obtained":[{"floor":6,"key":"Dead Branch"},{"floor":9,"key":"Gremlin Horn"},{"floor":12,"key":"Oddly Smooth Stone"},{"floor":23,"key":"Question Card"},{"floor":25,"key":"Ice Cream"},{"floor":26,"key":"Cables"}],"event_choices":[{"event_name":"Golden Shrine","player_choice":"Desecrate","floor":3,"damage_taken":0},{"event_name":"Wheel of Change","player_choice":"Full Heal","floor":13,"damage_taken":0},{"event_name":"Drug Dealer","player_choice":"Ignored","floor":21,"damage_taken":0}],"is_beta":false,"boss_relics":[{"not_picked":["Fusion Hammer","Lizard Tail"],"picked":"Cursed Key"}],"items_purged_floors":[],"is_endless":false,"potions_floor_spawned":[2,6,7,14,25],"killed_by":"Chosen and Byrds","ascension_level":8}