{"gold_per_floor":[112,112,37,47,222,250,250,265,313,167,186,221,233,308,308,308],"floor_reached":16,"playtime":1048,"items_purged":["Doubt"],"score":154,"play_id":"d7a8e171-9b94-4f2d-98ad-734476ec7be6","local_time":"20180726214435","is_ascension_mode":true,"campfire_choices":[{"data":"Body Slam","floor":7,"key":"SMITH"},{"data":"True Grit","floor":15,"key":"SMITH"}],"neow_cost":"NONE","seed_source_timestamp":457061293948329,"circlet_count":0,"master_deck":["Strike_R","Strike_R","Strike_R","Strike_R","Defend_R","Defend_R","Defend_R","Defend_R","Bash","Juggernaut","Body Slam+1","Iron Wave","Warcry","Pommel Strike","Intimidate","Corruption","True Grit+1","Armaments","Cleave","True Grit","Shrug It Off","Offering","Clash"],"relics":["Burning Blood","Orichalcum","Omamori","Prayer Wheel"],"potions_floor_usage":[6,16],"damage_taken":[{"damage":4,"enemies":"2 Louse","floor":1,"turns":3},{"damage":7,"enemies":"Jaw Worm","floor":4,"turns":3},{"damage":24,"enemies":"3 Sentries","floor":6,"turns":9},{"damage":0,"enemies":"Small Slimes","floor":8,"turns":4},{"damage":1,"enemies":"Looter","floor":11,"turns":3},{"damage":25,"enemies":"Gremlin Nob","floor":12,"turns":6},{"damage":3,"enemies":"Red Slaver","floor":13,"turns":6},{"damage":39,"enemies":"Hexaghost","floor":16,"turns":10}],"seed_played":"8157257975426860355","potions_obtained":[{"floor":1,"key":"Poison Potion"},{"floor":13,"key":"AttackPotion"}],"is_trial":false,"path_per_floor":["M","?","$","M","?","E","R","M","T","$","M","E","M","?","R"],"character_chosen":"IRONCLAD","items_purchased":["Warcry","Pommel Strike","Armaments","Cleave"],"campfire_rested":0,"item_purchase_floors":[3,3,10,10],"current_hp_per_floor":[74,74,74,73,73,55,55,61,61,61,66,47,50,39,39,0],"gold":308,"neow_bonus":"ONE_RANDOM_RARE_CARD","is_prod":false,"is_daily":false,"chose_seed":false,"campfire_upgraded":2,"win_rate":0,"timestamp":1532655875,"path_taken":["M","?","$","M","?","E","R","M","T","$","M","E","?","?","R","BOSS"],"build_version":"2018-07-26","purchased_purges":1,"victory":false,"max_hp_per_floor":[80,80,80,80,80,80,80,80,80,80,80,80,80,80,80,80],"card_choices":[{"not_picked":["Feel No Pain","Thunderclap"],"picked":"Body Slam","floor":1},{"not_picked":["Anger","Wild Strike"],"picked":"Intimidate","floor":4},{"not_picked":["Brutality","Hemokinesis"],"picked":"Corruption","floor":6},{"not_picked":["Anger","Twin Strike"],"picked":"True Grit","floor":8},{"not_picked":["Sword Boomerang","Armaments"],"picked":"True Grit","floor":11},{"not_picked":["Battle Trance","Power Through"],"picked":"Shrug It Off","floor":12},{"not_picked":["Body Slam","Inflame"],"picked":"Offering","floor":13},{"not_picked":["Sever Soul","Twin Strike"],"picked":"Clash","floor":13}],"player_experience":346359,"relics_obtained":[{"floor":6,"key":"Orichalcum"},{"floor":9,"key":"Omamori"},{"floor":12,"key":"Prayer Wheel"}],"event_choices":[{"event_name":"Living Wall","player_choice":"Change","floor":2,"damage_taken":0},{"event_name":"Liars Game","player_choice":"agreed","floor":5,"damage_taken":0},{"event_name":"World of Goop","player_choice":"Gather Gold","floor":14,"damage_taken":0}],"is_beta":false,"boss_relics":[],"items_purged_floors":[10],"is_endless":false,"potions_floor_spawned":[1,13],"killed_by":"Hexaghost","ascension_level":8}