{"gold_per_floor":[110,110,31,31,31,64,9,9,91,134,134,155,178,219,219,312,312,328,359,459,475,500,500,519,519,545,575,260,260,73,38,38,137,137,160,176,226,326,394,394,777,807,807,833,783,783,801,413,413,413,413,413,413,17,43,43],"floor_reached":57,"playtime":2400,"items_purged":["Strike_B","Strike_B","Strike_B"],"score":2877,"play_id":"dfafaaa4-b6c7-4f5f-b43a-97c6821d1e13","local_time":"20190523004930","is_ascension_mode":true,"campfire_choices":[{"data":"Zap","floor":8.0,"key":"SMITH"},{"data":"Dualcast","floor":15.0,"key":"SMITH"},{"floor":23.0,"key":"REST"},{"floor":25.0,"key":"REST"},{"floor":29.0,"key":"REST"},{"floor":32.0,"key":"RECALL"},{"floor":40.0,"key":"REST"},{"floor":46.0,"key":"REST"},{"floor":49.0,"key":"REST"},{"floor":53.0,"key":"REST"}],"neow_cost":"NONE","seed_source_timestamp":1069051994661534,"circlet_count":0,"master_deck":["AscendersBane","Strike_B","Defend_B","Defend_B","Defend_B","Defend_B","Zap+1","Dualcast+1","Melter","Undo+1","Coolheaded+1","Genetic Algorithm+1","Turbo+1","Cold Snap","Hologram+1","Echo Form+1","Coolheaded+1","Tempest+1","Consume+1","BootSequence+1","Skim+1","Purity+1","Loop+1","Defragment+1","Electrodynamics+1","Chaos+1","Redo+1","White Noise+1","Coolheaded+1","Seek+1","Coolheaded+1","Loop+1","Capacitor+1","Blizzard","Thunder Strike"],"special_seed":0,"relics":["Cracked Core","NeowsBlessing","Toxic Egg 2","PreservedInsect","Frozen Egg 2","SsserpentHead","Sundial","Runic Pyramid","MawBank","Anchor","Orrery","Juzu Bracelet","Omamori","Happy Flower","Bag of Preparation","Ancient Tea Set","OrangePellets"],"potions_floor_usage":[56,56],"damage_taken":[{"damage":0.0,"enemies":"Cultist","floor":1.0,"turns":1.0},{"damage":0.0,"enemies":"3 Sentries","floor":6.0,"turns":1.0},{"damage":0.0,"enemies":"Lagavulin","floor":10.0,"turns":1.0},{"damage":5.0,"enemies":"Jaw Worm","floor":12.0,"turns":4.0},{"damage":0.0,"enemies":"2 Louse","floor":13.0,"turns":1.0},{"damage":28.0,"enemies":"Gremlin Nob","floor":14.0,"turns":4.0},{"damage":30.0,"enemies":"Slime Boss","floor":16.0,"turns":12.0},{"damage":0.0,"enemies":"Chosen","floor":18.0,"turns":7.0},{"damage":20.0,"enemies":"2 Thieves","floor":19.0,"turns":4.0},{"damage":12.0,"enemies":"Snecko","floor":21.0,"turns":12.0},{"damage":12.0,"enemies":"3 Cultists","floor":22.0,"turns":5.0},{"damage":2.0,"enemies":"Centurion and Healer","floor":24.0,"turns":5.0},{"damage":3.0,"enemies":"Snake Plant","floor":27.0,"turns":5.0},{"damage":21.0,"enemies":"Automaton","floor":33.0,"turns":12.0},{"damage":2.0,"enemies":"Orb Walker","floor":35.0,"turns":4.0},{"damage":0.0,"enemies":"3 Shapes","floor":36.0,"turns":3.0},{"damage":8.0,"enemies":"3 Darklings","floor":39.0,"turns":3.0},{"damage":29.0,"enemies":"Reptomancer","floor":42.0,"turns":4.0},{"damage":0.0,"enemies":"Nemesis","floor":44.0,"turns":7.0},{"damage":14.0,"enemies":"Writhing Mass","floor":47.0,"turns":6.0},{"damage":6.0,"enemies":"Awakened One","floor":50.0,"turns":9.0},{"damage":32.0,"enemies":"Donu and Deca","floor":51.0,"turns":9.0},{"damage":7.0,"enemies":"Shield and Spear","floor":55.0,"turns":7.0},{"damage":43,"enemies":"The Heart","floor":56,"turns":12}],"seed_played":"8667376567627123983","potions_obtained":[{"floor":6.0,"key":"Strength Potion"},{"floor":13.0,"key":"FocusPotion"},{"floor":14.0,"key":"FocusPotion"},{"floor":16.0,"key":"Explosive Potion"},{"floor":18.0,"key":"FocusPotion"},{"floor":24.0,"key":"FocusPotion"},{"floor":27.0,"key":"Poison Potion"},{"floor":33.0,"key":"FocusPotion"}],"is_trial":false,"path_per_floor":["M","T","$","?","$","E","$","R","T","E","?","M","M","E","R","B",null,"M","M","?","M","M","R","M","R","T","M","$","R","$","?","R","B",null,"M","M","?","?","M","R","?","E","T","E","?","R","M","$","R","B","B",null,"R","$","E","B",null],"character_chosen":"DEFECT","items_purchased":["Melter","Coolheaded+1","Skim+1","Purity+1","Loop+1","Defragment+1","Loop+1","Ancient Tea Set","Capacitor+1","OrangePellets","Blizzard"],"campfire_rested":7,"item_purchase_floors":[3,7,28,28,28,30,48,48,54,54,54],"current_hp_per_floor":[64,64,64,64,64,64,64,64,64,64,64,59,59,31,31,1,48,48,28,28,16,4,23,21,40,40,37,37,56,56,56,56,35,57,55,55,55,55,47,64,64,35,35,35,35,54,40,40,59,53,21,53,64,64,57,14],"gold":43,"neow_bonus":"THREE_ENEMY_KILL","is_prod":false,"is_daily":false,"chose_seed":false,"campfire_upgraded":2,"win_rate":0,"timestamp":1558543770,"path_taken":["M","?","$","?","$","E","?","R","T","E","?","M","M","E","R","BOSS","M","?","?","M","M","R","M","R","T","M","$","R","$","?","R","BOSS","M","M","?","?","?","R","?","E","T","E","?","R","M","$","R","BOSS","BOSS","R","$","E","BOSS"],"build_version":"2019-01-23","purchased_purges":3,"victory":true,"max_hp_per_floor":[71,71,71,64,64,64,64,64,64,64,64,64,64,64,64,64,64,64,64,64,64,64,64,64,64,64,64,64,64,64,64,64,64,64,64,64,64,64,64,64,64,64,64,64,64,64,64,64,64,64,64,64,64,64,64,64],"card_choices":[{"not_picked":["Stack","Streamline","Gash"],"picked":"SKIP","floor":1.0},{"not_picked":["Storm","Force Field+1"],"picked":"Undo+1","floor":6.0},{"not_picked":["Static Discharge","Hologram+1"],"picked":"Genetic Algorithm+1","floor":10.0},{"not_picked":["Ball Lightning","Sunder"],"picked":"Turbo+1","floor":12.0},{"not_picked":["Gash","Beam Cell"],"picked":"Cold Snap","floor":13.0},{"not_picked":["Rebound","Melter"],"picked":"Hologram+1","floor":14.0},{"not_picked":["Buffer+1","All For One"],"picked":"Echo Form+1","floor":16.0},{"not_picked":["Reprogram+1","Melter"],"picked":"Coolheaded+1","floor":18.0},{"not_picked":["Sweeping Beam","Hello World+1","Beam Cell"],"picked":"SKIP","floor":19.0},{"not_picked":["Barrage+1","Storm+1"],"picked":"Tempest+1","floor":21.0},{"not_picked":["Conserve Battery+1","Steam+1"],"picked":"Consume+1","floor":22.0},{"not_picked":["Steam+1","Beam Cell+1","Static Discharge+1"],"picked":"SKIP","floor":24.0},{"not_picked":["Cold Snap","Go for the Eyes"],"picked":"BootSequence+1","floor":27.0},{"not_picked":["Buffer+1","Seek+1"],"picked":"Electrodynamics+1","floor":33.0},{"not_picked":["Coolheaded+1","Ball Lightning"],"picked":"Chaos+1","floor":34.0},{"not_picked":["Hello World+1","Stack+1"],"picked":"Redo+1","floor":34.0},{"not_picked":["Stack+1","Gash"],"picked":"White Noise+1","floor":35.0},{"not_picked":["Redo+1","Hyperbeam","Sweeping Beam"],"picked":"SKIP","floor":36.0},{"not_picked":["Sweeping Beam","Go for the Eyes"],"picked":"Coolheaded+1","floor":39.0},{"not_picked":["Go for the Eyes","Lockon+1"],"picked":"Seek+1","floor":42.0},{"not_picked":["Melter","Beam Cell"],"picked":"Coolheaded+1","floor":44.0},{"not_picked":["Gash","BootSequence+1","Tempest+1"],"picked":"SKIP","floor":47.0},{"not_picked":["Ball Lightning","Sunder"],"picked":"Thunder Strike","floor":55.0}],"player_experience":1739339,"relics_obtained":[{"floor":2.0,"key":"Toxic Egg 2"},{"floor":6.0,"key":"PreservedInsect"},{"floor":10.0,"key":"Frozen Egg 2"},{"floor":14.0,"key":"Sundial"},{"floor":26.0,"key":"MawBank"},{"floor":42.0,"key":"Juzu Bracelet"},{"floor":43.0,"key":"Omamori"},{"floor":44.0,"key":"Happy Flower"}],"event_choices":[{"damage_healed":0.0,"max_hp_gain":0.0,"max_hp_loss":7.0,"gold_gain":0.0,"event_name":"Golden Idol","player_choice":"Lose Max HP","floor":4.0,"gold_loss":0.0,"damage_taken":0.0,"relics_obtained":["Golden Idol"]},{"damage_healed":0.0,"max_hp_gain":0.0,"max_hp_loss":0.0,"gold_gain":0.0,"event_name":"FaceTrader","player_choice":"Trade","floor":11.0,"gold_loss":0.0,"damage_taken":0.0,"relics_obtained":["SsserpentHead"]},{"damage_healed":0.0,"max_hp_gain":0.0,"max_hp_loss":0.0,"gold_gain":50.0,"event_name":"Nest","player_choice":"Stole From Cult","floor":20.0,"gold_loss":0.0,"damage_taken":0.0},{"damage_healed":0.0,"max_hp_gain":0.0,"max_hp_loss":0.0,"gold_gain":0.0,"event_name":"Addict","player_choice":"Obtained Relic","floor":31.0,"gold_loss":85.0,"damage_taken":0.0,"relics_obtained":["Anchor"]},{"damage_healed":0.0,"max_hp_gain":0.0,"max_hp_loss":0.0,"gold_gain":0.0,"event_name":"Tomb of Lord Red Mask","player_choice":"Ignored","floor":37.0,"gold_loss":0.0,"damage_taken":0.0},{"damage_healed":0.0,"max_hp_gain":0.0,"max_hp_loss":0.0,"gold_gain":50.0,"event_name":"Golden Shrine","player_choice":"Pray","floor":38.0,"gold_loss":0.0,"damage_taken":0.0},{"damage_healed":0.0,"max_hp_gain":0.0,"max_hp_loss":0.0,"gold_gain":333.0,"event_name":"The Moai Head","player_choice":"Gave Idol","floor":41.0,"relics_lost":["Golden Idol"],"gold_loss":0.0,"damage_taken":0.0},{"damage_healed":0.0,"max_hp_gain":0.0,"max_hp_loss":0.0,"gold_gain":0.0,"event_name":"WeMeetAgain","player_choice":"Paid Gold","floor":45.0,"gold_loss":100.0,"damage_taken":0.0,"relics_obtained":["Bag of Preparation"]}],"is_beta":false,"boss_relics":[{"not_picked":["White Beast Statue","Fusion Hammer"],"picked":"Runic Pyramid"},{"not_picked":["Runic Dome","Calling Bell"],"picked":"Orrery"}],"items_purged_floors":[28,30,48],"is_endless":false,"potions_floor_spawned":[6,13,14,16,18,24,27,33,35,44],"ascension_level":20}