{"gold_per_floor":[114,189,114,28,38,67,67,122,196,210,210,210,224,239,239,310,310,322,341,341,341,354,354,193,210,210,41,41],"floor_reached":28,"playtime":549,"items_purged":["Defend_B"],"score":486,"play_id":"a2965d63-f715-44f4-8452-1b01f10f2154","local_time":"20190524171111","is_ascension_mode":true,"campfire_choices":[{"data":"Sunder","floor":7.0,"key":"SMITH"},{"data":"Chaos","floor":12.0,"key":"SMITH"},{"data":"Dualcast","floor":15.0,"key":"SMITH"},{"data":"Consume","floor":23.0,"key":"SMITH"}],"neow_cost":"NONE","seed_source_timestamp":55019194705003,"circlet_count":0,"master_deck":["AscendersBane","Defend_B","Defend_B","Zap","Dualcast+1","Hologram","Sunder+1","Turbo","Coolheaded","Chaos+1","Ball Lightning","Seek","Turbo+1","Self Repair+1","Doom and Gloom+1","Tempest","Consume+1","Loop","Heatsinks","Echo Form"],"special_seed":0,"relics":["Cracked Core","NeowsBlessing","Meat on the Bone","Dodecahedron","Cables","Astrolabe"],"potions_floor_usage":[28,28],"damage_taken":[{"damage":0.0,"enemies":"Small Slimes","floor":1.0,"turns":1.0},{"damage":0.0,"enemies":"2 Louse","floor":5.0,"turns":1.0},{"damage":0.0,"enemies":"Gremlin Nob","floor":6.0,"turns":1.0},{"damage":14.0,"enemies":"Gremlin Nob","floor":8.0,"turns":3.0},{"damage":9.0,"enemies":"Jaw Worm","floor":10.0,"turns":2.0},{"damage":8.0,"enemies":"Blue Slaver","floor":13.0,"turns":2.0},{"damage":2.0,"enemies":"Looter","floor":14.0,"turns":3.0},{"damage":32.0,"enemies":"Hexaghost","floor":16.0,"turns":6.0},{"damage":10.0,"enemies":"Spheric Guardian","floor":18.0,"turns":4.0},{"damage":10.0,"enemies":"3 Byrds","floor":19.0,"turns":3.0},{"damage":36.0,"enemies":"Cultist and Chosen","floor":22.0,"turns":7.0},{"damage":16.0,"enemies":"Centurion and Healer","floor":25.0,"turns":3.0},{"damage":49,"enemies":"Gremlin Leader","floor":28,"turns":4}],"seed_played":"6504082437656317835","potions_obtained":[{"floor":6.0,"key":"PowerPotion"},{"floor":13.0,"key":"EntropicBrew"},{"floor":22.0,"key":"Poison Potion"}],"is_trial":false,"path_per_floor":["M","?","?","$","M","E","R","?","T","M","?","R","M","M","R","B",null,"M","M","?","?","M","R","$","M","T","$","E"],"character_chosen":"DEFECT","items_purchased":["Sunder","Loop","Echo Form"],"campfire_rested":0,"item_purchase_floors":[4,24,27],"current_hp_per_floor":[64,53,53,53,53,53,53,39,39,42,42,42,46,44,44,24,59,59,49,49,49,35,35,35,31,31,31,0],"gold":41,"neow_bonus":"THREE_ENEMY_KILL","is_prod":false,"is_daily":false,"chose_seed":false,"campfire_upgraded":4,"win_rate":0,"timestamp":1558689071,"path_taken":["M","?","?","$","M","E","R","?","T","M","?","R","?","M","R","BOSS","M","M","?","?","M","R","$","M","T","$","E"],"build_version":"2019-01-23","purchased_purges":1,"victory":false,"max_hp_per_floor":[71,71,71,71,71,71,71,71,71,71,71,71,71,71,71,71,71,71,71,71,71,71,71,71,71,71,71,71],"card_choices":[{"not_picked":["Rebound","Redo"],"picked":"Hologram","floor":1.0},{"not_picked":["Stack","Gash","Hello World"],"picked":"SKIP","floor":5.0},{"not_picked":["Thunder Strike","Barrage"],"picked":"Turbo","floor":6.0},{"not_picked":["Go for the Eyes","White Noise"],"picked":"Coolheaded","floor":8.0},{"not_picked":["Leap","Auto Shields"],"picked":"Chaos","floor":10.0},{"not_picked":["Leap","Scrape"],"picked":"Ball Lightning","floor":13.0},{"not_picked":["Stack","Aggregate","Hologram"],"picked":"SKIP","floor":14.0},{"not_picked":["Buffer","Reboot"],"picked":"Seek","floor":16.0},{"not_picked":["Go for the Eyes","Darkness"],"picked":"Tempest","floor":18.0},{"not_picked":["Gash","Barrage+1","Hologram"],"picked":"SKIP","floor":19.0},{"not_picked":["Redo","Go for the Eyes"],"picked":"Consume","floor":22.0},{"not_picked":["Storm","Beam Cell"],"picked":"Heatsinks","floor":25.0}],"player_experience":1757178,"relics_obtained":[{"floor":6.0,"key":"Meat on the Bone"},{"floor":9.0,"key":"Cables"}],"event_choices":[{"damage_healed":0.0,"max_hp_gain":0.0,"max_hp_loss":0.0,"gold_gain":75.0,"event_name":"World of Goop","player_choice":"Gather Gold","floor":2.0,"gold_loss":0.0,"damage_taken":11.0},{"cards_removed":["Strike_B"],"damage_healed":0.0,"max_hp_gain":0.0,"max_hp_loss":0.0,"gold_gain":0.0,"event_name":"The Cleric","player_choice":"Card Removal","floor":3.0,"gold_loss":75.0,"damage_taken":0.0},{"damage_healed":0.0,"max_hp_gain":0.0,"max_hp_loss":0.0,"gold_gain":0.0,"event_name":"Dead Adventurer","player_choice":"Searched \u00272\u0027 times","floor":8.0,"gold_loss":0.0,"damage_taken":0.0,"relics_obtained":["Dodecahedron"]},{"damage_healed":0.0,"max_hp_gain":0.0,"max_hp_loss":0.0,"gold_gain":0.0,"event_name":"Liars Game","player_choice":"Ignored","floor":11.0,"gold_loss":0.0,"damage_taken":0.0},{"damage_healed":0.0,"max_hp_gain":0.0,"max_hp_loss":0.0,"gold_gain":0.0,"event_name":"Vampires","player_choice":"Ignored","floor":20.0,"gold_loss":0.0,"damage_taken":0.0},{"cards_removed":["Defend_B"],"damage_healed":0.0,"max_hp_gain":0.0,"max_hp_loss":0.0,"gold_gain":0.0,"event_name":"Back to Basics","player_choice":"Elegance","floor":21.0,"gold_loss":0.0,"damage_taken":0.0}],"is_beta":false,"boss_relics":[{"not_picked":["Velvet Choker","Orrery"],"picked":"Astrolabe"}],"items_purged_floors":[24],"is_endless":false,"potions_floor_spawned":[6,13,14,22,25],"killed_by":"Gremlin Leader","ascension_level":20}