{"gold_per_floor":[111,127,302,332,352,352,126,139,139,151,151,151,165,184,184,288,288,304,320,320,420,437,437,450,450,450,464,27,42,58,76,76,172,172,185,204,204],"floor_reached":37,"playtime":2533,"items_purged":["Doubt"],"score":554,"play_id":"eb540564-54b7-403a-8cbe-a7e260309549","local_time":"20190801185419","is_ascension_mode":true,"campfire_choices":[{"data":"Heavy Blade","floor":6.0,"key":"SMITH"},{"data":"Heavy Blade","floor":11.0,"key":"SMITH"},{"floor":15.0,"key":"REST"},{"data":"Barricade","floor":23.0,"key":"SMITH"},{"data":"Inflame","floor":25.0,"key":"SMITH"},{"floor":32.0,"key":"REST"}],"neow_cost":"NONE","seed_source_timestamp":713995174662552,"circlet_count":0,"master_deck":["AscendersBane","Strike_R","Strike_R","Strike_R","Strike_R","Defend_R","Defend_R","Defend_R","Defend_R","Impervious","Heavy Blade+1","Inflame","Regret","Whirlwind","Infernal Blade","Heavy Blade+1","Seeing Red","Inflame+1","Barricade+1","Inflame","Reckless Charge","Shockwave","Rage","Disarm","Corruption","Feel No Pain","Impervious","Shrug It Off","Power Through+1","Body Slam+1"],"special_seed":0,"relics":["Burning Blood","Tiny Chest","Blood Vial","Meat on the Bone","Philosopher\u0027s Stone","Shovel","Mummified Hand","Vajra","Orrery"],"potions_floor_usage":[33,33,37],"damage_taken":[{"damage":2.0,"enemies":"Small Slimes","floor":1.0,"turns":4.0},{"damage":8.0,"enemies":"2 Louse","floor":2.0,"turns":3.0},{"damage":0.0,"enemies":"Cultist","floor":5.0,"turns":2.0},{"damage":19.0,"enemies":"Gremlin Gang","floor":8.0,"turns":5.0},{"damage":11.0,"enemies":"Looter","floor":10.0,"turns":2.0},{"damage":14.0,"enemies":"Blue Slaver","floor":13.0,"turns":4.0},{"damage":18.0,"enemies":"Red Slaver","floor":14.0,"turns":3.0},{"damage":53.0,"enemies":"Hexaghost","floor":16.0,"turns":6.0},{"damage":8.0,"enemies":"Spheric Guardian","floor":18.0,"turns":3.0},{"damage":9.0,"enemies":"3 Byrds","floor":19.0,"turns":3.0},{"damage":45.0,"enemies":"Centurion and Healer","floor":22.0,"turns":4.0},{"damage":8.0,"enemies":"Snecko","floor":24.0,"turns":4.0},{"damage":31.0,"enemies":"Snake Plant","floor":27.0,"turns":6.0},{"damage":30.0,"enemies":"Centurion and Healer","floor":29.0,"turns":5.0},{"damage":28.0,"enemies":"Sentry and Sphere","floor":30.0,"turns":4.0},{"damage":13.0,"enemies":"3 Cultists","floor":31.0,"turns":5.0},{"damage":41,"enemies":"Automaton","floor":33,"turns":7},{"damage":33,"enemies":"Orb Walker","floor":35,"turns":5},{"damage":21,"enemies":"3 Shapes","floor":36,"turns":4},{"damage":57,"enemies":"2 Orb Walkers","floor":37,"turns":6}],"seed_played":"-5117872012621896420","potions_obtained":[{"floor":2.0,"key":"FearPotion"},{"floor":10.0,"key":"Fire Potion"},{"floor":12.0,"key":"EntropicBrew"},{"floor":16.0,"key":"GamblersBrew"},{"floor":19.0,"key":"Block Potion"},{"floor":24.0,"key":"Strength Potion"},{"floor":27.0,"key":"SpeedPotion"}],"is_trial":false,"path_per_floor":["M","M","?","?","M","R","$","M","T","M","R","?","M","M","R","B",null,"M","M","?","?","M","R","M","R","T","M","$","M","M","M","R","B",null,"M","M","?"],"character_chosen":"IRONCLAD","items_purchased":["Blood Vial","Mummified Hand","Vajra","Strength Potion"],"campfire_rested":2,"item_purchase_floors":[7,28,28,28],"current_hp_per_floor":[76,74,74,74,80,80,80,67,67,64,64,64,58,48,72,39,70,70,69,69,69,44,44,56,56,56,45,45,35,27,34,58,37,69,56,55,0],"gold":204,"neow_bonus":"ONE_RANDOM_RARE_CARD","is_prod":false,"is_daily":false,"chose_seed":false,"campfire_upgraded":4,"win_rate":0,"timestamp":1564700059,"path_taken":["M","M","?","?","M","R","$","M","T","M","R","?","?","M","R","BOSS","M","?","?","?","M","R","?","R","T","M","$","M","M","?","R","BOSS","M","M","?"],"build_version":"2019-07-17","purchased_purges":1,"victory":false,"max_hp_per_floor":[80,80,80,80,80,80,80,80,80,80,80,80,80,80,80,80,80,80,80,80,80,80,80,80,80,80,80,80,80,80,80,80,80,80,80,80,80],"card_choices":[{"not_picked":["Fire Breathing","Warcry"],"picked":"Heavy Blade","floor":1.0},{"not_picked":["Perfected Strike","Cleave"],"picked":"Inflame","floor":2.0},{"not_picked":["Havoc","Pommel Strike"],"picked":"Whirlwind","floor":5.0},{"not_picked":["Twin Strike","Thunderclap"],"picked":"Infernal Blade","floor":8.0},{"not_picked":["Battle Trance","Warcry"],"picked":"Heavy Blade","floor":10.0},{"not_picked":["Anger","Second Wind"],"picked":"Seeing Red","floor":13.0},{"not_picked":["Clothesline","Power Through"],"picked":"Inflame","floor":14.0},{"not_picked":["Reaper","Double Tap"],"picked":"Barricade","floor":16.0},{"not_picked":["Infernal Blade","Heavy Blade","Burning Pact"],"picked":"SKIP","floor":18.0},{"not_picked":["Perfected Strike","Heavy Blade+1"],"picked":"Inflame","floor":19.0},{"not_picked":["Shockwave","True Grit"],"picked":"Rage","floor":22.0},{"not_picked":["Rupture","True Grit+1","Headbutt"],"picked":"SKIP","floor":24.0},{"not_picked":["Sever Soul","Evolve","Reckless Charge"],"picked":"SKIP","floor":27.0},{"not_picked":["Perfected Strike+1","Blood for Blood+1"],"picked":"Disarm","floor":29.0},{"not_picked":["Clash","Intimidate"],"picked":"Corruption","floor":30.0},{"not_picked":["Clothesline","Shockwave"],"picked":"Feel No Pain","floor":31.0},{"not_picked":["Exhume","Immolate"],"picked":"Impervious","floor":33},{"not_picked":["Havoc","Uppercut+1"],"picked":"Shrug It Off","floor":34},{"not_picked":["Iron Wave","Second Wind+1"],"picked":"Power Through+1","floor":35},{"not_picked":["Ghostly Armor","Uppercut"],"picked":"Body Slam+1","floor":36}],"player_experience":1117489,"relics_obtained":[{"floor":9.0,"key":"Meat on the Bone"},{"floor":26.0,"key":"Shovel"}],"event_choices":[{"damage_healed":0.0,"max_hp_gain":0.0,"max_hp_loss":0.0,"gold_gain":175.0,"event_name":"Liars Game","player_choice":"AGREE","floor":3.0,"gold_loss":0.0,"damage_taken":0.0,"cards_obtained":["Doubt"]},{"damage_healed":0.0,"max_hp_gain":0.0,"max_hp_loss":0.0,"gold_gain":0.0,"event_name":"Big Fish","player_choice":"Box","floor":4.0,"gold_loss":0.0,"damage_taken":0.0,"relics_obtained":["Tiny Chest"],"cards_obtained":["Regret"]},{"damage_healed":0.0,"max_hp_gain":0.0,"max_hp_loss":0.0,"gold_gain":0.0,"event_name":"Lab","player_choice":"Got Potions","floor":12.0,"gold_loss":0.0,"damage_taken":0.0},{"damage_healed":0.0,"max_hp_gain":0.0,"max_hp_loss":0.0,"gold_gain":0.0,"cards_transformed":["Strike_R","Bash"],"event_name":"Drug Dealer","player_choice":"Became Test Subject","floor":20.0,"gold_loss":0.0,"damage_taken":0.0,"cards_obtained":["Reckless Charge","Shockwave"]},{"damage_healed":0.0,"max_hp_gain":0.0,"max_hp_loss":0.0,"gold_gain":100.0,"event_name":"Golden Shrine","player_choice":"Pray","floor":21.0,"gold_loss":0.0,"damage_taken":0.0},{"damage_healed":0,"gold_gain":0,"player_choice":"Fight","damage_taken":0,"max_hp_gain":0,"max_hp_loss":0,"event_name":"Mysterious Sphere","floor":37,"gold_loss":0}],"is_beta":false,"boss_relics":[{"not_picked":["Busted Crown","Black Star"],"picked":"Philosopher\u0027s Stone"},{"not_picked":["Snecko Eye","Fusion Hammer"],"picked":"Orrery"}],"items_purged_floors":[7],"is_endless":false,"potions_floor_spawned":[2,10,16,19,24,27],"killed_by":"2 Orb Walkers","ascension_level":10}