{"gold_per_floor":[11,11,11,32,32,32,53,53,76,101,101,131,40,60,60,153,153,153,2,18,31,31,72,93,93,93,93,93,93,113,134,134,227,227,241,255,270,170,188,188,224,224,224,240,240,255,130,130,130,130,130,130,130,49,93,93],"floor_reached":56,"playtime":2886,"items_purged":["Bash","Defend_R","Defend_R"],"score":1978,"play_id":"8c4dfd7b-5771-4cc7-aa41-cf7698213a35","local_time":"20190528153659","is_ascension_mode":true,"campfire_choices":[{"data":"Armaments","floor":6.0,"key":"SMITH"},{"data":"Pommel Strike","floor":8.0,"key":"SMITH"},{"floor":15.0,"key":"REST"},{"data":"Dark Embrace","floor":25.0,"key":"SMITH"},{"data":"Offering","floor":28.0,"key":"SMITH"},{"data":"Body Slam","floor":32.0,"key":"SMITH"},{"floor":40.0,"key":"REST"},{"data":"Barricade","floor":42.0,"key":"SMITH"},{"floor":45.0,"key":"REST"},{"floor":49.0,"key":"RECALL"},{"data":"Battle Trance","floor":53.0,"key":"SMITH"}],"neow_cost":"NO_GOLD","seed_source_timestamp":245424612113509,"circlet_count":0,"master_deck":["AscendersBane","Defend_R","Pommel Strike+1","Armaments+1","Power Through","Dark Embrace+1","Evolve","True Grit","Body Slam+1","Offering+1","Shrug It Off+1","Shockwave+1","Intimidate+1","Feel No Pain","Disarm","Battle Trance+1","Barricade+1","Burning Pact","Sever Soul+1"],"special_seed":0,"relics":["Burning Blood","Golden Idol","Champion Belt","Omamori","Art of War","Astrolabe","Letter Opener","Molten Egg 2","Enchiridion","Lizard Tail","Ginger","Bronze Scales"],"potions_floor_usage":[],"damage_taken":[{"damage":4.0,"enemies":"2 Louse","floor":1.0,"turns":3.0},{"damage":3.0,"enemies":"Small Slimes","floor":4.0,"turns":3.0},{"damage":0.0,"enemies":"Cultist","floor":7.0,"turns":4.0},{"damage":21.0,"enemies":"Exordium Thugs","floor":10.0,"turns":6.0},{"damage":12.0,"enemies":"Large Slime","floor":14.0,"turns":6.0},{"damage":25.0,"enemies":"Slime Boss","floor":16.0,"turns":14.0},{"damage":0.0,"enemies":"2 Thieves","floor":18.0,"turns":1.0},{"damage":6.0,"enemies":"Shell Parasite","floor":20.0,"turns":6.0},{"damage":9.0,"enemies":"Sentry and Sphere","floor":21.0,"turns":8.0},{"damage":6.0,"enemies":"Gremlin Leader","floor":23.0,"turns":5.0},{"damage":15.0,"enemies":"Centurion and Healer","floor":24.0,"turns":6.0},{"damage":9.0,"enemies":"Snecko","floor":30.0,"turns":5.0},{"damage":12.0,"enemies":"3 Cultists","floor":31.0,"turns":7.0},{"damage":6.0,"enemies":"Champ","floor":33.0,"turns":9.0},{"damage":12.0,"enemies":"Orb Walker","floor":35.0,"turns":4.0},{"damage":11.0,"enemies":"3 Shapes","floor":36.0,"turns":5.0},{"damage":9.0,"enemies":"Spire Growth","floor":37.0,"turns":9.0},{"damage":42.0,"enemies":"Jaw Worm Horde","floor":39.0,"turns":5.0},{"damage":6.0,"enemies":"Nemesis","floor":41.0,"turns":11.0},{"damage":22.0,"enemies":"3 Darklings","floor":44.0,"turns":6.0},{"damage":6.0,"enemies":"Writhing Mass","floor":46.0,"turns":8.0},{"damage":62.0,"enemies":"Awakened One","floor":50.0,"turns":8.0},{"damage":16.0,"enemies":"Time Eater","floor":51.0,"turns":6.0},{"damage":59.0,"enemies":"Shield and Spear","floor":55.0,"turns":7.0},{"damage":34,"enemies":"The Heart","floor":56,"turns":6}],"seed_played":"-2215583202345988714","potions_obtained":[{"floor":14.0,"key":"SmokeBomb"},{"floor":20.0,"key":"PowerPotion"},{"floor":31.0,"key":"Swift Potion"},{"floor":33.0,"key":"EntropicBrew"},{"floor":37.0,"key":"Energy Potion"},{"floor":41.0,"key":"Swift Potion"},{"floor":44.0,"key":"Dexterity Potion"}],"is_trial":false,"path_per_floor":["M","?","$","M","?","R","M","R","T","M","?","?","$","M","R","B",null,"M","$","M","M","?","E","M","R","T","?","R","$","M","M","R","B",null,"M","M","M","$","M","R","E","R","T","M","R","M","$","?","R","B","B",null,"R","$","E","B"],"character_chosen":"IRONCLAD","items_purchased":["Evolve","True Grit","Feel No Pain","Regen Potion"],"campfire_rested":3,"item_purchase_floors":[13,13,19,54],"current_hp_per_floor":[70,44,44,47,29,29,35,35,35,20,20,20,20,14,36,17,61,67,67,67,64,64,64,55,55,55,34,34,34,31,25,25,25,63,57,52,49,49,13,35,35,35,35,19,41,41,41,75,75,19,9,59,59,59,21,35],"gold":93,"neow_bonus":"REMOVE_TWO","is_prod":false,"is_daily":false,"chose_seed":false,"campfire_upgraded":7,"win_rate":0,"timestamp":1559029019,"path_taken":["M","?","$","M","?","R","M","R","T","M","?","?","?","M","R","BOSS","M","$","M","?","?","E","M","R","T","?","R","?","M","M","R","BOSS","M","?","M","$","?","R","E","R","T","M","R","M","?","?","R","BOSS","BOSS","R","$","E","BOSS"],"build_version":"2019-01-23","purchased_purges":3,"victory":false,"max_hp_per_floor":[75,75,75,75,75,75,75,75,75,75,75,75,75,75,75,75,75,75,75,75,75,75,75,75,75,75,75,75,75,75,75,75,75,75,75,75,75,75,75,75,75,75,75,75,75,75,75,75,75,75,75,75,75,75,75,75],"card_choices":[{"not_picked":["Shrug It Off","Hemokinesis"],"picked":"Pommel Strike","floor":1.0},{"not_picked":["Warcry","Hemokinesis"],"picked":"Armaments","floor":4.0},{"not_picked":["Wild Strike","Thunderclap","Armaments"],"picked":"SKIP","floor":7.0},{"not_picked":["Warcry","True Grit"],"picked":"Power Through","floor":10.0},{"not_picked":["Pommel Strike","Sever Soul"],"picked":"Body Slam","floor":14.0},{"not_picked":["Dark Embrace","Limit Break"],"picked":"Offering","floor":16.0},{"not_picked":["Carnage","Combust","Headbutt+1"],"picked":"SKIP","floor":20.0},{"not_picked":["Body Slam","True Grit","Cleave"],"picked":"SKIP","floor":21.0},{"not_picked":["Blood for Blood","Corruption","Dual Wield"],"picked":"SKIP","floor":23.0},{"not_picked":["Combust+1","Metallicize","Body Slam+1"],"picked":"SKIP","floor":24.0},{"not_picked":["Armaments","Anger+1"],"picked":"Disarm","floor":30.0},{"not_picked":["Thunderclap+1","Havoc"],"picked":"Battle Trance","floor":31.0},{"not_picked":["Bludgeon+1","Double Tap"],"picked":"Barricade","floor":33.0},{"not_picked":["Cleave+1","Corruption","Hemokinesis+1"],"picked":"SKIP","floor":35.0},{"not_picked":["True Grit","Anger+1","Reckless Charge+1"],"picked":"SKIP","floor":36.0},{"not_picked":["True Grit","Anger+1","Reckless Charge+1"],"picked":"SKIP","floor":36.0},{"not_picked":["Clothesline+1","Dropkick+1","Wild Strike+1"],"picked":"SKIP","floor":37.0},{"not_picked":["Cleave+1","Iron Wave+1","True Grit"],"picked":"SKIP","floor":39.0},{"not_picked":["Feel No Pain","Hemokinesis+1"],"picked":"Burning Pact","floor":41.0},{"not_picked":["Intimidate","Clothesline+1"],"picked":"Sever Soul+1","floor":44.0},{"not_picked":["Shrug It Off","Clash+1","Twin Strike+1"],"picked":"SKIP","floor":46.0},{"not_picked":["Body Slam+1","Blood for Blood+1","Armaments+1"],"picked":"SKIP","floor":55.0}],"player_experience":1786178,"relics_obtained":[{"floor":9.0,"key":"Omamori"},{"floor":23.0,"key":"Letter Opener"},{"floor":26.0,"key":"Molten Egg 2"},{"floor":27.0,"key":"Enchiridion"},{"floor":41.0,"key":"Ginger"},{"floor":55.0,"key":"Bronze Scales"}],"event_choices":[{"damage_healed":0.0,"max_hp_gain":0.0,"max_hp_loss":0.0,"gold_gain":0.0,"event_name":"Golden Idol","player_choice":"Take Damage","floor":2.0,"gold_loss":0.0,"damage_taken":26.0,"relics_obtained":["Golden Idol"]},{"damage_healed":0.0,"max_hp_gain":0.0,"max_hp_loss":0.0,"gold_gain":0.0,"event_name":"Scrap Ooze","player_choice":"Success","floor":5.0,"gold_loss":0.0,"damage_taken":18.0,"relics_obtained":["Champion Belt"]},{"damage_healed":0.0,"max_hp_gain":0.0,"max_hp_loss":0.0,"gold_gain":0.0,"cards_transformed":["Strike_R"],"event_name":"Living Wall","player_choice":"Change","floor":11.0,"gold_loss":0.0,"damage_taken":0.0,"cards_obtained":["Dark Embrace"]},{"damage_healed":0.0,"max_hp_gain":0.0,"max_hp_loss":0.0,"gold_gain":30.0,"event_name":"Dead Adventurer","player_choice":"Searched \u00272\u0027 times","floor":12.0,"gold_loss":0.0,"damage_taken":0.0,"relics_obtained":["Art of War"]},{"damage_healed":0.0,"max_hp_gain":0.0,"max_hp_loss":0.0,"gold_gain":0.0,"event_name":"Vampires","player_choice":"Ignored","floor":22.0,"gold_loss":0.0,"damage_taken":0.0},{"damage_healed":0.0,"max_hp_gain":0.0,"max_hp_loss":0.0,"gold_gain":0.0,"event_name":"Cursed Tome","player_choice":"Obtained Book","floor":27.0,"gold_loss":0.0,"damage_taken":21.0},{"damage_healed":34.0,"max_hp_gain":0.0,"max_hp_loss":0.0,"gold_gain":0.0,"event_name":"MindBloom","player_choice":"Heal","floor":48.0,"gold_loss":0.0,"damage_taken":0.0,"cards_obtained":["Doubt"]}],"is_beta":false,"boss_relics":[{"not_picked":["Runic Cube","Sozu"],"picked":"Astrolabe"},{"not_picked":["Snecko Eye","Orrery"],"picked":"Lizard Tail"}],"items_purged_floors":[19,38,47],"is_endless":false,"potions_floor_spawned":[14,18,20,31,33,37,41,44],"killed_by":"The Heart","ascension_level":20}