{"gold_per_floor":[118,118,130,205,218,218,246,246,246,246,246,266,281,281,281,281],"floor_reached":16,"playtime":442,"items_purged":[],"score":130,"play_id":"9cd55ea7-4e99-48f2-92b1-75c6bd4b9513","local_time":"20190528002937","is_ascension_mode":true,"campfire_choices":[{"data":"Searing Blow","floor":6,"key":"SMITH"},{"data":"Searing Blow+1","floor":8,"key":"SMITH"},{"data":"Searing Blow+2","floor":11,"key":"SMITH"},{"floor":15,"key":"REST"}],"neow_cost":"NONE","seed_source_timestamp":138385426961336,"circlet_count":0,"master_deck":["Strike_R","Strike_R","Strike_R+1","Strike_R","Defend_R","Defend_R","Defend_R","Bash+1","Searing Blow+3","Cleave","Armaments"],"relics":["Burning Blood","Gremlin Horn","Letter Opener","Mummified Hand"],"potions_floor_usage":[7,13],"damage_taken":[{"damage":6,"enemies":"Cultist","floor":1,"turns":4},{"damage":3,"enemies":"2 Louse","floor":3,"turns":2},{"damage":0,"enemies":"Small Slimes","floor":5,"turns":2},{"damage":40,"enemies":"Lagavulin","floor":7,"turns":4},{"damage":1,"enemies":"Exordium Thugs","floor":12,"turns":3},{"damage":3,"enemies":"Exordium Wildlife","floor":13,"turns":3},{"damage":54,"enemies":"The Guardian","floor":16,"turns":9}],"seed_played":"1125981913898391011","potions_obtained":[{"floor":1,"key":"SpeedPotion"},{"floor":5,"key":"Energy Potion"}],"is_trial":false,"path_per_floor":["M","?","M","?","M","R","E","R","T","?","R","M","M","T","R","B"],"character_chosen":"IRONCLAD","items_purchased":[],"campfire_rested":1,"item_purchase_floors":[],"current_hp_per_floor":[72,56,59,48,54,54,20,20,20,20,20,25,28,28,52,0],"gold":281,"neow_bonus":"TRANSFORM_CARD","is_prod":false,"is_daily":false,"chose_seed":false,"campfire_upgraded":3,"win_rate":0,"timestamp":1559017777,"path_taken":["M","?","M","?","M","R","E","R","T","?","R","M","?","?","R","BOSS"],"build_version":"2019-01-23","purchased_purges":0,"victory":false,"max_hp_per_floor":[80,80,80,80,80,80,80,80,80,80,80,80,80,80,80,80],"card_choices":[{"not_picked":["Evolve","Anger"],"picked":"Cleave","floor":1},{"not_picked":["True Grit","Cleave","Anger"],"picked":"SKIP","floor":3},{"not_picked":["Twin Strike","Heavy Blade","Shrug It Off"],"picked":"SKIP","floor":5},{"not_picked":["Spot Weakness","Rage"],"picked":"Armaments","floor":7},{"not_picked":["Sword Boomerang","Heavy Blade","Rampage"],"picked":"SKIP","floor":12},{"not_picked":["Cleave","Heavy Blade","Limit Break"],"picked":"SKIP","floor":13}],"player_experience":1030497,"relics_obtained":[{"floor":7,"key":"Gremlin Horn"},{"floor":9,"key":"Letter Opener"},{"floor":14,"key":"Mummified Hand"}],"event_choices":[{"damage_healed":0,"gold_gain":0,"player_choice":"Entered Light","damage_taken":16,"max_hp_gain":0,"max_hp_loss":0,"event_name":"Shining Light","floor":2,"gold_loss":0,"cards_upgraded":["Strike_R","Bash"]},{"damage_healed":0,"gold_gain":75,"player_choice":"Gather Gold","damage_taken":11,"max_hp_gain":0,"max_hp_loss":0,"event_name":"World of Goop","floor":4,"gold_loss":0},{"cards_removed":["Strike_R"],"damage_healed":0,"gold_gain":0,"player_choice":"Purged","damage_taken":0,"max_hp_gain":0,"max_hp_loss":0,"event_name":"Purifier","floor":10,"gold_loss":0}],"is_beta":false,"boss_relics":[],"items_purged_floors":[],"is_endless":false,"potions_floor_spawned":[1,5],"killed_by":"The Guardian","ascension_level":6}