{"gold_per_floor":[110,35,35,35,45,45,74,74,97,125,125,125,139,151,151,229,229,240,253,253,303,321,321,341,341,341,366,366,396,20,34,34,112,112,122,122,139,139,151,183,234,266,266,266,282,282,51,273,273,273,273,273,273,19,54,54],"floor_reached":57,"playtime":2013,"items_purged":["Twin Strike","Pommel Strike","Thunderclap","Blood for Blood+1"],"score":2847,"play_id":"adc1d91c-b824-414f-8997-5b2484ac41a2","local_time":"20190516152943","is_ascension_mode":true,"campfire_choices":[{"data":"Uppercut","floor":6.0,"key":"SMITH"},{"floor":12.0,"key":"REST"},{"data":"Seeing Red","floor":15.0,"key":"SMITH"},{"floor":23.0,"key":"REST"},{"data":"Feed","floor":25.0,"key":"SMITH"},{"floor":28.0,"key":"REST"},{"data":"Demon Form","floor":32.0,"key":"SMITH"},{"floor":46.0,"key":"REST"},{"floor":49.0,"key":"RECALL"},{"data":"Power Through","floor":53.0,"key":"SMITH"}],"neow_cost":"NONE","seed_source_timestamp":517384043431540,"circlet_count":0,"master_deck":["AscendersBane","Demon Form+1","Pommel Strike","Shrug It Off","Seeing Red+1","Feed+1","Second Wind","Whirlwind+1","Offering","Rage+1","Inflame+1","Body Slam+1","Impatience","Finesse","Sword Boomerang+1","Battle Trance+1","Shockwave+1","Power Through+1","Writhe"],"special_seed":0,"relics":["Pandora\u0027s Box","Centennial Puzzle","Vajra","The Courier","Sozu","Letter Opener","Red Mask","Ornamental Fan","Lee\u0027s Waffle","Lantern","Astrolabe","Turnip","Ice Cream","Bronze Scales","Bag of Preparation","Bag of Marbles","Blood Vial"],"potions_floor_usage":[],"damage_taken":[{"damage":6.0,"enemies":"2 Louse","floor":1.0,"turns":2.0},{"damage":5.0,"enemies":"Jaw Worm","floor":5.0,"turns":5.0},{"damage":26.0,"enemies":"Gremlin Nob","floor":7.0,"turns":4.0},{"damage":32.0,"enemies":"3 Sentries","floor":10.0,"turns":6.0},{"damage":0.0,"enemies":"Cultist","floor":13.0,"turns":2.0},{"damage":4.0,"enemies":"Lots of Slimes","floor":14.0,"turns":3.0},{"damage":29.0,"enemies":"Slime Boss","floor":16.0,"turns":6.0},{"damage":30.0,"enemies":"Shell Parasite","floor":18.0,"turns":4.0},{"damage":4.0,"enemies":"Chosen","floor":19.0,"turns":3.0},{"damage":26.0,"enemies":"Shelled Parasite and Fungi","floor":22.0,"turns":6.0},{"damage":4.0,"enemies":"Cultist and Chosen","floor":24.0,"turns":5.0},{"damage":8.0,"enemies":"Masked Bandits","floor":27.0,"turns":3.0},{"damage":21.0,"enemies":"Slavers","floor":29.0,"turns":7.0},{"damage":18.0,"enemies":"Snake Plant","floor":31.0,"turns":3.0},{"damage":47.0,"enemies":"Automaton","floor":33.0,"turns":8.0},{"damage":24.0,"enemies":"3 Shapes","floor":35.0,"turns":3.0},{"damage":6.0,"enemies":"Orb Walker","floor":37.0,"turns":3.0},{"damage":6.0,"enemies":"Transient","floor":39.0,"turns":6.0},{"damage":21.0,"enemies":"Nemesis","floor":40.0,"turns":3.0},{"damage":11.0,"enemies":"2 Orb Walkers","floor":41.0,"turns":4.0},{"damage":9.0,"enemies":"Reptomancer","floor":42.0,"turns":3.0},{"damage":6.0,"enemies":"3 Darklings","floor":45.0,"turns":2.0},{"damage":24.0,"enemies":"Donu and Deca","floor":50.0,"turns":6.0},{"damage":30.0,"enemies":"Awakened One","floor":51.0,"turns":7.0},{"damage":6.0,"enemies":"Shield and Spear","floor":55.0,"turns":4.0},{"damage":75,"enemies":"The Heart","floor":56,"turns":8}],"seed_played":"8423927264486900265","potions_obtained":[{"floor":1.0,"key":"SteroidPotion"},{"floor":5.0,"key":"AttackPotion"},{"floor":13.0,"key":"Strength Potion"}],"is_trial":false,"path_per_floor":["M","$","?","?","M","R","E","$","T","E","?","R","M","M","R","B",null,"M","M","?","?","M","R","M","R","T","?","R","E","$","M","R","B",null,"M","?","M","?","M","E","?","E","T","?","M","R","$","?","R","B","B",null,"R","$","E","B",null],"character_chosen":"IRONCLAD","items_purchased":["Lee\u0027s Waffle","Lantern","Bag of Preparation","Bag of Marbles"],"campfire_rested":4,"item_purchase_floors":[30,30,47,54],"current_hp_per_floor":[62,62,62,75,70,70,44,44,44,12,12,34,34,30,30,1,57,30,29,29,29,6,31,30,30,30,26,53,36,102,84,84,41,90,70,70,68,63,57,36,25,16,16,39,33,67,67,67,67,47,21,97,97,97,91,18],"gold":54,"neow_bonus":"BOSS_RELIC","is_prod":false,"is_daily":false,"chose_seed":false,"campfire_upgraded":5,"win_rate":0,"timestamp":1557991783,"path_taken":["M","$","?","?","?","R","E","?","T","E","?","R","?","M","R","BOSS","M","?","?","?","M","R","M","R","T","?","R","E","?","M","R","BOSS","M","?","M","?","M","E","?","E","T","?","?","R","$","?","R","BOSS","BOSS","R","$","E","BOSS"],"build_version":"2019-01-23","purchased_purges":4,"victory":true,"max_hp_per_floor":[75,75,75,75,75,75,75,75,75,75,75,75,75,75,75,75,75,78,81,81,81,84,84,87,87,87,91,91,95,102,102,102,106,106,110,110,114,114,114,114,114,114,114,114,114,114,114,114,114,118,122,122,122,122,122,122],"card_choices":[{"not_picked":["Pommel Strike","Anger"],"picked":"Flame Barrier","floor":1.0},{"not_picked":["Thunderclap","Warcry"],"picked":"Shrug It Off","floor":5.0},{"not_picked":["Shrug It Off","Reckless Charge","Havoc"],"picked":"SKIP","floor":7.0},{"not_picked":["Hemokinesis","Perfected Strike"],"picked":"Seeing Red","floor":10.0},{"not_picked":["Sword Boomerang","Rage","Wild Strike"],"picked":"SKIP","floor":13.0},{"not_picked":["Wild Strike","Sword Boomerang","Headbutt"],"picked":"SKIP","floor":14.0},{"not_picked":["Juggernaut","Limit Break"],"picked":"Feed","floor":16.0},{"not_picked":["Infernal Blade","Dual Wield"],"picked":"Second Wind","floor":18.0},{"not_picked":["Hemokinesis","Clash+1","True Grit"],"picked":"SKIP","floor":19.0},{"not_picked":["Flex","Body Slam","Pummel"],"picked":"SKIP","floor":22.0},{"not_picked":["Rupture","Cleave","Body Slam"],"picked":"SKIP","floor":24.0},{"not_picked":["Headbutt","Uppercut","Warcry"],"picked":"SKIP","floor":29.0},{"not_picked":["Battle Trance+1","Flex"],"picked":"Whirlwind+1","floor":31.0},{"not_picked":["Fiend Fire","Brutality"],"picked":"Offering","floor":33.0},{"not_picked":["Cleave","Armaments"],"picked":"Body Slam+1","floor":35.0},{"not_picked":["Pommel Strike","Sentinel+1","Flex+1"],"picked":"SKIP","floor":37.0},{"not_picked":["Purity","Violence"],"picked":"Impatience","floor":38.0},{"not_picked":["Good Instincts","Purity"],"picked":"Finesse","floor":38.0},{"not_picked":["Rampage","True Grit"],"picked":"Sword Boomerang+1","floor":39.0},{"not_picked":["Pommel Strike","Wild Strike"],"picked":"Battle Trance+1","floor":40.0},{"not_picked":["Iron Wave","Heavy Blade+1"],"picked":"Shockwave+1","floor":41.0},{"not_picked":["Entrench","Reckless Charge"],"picked":"Power Through","floor":42.0},{"not_picked":["Second Wind+1","Cleave","Pommel Strike"],"picked":"SKIP","floor":45.0},{"not_picked":["Wild Strike+1","Fiend Fire","Anger+1"],"picked":"SKIP","floor":55.0}],"player_experience":1704789,"relics_obtained":[{"floor":7.0,"key":"Centennial Puzzle"},{"floor":9.0,"key":"Vajra"},{"floor":10.0,"key":"The Courier"},{"floor":26.0,"key":"Letter Opener"},{"floor":27.0,"key":"Red Mask"},{"floor":29.0,"key":"Ornamental Fan"},{"floor":40.0,"key":"Turnip"},{"floor":41.0,"key":"Ice Cream"},{"floor":42.0,"key":"Bronze Scales"},{"floor":55.0,"key":"Blood Vial"}],"event_choices":[{"damage_healed":0.0,"max_hp_gain":0.0,"max_hp_loss":0.0,"gold_gain":0.0,"event_name":"The Cleric","player_choice":"Leave","floor":3.0,"gold_loss":0.0,"damage_taken":0.0},{"cards_removed":["Fire Breathing"],"damage_healed":13.0,"max_hp_gain":0.0,"max_hp_loss":0.0,"gold_gain":0.0,"event_name":"Bonfire Elementals","player_choice":"Offered Uncommon","floor":4.0,"gold_loss":0.0,"damage_taken":0.0},{"cards_removed":["Bash"],"damage_healed":0.0,"max_hp_gain":0.0,"max_hp_loss":0.0,"gold_gain":0.0,"event_name":"Purifier","player_choice":"Purged","floor":11.0,"gold_loss":0.0,"damage_taken":0.0},{"damage_healed":0.0,"max_hp_gain":0.0,"max_hp_loss":0.0,"gold_gain":0.0,"event_name":"The Mausoleum","player_choice":"Ignored","floor":20.0,"gold_loss":0.0,"damage_taken":0.0},{"damage_healed":0.0,"max_hp_gain":0.0,"max_hp_loss":0.0,"gold_gain":50.0,"event_name":"Nest","player_choice":"Stole From Cult","floor":21.0,"gold_loss":0.0,"damage_taken":0.0},{"damage_healed":0.0,"max_hp_gain":0.0,"max_hp_loss":0.0,"gold_gain":0.0,"event_name":"Masked Bandits","player_choice":"Fought Bandits","floor":27.0,"gold_loss":0.0,"damage_taken":0.0},{"cards_removed":["Uppercut"],"damage_healed":0.0,"max_hp_gain":0.0,"max_hp_loss":0.0,"gold_gain":0.0,"event_name":"Falling","player_choice":"Removed Attack","floor":36.0,"gold_loss":0.0,"damage_taken":0.0},{"damage_healed":0.0,"max_hp_gain":0.0,"max_hp_loss":0.0,"gold_gain":0.0,"event_name":"SensoryStone","player_choice":"Memory 2","floor":38.0,"gold_loss":0.0,"damage_taken":5.0},{"damage_healed":0.0,"max_hp_gain":0.0,"max_hp_loss":0.0,"gold_gain":0.0,"event_name":"Mysterious Sphere","player_choice":"Fight","floor":41.0,"gold_loss":0.0,"damage_taken":0.0},{"damage_healed":23.0,"max_hp_gain":0.0,"max_hp_loss":0.0,"gold_gain":0.0,"event_name":"Winding Halls","player_choice":"Writhe","floor":44.0,"gold_loss":0.0,"damage_taken":0.0,"cards_obtained":["Writhe"]},{"damage_healed":0.0,"max_hp_gain":0.0,"max_hp_loss":0.0,"gold_gain":222.0,"event_name":"Tomb of Lord Red Mask","player_choice":"Wore Mask","floor":48.0,"gold_loss":0.0,"damage_taken":0.0}],"is_beta":false,"boss_relics":[{"not_picked":["Runic Cube","Eternal Feather"],"picked":"Sozu"},{"not_picked":["Tiny House","Philosopher\u0027s Stone"],"picked":"Astrolabe"}],"items_purged_floors":[2,30,47,54],"is_endless":false,"potions_floor_spawned":[1,5,13,18,19,24,29,33,39,42],"ascension_level":20}