{"gold_per_floor":[111,124,124,139,155,155,155,155,155,155],"floor_reached":10,"playtime":265,"items_purged":[],"score":93,"play_id":"72371726-c415-4b02-a124-45e3aea019c3","local_time":"20190717175659","is_ascension_mode":true,"campfire_choices":[{"data":"Well Laid Plans","floor":6,"key":"SMITH"},{"data":"Neutralize","floor":8,"key":"SMITH"}],"neow_cost":"PERCENT_DAMAGE","seed_source_timestamp":179487865174816,"circlet_count":0,"master_deck":["AscendersBane","Strike_G","Strike_G","Strike_G","Strike_G","Defend_G","Defend_G","Defend_G","Defend_G","Defend_G","Survivor","Neutralize+1","Doppelganger","Bane","Quick Slash","Well Laid Plans+1","Accuracy"],"relics":["Ring of the Snake","Toxic Egg 2","Ancient Tea Set"],"potions_floor_usage":[],"damage_taken":[{"damage":0,"enemies":"Cultist","floor":1,"turns":6},{"damage":3,"enemies":"Small Slimes","floor":2,"turns":5},{"damage":9,"enemies":"Jaw Worm","floor":4,"turns":5},{"damage":22,"enemies":"Lots of Slimes","floor":5,"turns":5},{"damage":0,"enemies":"3 Sentries","floor":10,"turns":1}],"seed_played":"-3313581670811945181","potions_obtained":[{"floor":2,"key":"Strength Potion"}],"is_trial":false,"path_per_floor":["M","M","T","M","M","R","?","R","T","E"],"character_chosen":"THE_SILENT","items_purchased":[],"campfire_rested":0,"item_purchase_floors":[],"current_hp_per_floor":[45,42,42,33,11,11,11,11,11,11],"gold":155,"neow_bonus":"THREE_RARE_CARDS","is_prod":false,"is_daily":false,"chose_seed":false,"campfire_upgraded":2,"win_rate":0,"timestamp":1563353819,"path_taken":["M","M","?","M","M","R","?","R","T","E"],"build_version":"2019-07-05","purchased_purges":0,"victory":false,"max_hp_per_floor":[70,70,70,70,70,70,70,70,70,70],"card_choices":[{"not_picked":["Envenom","Burst"],"picked":"Doppelganger","floor":0},{"not_picked":["Cloak And Dagger","Predator"],"picked":"Bane","floor":1},{"not_picked":["Sucker Punch","Reflex"],"picked":"Quick Slash","floor":2},{"not_picked":["Dagger Spray","Slice"],"picked":"Well Laid Plans","floor":4},{"not_picked":["Sucker Punch","Bane","Blade Dance+1"],"picked":"SKIP","floor":5}],"player_experience":241726,"relics_obtained":[{"floor":3,"key":"Toxic Egg 2"},{"floor":9,"key":"Ancient Tea Set"}],"event_choices":[{"damage_healed":0,"gold_gain":0,"cards_transformed":["Strike_G"],"player_choice":"Transformed","damage_taken":0,"max_hp_gain":0,"max_hp_loss":0,"event_name":"Transmorgrifier","floor":7,"gold_loss":0,"cards_obtained":["Accuracy"]}],"is_beta":false,"boss_relics":[],"items_purged_floors":[],"is_endless":false,"potions_floor_spawned":[2],"killed_by":"3 Sentries","ascension_level":12}