{"gold_per_floor":[117,131,131,145,25,60,73,85,85,85,85,85,35,35,35,137,137,150,150,168,27,27,27,39,39,39,52,52,52,72,90,90,90],"floor_reached":33,"playtime":2744,"items_purged":["Strike_B","Defend_B"],"score":247,"play_id":"b5dffbd4-942c-4a00-a390-64cdc2ea8d91","local_time":"20190803224519","is_ascension_mode":false,"campfire_choices":[{"floor":10,"key":"REST"},{"data":"Defragment","floor":12,"key":"SMITH"},{"data":"Zap","floor":15,"key":"SMITH"},{"data":"Electrodynamics","floor":23,"key":"SMITH"},{"floor":25,"key":"RECALL"},{"data":"Glacier","floor":28,"key":"SMITH"},{"floor":32,"key":"REST"}],"neow_cost":"NONE","seed_source_timestamp":163318098694000,"circlet_count":0,"master_deck":["Strike_B","Strike_B","Defend_B","Defend_B","Zap+1","Dualcast","Glacier+1","Defragment+1","Gash","Reinforced Body","Genetic Algorithm","Go for the Eyes","Electrodynamics+1","BootSequence","Steam Power+1","Scrape","Glacier","Recycle+1","Shame","Reprogram"],"relics":["Cracked Core","NeowsBlessing","Happy Flower","Philosopher\u0027s Stone","Lantern","Vajra","Matryoshka"],"potions_floor_usage":[33],"damage_taken":[{"damage":0,"enemies":"Cultist","floor":1,"turns":1},{"damage":0,"enemies":"Small Slimes","floor":2,"turns":1},{"damage":0,"enemies":"Jaw Worm","floor":4,"turns":1},{"damage":36,"enemies":"Gremlin Nob","floor":6,"turns":6},{"damage":2,"enemies":"3 Louse","floor":7,"turns":6},{"damage":1,"enemies":"Looter","floor":8,"turns":5},{"damage":30,"enemies":"Hexaghost","floor":16,"turns":18},{"damage":14,"enemies":"Shell Parasite","floor":18,"turns":5},{"damage":5,"enemies":"3 Byrds","floor":20,"turns":3},{"damage":0,"enemies":"Cultist and Chosen","floor":24,"turns":4},{"damage":0,"enemies":"3 Cultists","floor":27,"turns":3},{"damage":0,"enemies":"Shelled Parasite and Fungi","floor":30,"turns":8},{"damage":9,"enemies":"Snake Plant","floor":31,"turns":3},{"damage":92,"enemies":"Automaton","floor":33,"turns":12}],"seed_played":"5739072780911736226","potions_obtained":[{"floor":2,"key":"SteroidPotion"},{"floor":7,"key":"Swift Potion"},{"floor":8,"key":"PowerPotion"},{"floor":24,"key":"Fire Potion"}],"is_trial":false,"path_per_floor":["M","M","?","M","$","E","M","M","T","R","?","R","?","$","R","B",null,"M","?","M","$","?","R","M","R","T","M","R","?","M","M","R","B"],"character_chosen":"DEFECT","items_purchased":["Gash","Scrape"],"campfire_rested":2,"item_purchase_floors":[5,21],"current_hp_per_floor":[75,75,75,75,75,39,37,36,36,58,58,58,58,58,58,28,75,61,61,56,56,56,56,56,56,56,56,56,56,56,47,69,0],"gold":90,"neow_bonus":"THREE_ENEMY_KILL","is_prod":false,"is_daily":false,"chose_seed":false,"campfire_upgraded":4,"win_rate":0,"timestamp":1564865119,"path_taken":["M","?","?","M","$","E","M","M","T","R","?","R","?","?","R","BOSS","M","?","M","$","?","R","M","R","T","M","R","?","?","M","R","BOSS"],"build_version":"2019-07-17","purchased_purges":2,"victory":false,"max_hp_per_floor":[75,75,75,75,75,75,75,75,75,75,75,75,75,75,75,75,75,75,75,75,75,75,75,75,75,75,75,75,75,75,75,75,75],"card_choices":[{"not_picked":["Streamline","Stack","Turbo"],"picked":"SKIP","floor":1},{"not_picked":["Creative AI","Conserve Battery"],"picked":"Glacier","floor":2},{"not_picked":["Conserve Battery","Undo"],"picked":"Defragment","floor":4},{"not_picked":["Rebound","Go for the Eyes"],"picked":"Reinforced Body","floor":6},{"not_picked":["Compile Driver","Tempest"],"picked":"Genetic Algorithm","floor":7},{"not_picked":["Reprogram","Auto Shields"],"picked":"Go for the Eyes","floor":8},{"not_picked":["Reboot","Creative AI"],"picked":"Electrodynamics","floor":16},{"not_picked":["Compile Driver+1","Stack"],"picked":"BootSequence","floor":18},{"not_picked":["Sunder","Coolheaded"],"picked":"Steam Power+1","floor":20},{"not_picked":["Beam Cell","Leap","Coolheaded"],"picked":"SKIP","floor":24},{"not_picked":["Compile Driver+1","Ball Lightning+1"],"picked":"Recycle+1","floor":27},{"not_picked":["Auto Shields","Steam","Ball Lightning"],"picked":"SKIP","floor":30},{"not_picked":["Ball Lightning","Steam"],"picked":"Reprogram","floor":31}],"player_experience":80785,"relics_obtained":[{"floor":6,"key":"Happy Flower"},{"floor":26,"key":"Vajra"}],"event_choices":[{"cards_removed":["Strike_B"],"damage_healed":0,"gold_gain":0,"player_choice":"Forget","damage_taken":0,"max_hp_gain":0,"max_hp_loss":0,"event_name":"Living Wall","floor":3,"gold_loss":0},{"damage_healed":0,"gold_gain":0,"player_choice":"Ignored","damage_taken":0,"max_hp_gain":0,"max_hp_loss":0,"event_name":"Golden Idol","floor":11,"gold_loss":0},{"cards_removed":["Defend_B"],"damage_healed":0,"gold_gain":0,"player_choice":"Card Removal","damage_taken":0,"max_hp_gain":0,"max_hp_loss":0,"event_name":"The Cleric","floor":13,"gold_loss":50},{"damage_healed":0,"gold_gain":0,"player_choice":"Opened","damage_taken":0,"relics_obtained":["Lantern"],"max_hp_gain":0,"max_hp_loss":0,"event_name":"The Mausoleum","floor":19,"gold_loss":0},{"damage_healed":0,"gold_gain":0,"player_choice":"Read","damage_taken":0,"max_hp_gain":0,"max_hp_loss":0,"event_name":"The Library","floor":22,"gold_loss":0,"cards_obtained":["Glacier"]},{"damage_healed":0,"gold_gain":0,"player_choice":"Stole Relic","damage_taken":0,"relics_obtained":["Matryoshka"],"max_hp_gain":0,"max_hp_loss":0,"event_name":"Addict","floor":29,"gold_loss":0,"cards_obtained":["Shame"]}],"is_beta":false,"boss_relics":[{"not_picked":["Coffee Dripper","Fusion Hammer"],"picked":"Philosopher\u0027s Stone"}],"items_purged_floors":[5,21],"is_endless":false,"potions_floor_spawned":[2,7,8,18,24,31],"killed_by":"Automaton","ascension_level":0}