{"gold_per_floor":[111,122,122,122,142,142,154,164,189,23,42,55,55,73,73,144,144,158,174,99,99,99,99,99,133,133,183,216,226,226],"floor_reached":30,"playtime":761,"items_purged":["Strike_B"],"score":524,"play_id":"5cc96563-17e3-4a94-849e-4accd4933e8d","local_time":"20190604030416","is_ascension_mode":true,"campfire_choices":[{"data":"Zap","floor":6.0,"key":"SMITH"},{"data":"Sunder","floor":13.0,"key":"SMITH"},{"data":"Dualcast","floor":15.0,"key":"SMITH"},{"floor":23.0,"key":"REST"}],"neow_cost":"NONE","seed_source_timestamp":127915753232734,"circlet_count":0,"master_deck":["AscendersBane","Defend_B","Defend_B","Dualcast+1","Cold Snap","Compile Driver","Meteor Strike","Defragment","Turbo","Sunder+1","Recycle","Defragment","BootSequence","Meteor Strike","Gash","Sweeping Beam","Reboot"],"special_seed":0,"relics":["Cracked Core","NeowsBlessing","Happy Flower","Anchor","Empty Cage","Mercury Hourglass","Art of War","Vajra"],"potions_floor_usage":[28],"damage_taken":[{"damage":0.0,"enemies":"Cultist","floor":1.0,"turns":1.0},{"damage":0.0,"enemies":"Jaw Worm","floor":2.0,"turns":1.0},{"damage":0.0,"enemies":"Small Slimes","floor":5.0,"turns":1.0},{"damage":14.0,"enemies":"Blue Slaver","floor":7.0,"turns":3.0},{"damage":0.0,"enemies":"2 Fungi Beasts","floor":8.0,"turns":3.0},{"damage":2.0,"enemies":"3 Louse","floor":11.0,"turns":2.0},{"damage":4.0,"enemies":"Looter","floor":12.0,"turns":3.0},{"damage":5.0,"enemies":"Gremlin Gang","floor":14.0,"turns":4.0},{"damage":38.0,"enemies":"The Guardian","floor":16.0,"turns":10.0},{"damage":0.0,"enemies":"Chosen","floor":18.0,"turns":3.0},{"damage":32.0,"enemies":"3 Byrds","floor":19.0,"turns":5.0},{"damage":2.0,"enemies":"Gremlin Leader","floor":25.0,"turns":7.0},{"damage":29,"enemies":"Slavers","floor":28,"turns":5},{"damage":0,"enemies":"Centurion and Healer","floor":29,"turns":7},{"damage":12,"enemies":"Sentry and Sphere","floor":30,"turns":2}],"seed_played":"8875849544943165862","potions_obtained":[{"floor":5.0,"key":"Poison Potion"},{"floor":8.0,"key":"Fire Potion"},{"floor":11.0,"key":"GamblersBrew"},{"floor":16.0,"key":"SneckoOil"},{"floor":19.0,"key":"Poison Potion"},{"floor":25.0,"key":"Fire Potion"},{"floor":28,"key":"LiquidBronze"}],"is_trial":false,"path_per_floor":["M","M","?","T","M","R","M","M","T","$","M","M","R","M","R","B",null,"M","M","?","?","?","R","?","E","T","?","E","M","M"],"character_chosen":"DEFECT","items_purchased":["Turbo","Sunder"],"campfire_rested":1,"item_purchase_floors":[10,10],"current_hp_per_floor":[64,64,64,64,64,64,50,50,50,50,48,44,44,39,39,1,54,54,22,22,22,22,43,43,41,41,41,12,12,0],"gold":226,"neow_bonus":"THREE_ENEMY_KILL","is_prod":false,"is_daily":false,"chose_seed":false,"campfire_upgraded":3,"win_rate":0,"timestamp":1559588656,"path_taken":["M","?","?","?","M","R","M","?","T","$","M","M","R","M","R","BOSS","M","M","?","?","?","R","?","E","T","?","E","?","?"],"build_version":"2019-01-23","purchased_purges":1,"victory":false,"max_hp_per_floor":[71,71,71,71,71,71,71,71,71,71,71,71,71,71,71,71,71,71,71,71,71,71,71,71,71,71,71,71,71,71],"card_choices":[{"not_picked":["Barrage","Stack","Auto Shields"],"picked":"SKIP","floor":1.0},{"not_picked":["Capacitor","Double Energy"],"picked":"Cold Snap","floor":2.0},{"not_picked":["Go for the Eyes","Gash"],"picked":"Compile Driver","floor":5.0},{"not_picked":["White Noise","Stack"],"picked":"Meteor Strike","floor":7.0},{"not_picked":["Compile Driver","Rebound"],"picked":"Defragment","floor":8.0},{"not_picked":["Sweeping Beam","Self Repair"],"picked":"Recycle","floor":11.0},{"not_picked":["Redo","Leap"],"picked":"Defragment","floor":12.0},{"not_picked":["Recycle","Redo"],"picked":"BootSequence","floor":14.0},{"not_picked":["Seek","Hyperbeam"],"picked":"Meteor Strike","floor":16.0},{"not_picked":["Go for the Eyes","Consume","Gash"],"picked":"SKIP","floor":18.0},{"not_picked":["Streamline","Redo","Steam Power"],"picked":"SKIP","floor":19.0},{"not_picked":["Leap","Gash+1","Scrape"],"picked":"SKIP","floor":25.0},{"not_picked":["Genetic Algorithm","FTL"],"picked":"Reboot","floor":28},{"not_picked":["Sweeping Beam","Genetic Algorithm","Darkness"],"picked":"SKIP","floor":29}],"player_experience":1862848,"relics_obtained":[{"floor":4.0,"key":"Happy Flower"},{"floor":9.0,"key":"Anchor"},{"floor":25.0,"key":"Mercury Hourglass"},{"floor":26.0,"key":"Art of War"},{"floor":28,"key":"Vajra"}],"event_choices":[{"damage_healed":0.0,"max_hp_gain":0.0,"max_hp_loss":0.0,"gold_gain":0.0,"cards_transformed":["Strike_B"],"event_name":"Living Wall","player_choice":"Change","floor":3.0,"gold_loss":0.0,"damage_taken":0.0,"cards_obtained":["Gash"]},{"cards_removed":["Gash"],"damage_healed":0.0,"max_hp_gain":0.0,"max_hp_loss":0.0,"gold_gain":0.0,"event_name":"Beggar","player_choice":"Gave Gold","floor":20.0,"gold_loss":75.0,"damage_taken":0.0},{"cards_removed":["Defend_B"],"damage_healed":0.0,"max_hp_gain":0.0,"max_hp_loss":0.0,"gold_gain":0.0,"event_name":"Back to Basics","player_choice":"Elegance","floor":21.0,"gold_loss":0.0,"damage_taken":0.0},{"damage_healed":0.0,"max_hp_gain":0.0,"max_hp_loss":0.0,"gold_gain":0.0,"event_name":"Vampires","player_choice":"Ignored","floor":22.0,"gold_loss":0.0,"damage_taken":0.0},{"damage_healed":0.0,"max_hp_gain":0.0,"max_hp_loss":0.0,"gold_gain":0.0,"cards_transformed":["Defend_B","Zap"],"event_name":"Drug Dealer","player_choice":"Became Test Subject","floor":24.0,"gold_loss":0.0,"damage_taken":0.0,"cards_obtained":["Gash","Sweeping Beam"]},{"damage_healed":0.0,"max_hp_gain":0.0,"max_hp_loss":0.0,"gold_gain":50.0,"event_name":"Nest","player_choice":"Stole From Cult","floor":27.0,"gold_loss":0.0,"damage_taken":0.0}],"is_beta":false,"boss_relics":[{"not_picked":["Orrery","Coffee Dripper"],"picked":"Empty Cage"}],"items_purged_floors":[10],"is_endless":false,"potions_floor_spawned":[5,8,11,12,16,19,25,28],"killed_by":"Sentry and Sphere","ascension_level":20}