{"gold_per_floor":[110,122,133,34,34,34,44,72,72,72,72,84,84,103,103,176,176,190,240,250,269,285,285,305,339,339,339,364,374,407,322,322,399,399,415,415,433,433,35,68,96,135,147,159,189,31,49,82,82,82,82,82,82,5,38,38],"floor_reached":57,"playtime":2561,"items_purged":[],"score":3118,"play_id":"b8be5c55-67a1-4e83-8d95-32f5deb1d7c4","local_time":"20190727203319","is_ascension_mode":true,"campfire_choices":[{"data":"Sunder","floor":6.0,"key":"SMITH"},{"data":"Beam Cell","floor":13.0,"key":"SMITH"},{"data":"Zap","floor":15.0,"key":"SMITH"},{"data":"Dualcast","floor":23.0,"key":"SMITH"},{"data":"Biased Cognition","floor":27.0,"key":"SMITH"},{"floor":32.0,"key":"RECALL"},{"floor":44.0,"key":"REST"},{"data":"Loop","floor":49.0,"key":"SMITH"},{"data":"Defend_B","floor":53.0,"key":"SMITH"}],"neow_cost":"NONE","seed_source_timestamp":785195050374602,"circlet_count":0,"master_deck":["AscendersBane","Defend_B+1","Defend_B","Defend_B+1","Defend_B","Zap+1","Dualcast+1","Ball Lightning","Undo+1","Sunder+1","Beam Cell+1","Turbo+1","Machine Learning","Turbo+1","Cold Snap","Echo Form+1","Loop+1","Biased Cognition+1","Blizzard+1","Coolheaded+1","Recycle+1","Glacier+1","Chaos+1","Biased Cognition+1","Fission+1","Seek+1","Go for the Eyes+1","Heatsinks+1","Redo+1","Fusion+1","Capacitor+1","Reinforced Body+1","Panacea+1","Loop+1","Self Repair+1","Aggregate+1","Force Field+1","White Noise+1"],"special_seed":0,"relics":["Cracked Core","NeowsBlessing","Toxic Egg 2","Dream Catcher","Meat on the Bone","Astrolabe","Happy Flower","Art of War","Blood Vial","Oddly Smooth Stone","Sundial","Ice Cream","MawBank","War Paint","Orichalcum","StoneCalendar","Vajra"],"potions_floor_usage":[56,56],"damage_taken":[{"damage":0.0,"enemies":"Cultist","floor":1.0,"turns":1.0},{"damage":0.0,"enemies":"2 Louse","floor":2.0,"turns":1.0},{"damage":0.0,"enemies":"Jaw Worm","floor":3.0,"turns":1.0},{"damage":7.0,"enemies":"Large Slime","floor":7.0,"turns":4.0},{"damage":30.0,"enemies":"Lagavulin","floor":8.0,"turns":7.0},{"damage":0.0,"enemies":"Gremlin Gang","floor":12.0,"turns":3.0},{"damage":11.0,"enemies":"2 Fungi Beasts","floor":14.0,"turns":3.0},{"damage":12.0,"enemies":"Hexaghost","floor":16.0,"turns":9.0},{"damage":20.0,"enemies":"Shell Parasite","floor":18.0,"turns":4.0},{"damage":16.0,"enemies":"Spheric Guardian","floor":20.0,"turns":5.0},{"damage":17.0,"enemies":"Cultist and Chosen","floor":21.0,"turns":7.0},{"damage":9.0,"enemies":"Snake Plant","floor":22.0,"turns":4.0},{"damage":0.0,"enemies":"Centurion and Healer","floor":24.0,"turns":5.0},{"damage":2.0,"enemies":"Book of Stabbing","floor":25.0,"turns":3.0},{"damage":9.0,"enemies":"3 Cultists","floor":29.0,"turns":4.0},{"damage":19.0,"enemies":"Gremlin Leader","floor":30.0,"turns":6.0},{"damage":0.0,"enemies":"Champ","floor":33.0,"turns":12.0},{"damage":10.0,"enemies":"Orb Walker","floor":35.0,"turns":5.0},{"damage":0.0,"enemies":"3 Darklings","floor":37.0,"turns":6.0},{"damage":13.0,"enemies":"Nemesis","floor":40.0,"turns":5.0},{"damage":0.0,"enemies":"Maw","floor":41.0,"turns":6.0},{"damage":0.0,"enemies":"Reptomancer","floor":42.0,"turns":5.0},{"damage":6.0,"enemies":"Writhing Mass","floor":45.0,"turns":7.0},{"damage":0.0,"enemies":"Spire Growth","floor":47.0,"turns":4.0},{"damage":2.0,"enemies":"Giant Head","floor":48.0,"turns":9.0},{"damage":0.0,"enemies":"Time Eater","floor":50.0,"turns":8.0},{"damage":15.0,"enemies":"Donu and Deca","floor":51.0,"turns":12.0},{"damage":38,"enemies":"Shield and Spear","floor":55,"turns":9},{"damage":40,"enemies":"The Heart","floor":56,"turns":11}],"seed_played":"-5962050265354465198","potions_obtained":[{"floor":1.0,"key":"Fire Potion"},{"floor":8.0,"key":"Fire Potion"},{"floor":12.0,"key":"Fire Potion"},{"floor":14.0,"key":"SkillPotion"},{"floor":18.0,"key":"PowerPotion"},{"floor":22.0,"key":"LiquidBronze"},{"floor":29.0,"key":"LiquidBronze"},{"floor":33.0,"key":"Swift Potion"},{"floor":35.0,"key":"Fire Potion"},{"floor":42.0,"key":"FocusPotion"},{"floor":47.0,"key":"SmokeBomb"},{"floor":48.0,"key":"SkillPotion"},{"floor":55,"key":"EssenceOfSteel"}],"is_trial":false,"path_per_floor":["M","M","M","$","?","R","M","E","T","$","?","M","R","M","R","B",null,"M","?","M","M","M","R","M","E","T","R","T","M","E","?","R","B",null,"M","?","M","?","$","E","M","E","T","R","M","$","M","E","R","B","B",null,"R","$","E","B",null],"character_chosen":"DEFECT","items_purchased":["Sunder","Beam Cell","Ice Cream","Redo+1","Panacea+1","Loop","Force Field+1"],"campfire_rested":1,"item_purchase_floors":[4,4,39,39,46,46,54],"current_hp_per_floor":[64,64,64,64,46,46,39,9,9,9,9,21,21,22,22,22,59,39,32,28,23,26,26,38,36,36,36,36,41,36,36,36,38,63,55,55,57,57,57,46,48,50,50,71,65,65,67,71,71,71,66,70,70,70,55,49],"gold":38,"neow_bonus":"THREE_ENEMY_KILL","is_prod":false,"is_daily":false,"chose_seed":false,"campfire_upgraded":7,"win_rate":0,"timestamp":1564230799,"path_taken":["M","M","?","?","?","R","M","E","T","?","?","?","R","M","R","BOSS","M","?","?","M","M","R","M","E","T","R","?","?","E","?","R","BOSS","M","?","?","?","$","E","?","E","T","R","M","?","M","E","R","BOSS","BOSS","R","$","E","BOSS"],"build_version":"2019-07-17","purchased_purges":0,"victory":true,"max_hp_per_floor":[71,71,71,71,71,71,71,71,71,71,71,71,71,71,71,71,71,71,71,71,71,71,71,71,71,71,71,71,71,71,71,71,71,71,71,71,71,71,71,71,71,71,71,71,71,71,71,71,71,71,71,71,71,71,71,71],"card_choices":[{"not_picked":["Steam Power","Stack","Steam"],"picked":"SKIP","floor":1.0},{"not_picked":["Steam Power","Conserve Battery"],"picked":"Ball Lightning","floor":2.0},{"not_picked":["Leap","Stack"],"picked":"Undo","floor":3.0},{"not_picked":["Stack+1","Go for the Eyes"],"picked":"Turbo+1","floor":7.0},{"not_picked":["Hologram+1","Buffer"],"picked":"Machine Learning","floor":8.0},{"not_picked":["Capacitor","Gash"],"picked":"Turbo+1","floor":12.0},{"not_picked":["Ball Lightning","Rebound"],"picked":"Cold Snap","floor":14.0},{"not_picked":["Machine Learning","Buffer"],"picked":"Echo Form","floor":16.0},{"not_picked":["Go for the Eyes","Steam+1"],"picked":"Coolheaded+1","floor":18.0},{"not_picked":["Redo+1","Barrage"],"picked":"Recycle+1","floor":20.0},{"not_picked":["Rip and Tear","Genetic Algorithm+1"],"picked":"Glacier+1","floor":21.0},{"not_picked":["Ball Lightning","Steam+1","Go for the Eyes"],"picked":"SKIP","floor":22.0},{"not_picked":["Rebound","Double Energy+1"],"picked":"Chaos+1","floor":24.0},{"not_picked":["Scrape","Gash"],"picked":"Biased Cognition","floor":25.0},{"not_picked":["Stack+1","Streamline","Doom and Gloom"],"picked":"SKIP","floor":29.0},{"not_picked":["Steam+1","Stack+1"],"picked":"Fission+1","floor":30.0},{"not_picked":["Biased Cognition","Hyperbeam"],"picked":"Seek+1","floor":33.0},{"not_picked":["Streamline","Genetic Algorithm+1"],"picked":"Go for the Eyes+1","floor":35.0},{"not_picked":["Chaos+1","Conserve Battery+1"],"picked":"Heatsinks+1","floor":37.0},{"not_picked":["Chill+1","Echo Form"],"picked":"Fusion+1","floor":40.0},{"not_picked":["Rebound","Melter","Redo+1"],"picked":"SKIP","floor":41.0},{"not_picked":["Fusion+1","Go for the Eyes"],"picked":"Capacitor+1","floor":42.0},{"not_picked":["Redo+1","Compile Driver"],"picked":"Reinforced Body+1","floor":44.0},{"not_picked":["Go for the Eyes","Blizzard+1","Steam Power+1"],"picked":"SKIP","floor":45.0},{"not_picked":["Conserve Battery+1","Barrage+1"],"picked":"Self Repair+1","floor":47.0},{"not_picked":["Thunder Strike","Hello World"],"picked":"Aggregate+1","floor":48.0},{"not_picked":["BootSequence+1","Darkness+1"],"picked":"White Noise+1","floor":55}],"player_experience":2087194,"relics_obtained":[{"floor":8.0,"key":"Dream Catcher"},{"floor":11.0,"key":"Meat on the Bone"},{"floor":25.0,"key":"Happy Flower"},{"floor":26.0,"key":"Art of War"},{"floor":28.0,"key":"Blood Vial"},{"floor":30.0,"key":"Oddly Smooth Stone"},{"floor":40.0,"key":"MawBank"},{"floor":42.0,"key":"War Paint"},{"floor":43.0,"key":"Orichalcum"},{"floor":48.0,"key":"StoneCalendar"},{"floor":55,"key":"Vajra"}],"event_choices":[{"damage_healed":0.0,"max_hp_gain":0.0,"max_hp_loss":0.0,"gold_gain":0.0,"event_name":"Scrap Ooze","player_choice":"Success","floor":5.0,"gold_loss":0.0,"damage_taken":18.0,"relics_obtained":["Toxic Egg 2"]},{"damage_healed":0.0,"max_hp_gain":0.0,"max_hp_loss":0.0,"gold_gain":0.0,"event_name":"Wheel of Change","player_choice":"Relic","floor":11.0,"gold_loss":0.0,"damage_taken":0.0},{"damage_healed":0.0,"max_hp_gain":0.0,"max_hp_loss":0.0,"gold_gain":50.0,"event_name":"FaceTrader","player_choice":"Touch","floor":19.0,"gold_loss":0.0,"damage_taken":7.0},{"damage_healed":0.0,"max_hp_gain":0.0,"max_hp_loss":0.0,"gold_gain":0.0,"event_name":"Addict","player_choice":"Obtained Relic","floor":31.0,"gold_loss":85.0,"damage_taken":0.0,"relics_obtained":["Sundial"]},{"damage_healed":0.0,"max_hp_gain":0.0,"max_hp_loss":0.0,"gold_gain":0.0,"event_name":"Upgrade Shrine","player_choice":"Upgraded","floor":36.0,"gold_loss":0.0,"damage_taken":0.0,"cards_upgraded":["Echo Form"]},{"cards_removed":["Strike_B"],"damage_healed":0.0,"max_hp_gain":0.0,"max_hp_loss":0.0,"gold_gain":0.0,"event_name":"Bonfire Elementals","player_choice":"Offered Basic","floor":38.0,"gold_loss":0.0,"damage_taken":0.0}],"is_beta":false,"boss_relics":[{"not_picked":["Runic Dome","Fusion Hammer"],"picked":"Astrolabe"},{"not_picked":["Busted Crown","Snecko Eye","Philosopher\u0027s Stone"]}],"items_purged_floors":[],"is_endless":false,"potions_floor_spawned":[1,8,12,14,18,22,29,33,35,42,47,48,55],"ascension_level":20}