{"gold_per_floor":[119,130,146,146,321,347,367,393,472,472,492,492,139,139,139,244,244,254,272,287,33,43,43,62,62,89,89,89,109,109,109],"floor_reached":31,"playtime":1537,"items_purged":["Doubt","Decay"],"score":237,"play_id":"7caa58f7-df57-415b-9a05-f6044307832d","local_time":"20190225213445","is_ascension_mode":false,"campfire_choices":[{"floor":10,"key":"REST"},{"data":"Catalyst","floor":12,"key":"SMITH"},{"data":"Caltrops","floor":15,"key":"SMITH"},{"floor":23,"key":"REST"},{"floor":25,"key":"REST"},{"floor":30,"key":"REST"}],"neow_cost":"NONE","seed_source_timestamp":211981648932032,"circlet_count":0,"master_deck":["Defend_G+1","Defend_G","Defend_G","Defend_G","Defend_G","Strike_G+1","Strike_G","Strike_G","Strike_G","Strike_G","Survivor","Neutralize","Finesse+1","Flying Knee","Corpse Explosion","Caltrops+1","Burst","Dagger Spray","Catalyst+1","Flechettes","Caltrops","Grand Finale","Bouncing Flask+1","Leg Sweep","Dodge and Roll","Decay","Acrobatics"],"relics":["Ring of the Snake","Ginger","Odd Mushroom","Pantograph","HandDrill","Runic Pyramid","Bronze Scales","War Paint"],"potions_floor_usage":[6,8,24,27],"damage_taken":[{"damage":0,"enemies":"Small Slimes","floor":1,"turns":3},{"damage":0,"enemies":"2 Louse","floor":2,"turns":4},{"damage":0,"enemies":"Cultist","floor":3,"turns":3},{"damage":26,"enemies":"Lagavulin","floor":6,"turns":6},{"damage":0,"enemies":"Looter","floor":7,"turns":5},{"damage":2,"enemies":"The Mushroom Lair","floor":8,"turns":2},{"damage":0,"enemies":"2 Fungi Beasts","floor":11,"turns":3},{"damage":26,"enemies":"Hexaghost","floor":16,"turns":9},{"damage":15,"enemies":"3 Byrds","floor":18,"turns":3},{"damage":32,"enemies":"2 Thieves","floor":19,"turns":4},{"damage":9,"enemies":"Snecko","floor":20,"turns":4},{"damage":4,"enemies":"Shelled Parasite and Fungi","floor":22,"turns":5},{"damage":26,"enemies":"Sentry and Sphere","floor":24,"turns":6},{"damage":13,"enemies":"Colosseum Slavers","floor":27,"turns":4},{"damage":8,"enemies":"Snecko","floor":29,"turns":4},{"damage":18,"enemies":"Gremlin Leader","floor":31,"turns":6}],"seed_played":"-6355908756804895075","potions_obtained":[{"floor":3,"key":"SkillPotion"},{"floor":7,"key":"Energy Potion"},{"floor":8,"key":"Ancient Potion"},{"floor":22,"key":"Swift Potion"},{"floor":24,"key":"LiquidBronze"}],"is_trial":false,"path_per_floor":["M","M","M","?","?","E","M","?","T","R","M","R","$","?","R","B",null,"M","M","M","$","M","R","M","R","T","?","?","M","R","E"],"character_chosen":"THE_SILENT","items_purchased":["Caltrops","HandDrill","Bronze Scales"],"campfire_rested":4,"item_purchase_floors":[13,13,21],"current_hp_per_floor":[70,70,70,56,56,30,30,28,28,49,49,49,49,49,49,44,70,55,23,14,14,10,31,5,26,26,13,13,5,26,8],"gold":109,"neow_bonus":"RANDOM_COLORLESS","is_prod":false,"is_daily":false,"chose_seed":false,"campfire_upgraded":2,"win_rate":0,"timestamp":1551148485,"path_taken":["M","M","M","?","?","E","M","?","T","R","M","R","$","?","R","BOSS","M","M","M","$","?","R","M","R","T","?","?","M","R","E"],"build_version":"2019-01-23","purchased_purges":2,"victory":false,"max_hp_per_floor":[70,70,70,70,70,70,70,70,70,70,70,70,70,70,70,70,70,70,70,70,70,70,70,70,70,70,70,70,70,70,70],"card_choices":[{"not_picked":["Sucker Punch","Riddle With Holes"],"picked":"Flying Knee","floor":1},{"not_picked":["Underhanded Strike","Bane"],"picked":"Corpse Explosion","floor":2},{"not_picked":["Acrobatics","Endless Agony"],"picked":"Caltrops","floor":3},{"not_picked":["Catalyst","Deadly Poison"],"picked":"Burst","floor":6},{"not_picked":["Prepared","Distraction"],"picked":"Dagger Spray","floor":7},{"not_picked":["Quick Slash","Deflect"],"picked":"Catalyst","floor":8},{"not_picked":["Calculated Gamble","Outmaneuver"],"picked":"Flechettes","floor":11},{"not_picked":["Wraith Form v2","Doppelganger"],"picked":"Grand Finale","floor":16},{"not_picked":["Quick Slash","Blade Dance+1"],"picked":"Bouncing Flask","floor":18},{"not_picked":["Escape Plan+1","Slice+1","All Out Attack"],"picked":"SKIP","floor":19},{"not_picked":["Expertise","Poisoned Stab"],"picked":"Leg Sweep","floor":20},{"not_picked":["Backstab","Dagger Throw"],"picked":"Dodge and Roll","floor":22},{"not_picked":["Escape Plan+1","Sucker Punch","Outmaneuver"],"picked":"SKIP","floor":24},{"not_picked":["Outmaneuver","Dodge and Roll"],"picked":"Acrobatics","floor":29}],"player_experience":608348,"relics_obtained":[{"floor":6,"key":"Ginger"},{"floor":8,"key":"Odd Mushroom"},{"floor":9,"key":"Pantograph"},{"floor":26,"key":"War Paint"}],"event_choices":[{"damage_healed":0,"gold_gain":0,"player_choice":"Entered Light","damage_taken":14,"max_hp_gain":0,"max_hp_loss":0,"event_name":"Shining Light","floor":4,"gold_loss":0,"cards_upgraded":["Defend_G","Strike_G"]},{"damage_healed":0,"gold_gain":175,"player_choice":"AGREE","damage_taken":0,"max_hp_gain":0,"max_hp_loss":0,"event_name":"Liars Game","floor":5,"gold_loss":0,"cards_obtained":["Doubt"]},{"damage_healed":0,"gold_gain":0,"player_choice":"Fought Mushrooms","damage_taken":0,"max_hp_gain":0,"max_hp_loss":0,"event_name":"Mushrooms","floor":8,"gold_loss":0},{"damage_healed":0,"gold_gain":0,"player_choice":"Cursed","damage_taken":0,"max_hp_gain":0,"max_hp_loss":0,"event_name":"Wheel of Change","floor":14,"gold_loss":0,"cards_obtained":["Decay"]},{"damage_healed":0,"gold_gain":0,"player_choice":"Fight","damage_taken":0,"max_hp_gain":0,"max_hp_loss":0,"event_name":"Colosseum","floor":27,"gold_loss":0},{"damage_healed":0,"gold_gain":0,"player_choice":"Fled From Nobs","damage_taken":0,"max_hp_gain":0,"max_hp_loss":0,"event_name":"Colosseum","floor":27,"gold_loss":0},{"damage_healed":0,"gold_gain":0,"player_choice":"Smashed Altar","damage_taken":0,"max_hp_gain":0,"max_hp_loss":0,"event_name":"Forgotten Altar","floor":28,"gold_loss":0,"cards_obtained":["Decay"]}],"is_beta":false,"boss_relics":[{"not_picked":["Velvet Choker","Runic Dome"],"picked":"Runic Pyramid"}],"items_purged_floors":[13,21],"is_endless":false,"potions_floor_spawned":[3,7,8,22,24],"killed_by":"Gremlin Leader","ascension_level":0}