{"gold_per_floor":[112,131,131,146,158,158,169,200,223,256,256,306,306,320,320,391,391,405,104,122,134,134,134,148,148,148,148,168,19,19],"floor_reached":30,"playtime":970,"items_purged":["Strike_B","Pain"],"score":424,"play_id":"fef4ba2b-75e0-4f7d-ab67-87efc2f1c2c6","local_time":"20190730184629","is_ascension_mode":true,"campfire_choices":[{"data":"Zap","floor":6,"key":"SMITH"},{"data":"Loop","floor":11,"key":"SMITH"},{"data":"Loop","floor":13,"key":"SMITH"},{"data":"Coolheaded","floor":15,"key":"SMITH"},{"data":"Defragment","floor":23,"key":"SMITH"},{"data":"Coolheaded","floor":25,"key":"SMITH"},{"data":"Loop","floor":27,"key":"SMITH"}],"neow_cost":"NONE","seed_source_timestamp":325315591043806,"circlet_count":0,"master_deck":["AscendersBane","Strike_B","Strike_B","Strike_B","Defend_B","Defend_B","Defend_B","Defend_B","Zap+1","Dualcast","Ball Lightning","Loop+1","Hologram","Loop+1","Coolheaded+1","Ball Lightning","Loop+1","Sweeping Beam","Core Surge","Turbo","Defragment+1","Coolheaded+1","FTL"],"relics":["Cracked Core","Art of War","Ancient Tea Set","Cursed Key","DataDisk","Anchor","Emotion Chip"],"potions_floor_usage":[7,8,10,20,21,30],"damage_taken":[{"damage":1,"enemies":"Cultist","floor":1,"turns":4},{"damage":3,"enemies":"2 Louse","floor":2,"turns":2},{"damage":7,"enemies":"Jaw Worm","floor":4,"turns":2},{"damage":4,"enemies":"Red Slaver","floor":5,"turns":3},{"damage":7,"enemies":"2 Fungi Beasts","floor":7,"turns":3},{"damage":17,"enemies":"Lagavulin","floor":8,"turns":8},{"damage":23,"enemies":"Gremlin Nob","floor":10,"turns":4},{"damage":2,"enemies":"Blue Slaver","floor":14,"turns":3},{"damage":10,"enemies":"The Guardian","floor":16,"turns":11},{"damage":0,"enemies":"Chosen","floor":18,"turns":5},{"damage":9,"enemies":"Shell Parasite","floor":20,"turns":5},{"damage":16,"enemies":"Sentry and Sphere","floor":21,"turns":4},{"damage":9,"enemies":"3 Cultists","floor":24,"turns":5},{"damage":5,"enemies":"Centurion and Healer","floor":28,"turns":10},{"damage":27,"enemies":"Gremlin Leader","floor":30,"turns":2}],"seed_played":"6265874824569842277","potions_obtained":[{"floor":1,"key":"SpeedPotion"},{"floor":2,"key":"Fire Potion"},{"floor":3,"key":"Weak Potion"},{"floor":7,"key":"Regen Potion"},{"floor":16,"key":"SkillPotion"},{"floor":18,"key":"Ancient Potion"},{"floor":20,"key":"FocusPotion"}],"is_trial":false,"path_per_floor":["M","M","?","M","M","R","M","E","T","E","R","?","R","M","R","B",null,"M","$","M","M","?","R","M","R","T","R","M","$","E"],"character_chosen":"DEFECT","items_purchased":["DataDisk","Defragment","Block Potion"],"campfire_rested":0,"item_purchase_floors":[19,19,29],"current_hp_per_floor":[70,67,67,60,56,56,49,47,47,24,24,24,24,22,22,12,62,62,62,53,37,37,37,28,28,28,28,23,23,0],"gold":19,"neow_bonus":"TEN_PERCENT_HP_BONUS","is_prod":false,"is_daily":false,"chose_seed":false,"campfire_upgraded":7,"win_rate":0,"timestamp":1564526789,"path_taken":["M","M","?","M","M","R","?","E","T","E","R","?","R","M","R","BOSS","M","$","M","M","?","R","M","R","T","R","M","$","E"],"build_version":"2019-07-17","purchased_purges":2,"victory":false,"max_hp_per_floor":[78,78,78,78,78,78,78,78,78,78,78,78,78,78,78,78,78,78,78,78,78,78,78,78,78,78,78,78,78,78],"card_choices":[{"not_picked":["Turbo","Rip and Tear"],"picked":"Ball Lightning","floor":1},{"not_picked":["Turbo","Go for the Eyes"],"picked":"Loop","floor":2},{"not_picked":["Leap","Barrage"],"picked":"Hologram","floor":4},{"not_picked":["Redo","White Noise"],"picked":"Loop","floor":5},{"not_picked":["Beam Cell","Double Energy"],"picked":"Coolheaded","floor":7},{"not_picked":["Rebound","Multi-Cast"],"picked":"Ball Lightning","floor":8},{"not_picked":["Redo","Streamline"],"picked":"Loop","floor":10},{"not_picked":["Turbo","Loop"],"picked":"Sweeping Beam","floor":14},{"not_picked":["Amplify","Machine Learning"],"picked":"Core Surge","floor":16},{"not_picked":["Stack","Scrape"],"picked":"Turbo","floor":18},{"not_picked":["Streamline+1","Go for the Eyes"],"picked":"Coolheaded","floor":20},{"not_picked":["Turbo","Sweeping Beam","Auto Shields"],"picked":"SKIP","floor":21},{"not_picked":["Barrage","Double Energy","Hello World+1"],"picked":"SKIP","floor":24},{"not_picked":["Streamline","Gash"],"picked":"FTL","floor":28}],"player_experience":1605061,"relics_obtained":[{"floor":8,"key":"Art of War"},{"floor":10,"key":"Ancient Tea Set"},{"floor":22,"key":"Anchor"},{"floor":26,"key":"Emotion Chip"}],"event_choices":[{"damage_healed":0,"gold_gain":0,"player_choice":"Got Potions","damage_taken":0,"max_hp_gain":0,"max_hp_loss":0,"event_name":"Lab","floor":3,"gold_loss":0},{"damage_healed":0,"gold_gain":50,"player_choice":"Pray","damage_taken":0,"max_hp_gain":0,"max_hp_loss":0,"event_name":"Golden Shrine","floor":12,"gold_loss":0},{"damage_healed":0,"gold_gain":0,"player_choice":"Relic","damage_taken":0,"max_hp_gain":0,"max_hp_loss":0,"event_name":"Wheel of Change","floor":22,"gold_loss":0}],"is_beta":false,"boss_relics":[{"not_picked":["Philosopher\u0027s Stone","FrozenCore"],"picked":"Cursed Key"}],"items_purged_floors":[19,29],"is_endless":false,"potions_floor_spawned":[1,2,4,7,16,18,20],"killed_by":"Gremlin Leader","ascension_level":15}