{"gold_per_floor":[114,130,130,130,130,130,168,189,189,189,202,202,216,235,235,235],"floor_reached":16,"playtime":516,"items_purged":[],"score":179,"play_id":"481bd6b1-2cee-4446-9b2e-b23afc199089","local_time":"20181010133634","is_ascension_mode":true,"campfire_choices":[{"data":"Spot Weakness","floor":6,"key":"SMITH"},{"data":"Disarm","floor":10,"key":"SMITH"},{"data":"Shrug It Off","floor":12,"key":"SMITH"},{"data":"Pommel Strike","floor":15,"key":"SMITH"}],"neow_cost":"NONE","seed_source_timestamp":2237018995095800,"circlet_count":0,"master_deck":["Strike_R","Strike_R","Strike_R+1","Strike_R","Strike_R","Defend_R","Defend_R+1","Defend_R","Defend_R","Bash+1","AscendersBane","Spot Weakness+1","Anger","Disarm+1","Anger","Shrug It Off+1","Barricade","Pommel Strike+1"],"relics":["Burning Blood","Golden Idol","Shuriken","Orichalcum"],"potions_floor_usage":[7,16],"damage_taken":[{"damage":6,"enemies":"Jaw Worm","floor":1,"turns":4},{"damage":4,"enemies":"Small Slimes","floor":2,"turns":4},{"damage":30,"enemies":"3 Sentries","floor":7,"turns":7},{"damage":0,"enemies":"Cultist","floor":8,"turns":4},{"damage":5,"enemies":"Blue Slaver","floor":11,"turns":4},{"damage":0,"enemies":"Exordium Thugs","floor":13,"turns":5},{"damage":0,"enemies":"Large Slime","floor":14,"turns":6},{"damage":46,"enemies":"Slime Boss","floor":16,"turns":10}],"seed_played":"1197468553846869950","potions_obtained":[{"floor":1,"key":"Swift Potion"},{"floor":11,"key":"Dexterity Potion"}],"is_trial":false,"path_per_floor":["M","M","?","?","?","R","E","M","T","R","M","R","M","M","R"],"character_chosen":"IRONCLAD","items_purchased":[],"campfire_rested":0,"item_purchase_floors":[],"current_hp_per_floor":[68,70,75,51,51,51,27,33,33,33,34,34,40,46,46,0],"gold":235,"neow_bonus":"UPGRADE_CARD","is_prod":false,"is_daily":false,"chose_seed":false,"campfire_upgraded":4,"win_rate":0,"timestamp":1539192994,"path_taken":["M","M","?","?","?","R","E","?","T","R","?","R","?","?","R","BOSS"],"build_version":"2018-10-04v2","purchased_purges":0,"victory":false,"max_hp_per_floor":[75,75,80,80,72,72,72,72,72,72,72,72,72,72,72,72],"card_choices":[{"not_picked":["Corruption","Twin Strike"],"picked":"Spot Weakness","floor":1},{"not_picked":["True Grit","Twin Strike"],"picked":"Anger","floor":2},{"not_picked":["Uppercut","Warcry"],"picked":"Disarm","floor":7},{"not_picked":["Entrench","Wild Strike"],"picked":"Anger","floor":8},{"not_picked":["Heavy Blade","Burning Pact"],"picked":"Shrug It Off","floor":11},{"not_picked":["Perfected Strike","Sentinel"],"picked":"Barricade","floor":13},{"not_picked":["Cleave","Corruption"],"picked":"Pommel Strike","floor":14}],"player_experience":842317,"relics_obtained":[{"floor":7,"key":"Shuriken"},{"floor":9,"key":"Orichalcum"}],"event_choices":[{"event_name":"Big Fish","player_choice":"Donut","floor":3,"damage_taken":0},{"event_name":"Shining Light","player_choice":"Entered Light","floor":4,"damage_taken":0},{"event_name":"Golden Idol","player_choice":"Lose Max HP","floor":5,"damage_taken":0}],"is_beta":false,"boss_relics":[],"items_purged_floors":[],"is_endless":false,"potions_floor_spawned":[1,11],"killed_by":"Slime Boss","ascension_level":15}