{"gold_per_floor":[111,111,182,198,40,40,71,71,71,71,102,118,118,118,118,192,192,210,210,222,234,234,234,234],"floor_reached":24,"playtime":748,"items_purged":[],"score":379,"play_id":"35b3f3c3-f154-4a9b-b92c-c93a31a5b5fd","local_time":"20181005183001","is_ascension_mode":true,"campfire_choices":[{"data":"Panacea","floor":6,"key":"SMITH"},{"data":"Zap","floor":8,"key":"SMITH"},{"floor":10,"key":"REST"},{"data":"Hyperbeam","floor":15,"key":"SMITH"},{"floor":23,"key":"REST"}],"neow_cost":"PERCENT_DAMAGE","seed_source_timestamp":1822354511728575,"circlet_count":0,"master_deck":["Defend_B","Defend_B","Defend_B","Defend_B","Zap+1","Dualcast","AscendersBane","Hyperbeam+1","Cold Snap","Ball Lightning","Panacea+1","Coolheaded","Steam","Seek+1","Bite","Bite","Bite","Bite","Bite","Sweeping Beam+1","Cold Snap"],"relics":["Cracked Core","Darkstone Periapt","Bottled Lightning","The Courier","Meat on the Bone","Fusion Hammer"],"potions_floor_usage":[7,16],"damage_taken":[{"damage":1,"enemies":"Cultist","floor":1,"turns":3},{"damage":0,"enemies":"Small Slimes","floor":4,"turns":2},{"damage":28,"enemies":"Lagavulin","floor":7,"turns":5},{"damage":16,"enemies":"Gremlin Nob","floor":11,"turns":3},{"damage":1,"enemies":"2 Louse","floor":12,"turns":3},{"damage":13,"enemies":"Slime Boss","floor":16,"turns":7},{"damage":12,"enemies":"2 Thieves","floor":18,"turns":2},{"damage":1,"enemies":"Shell Parasite","floor":20,"turns":4},{"damage":33,"enemies":"Snake Plant","floor":21,"turns":3},{"damage":68,"enemies":"Book of Stabbing","floor":24,"turns":5}],"seed_played":"6432759031391942319","potions_obtained":[{"floor":4,"key":"AttackPotion"},{"floor":11,"key":"PowerPotion"}],"is_trial":false,"path_per_floor":["M","?","?","M","$","R","E","R","T","R","E","M","?","T","R","B",null,"M","?","M","M","?","R"],"character_chosen":"DEFECT","items_purchased":["Ball Lightning","Panacea"],"campfire_rested":2,"item_purchase_floors":[5,5],"current_hp_per_floor":[45,50,50,50,50,50,22,22,22,44,28,27,27,27,27,26,64,52,52,53,36,36,51,0],"gold":234,"neow_bonus":"THREE_RARE_CARDS","is_prod":false,"is_daily":false,"chose_seed":false,"campfire_upgraded":3,"win_rate":0,"timestamp":1538778601,"path_taken":["M","?","?","M","$","R","E","R","T","R","E","?","?","?","R","BOSS","M","?","M","M","?","R","E"],"build_version":"2018-10-04","purchased_purges":0,"victory":false,"max_hp_per_floor":[71,76,76,76,76,76,76,76,76,76,76,76,76,76,76,76,76,76,53,53,53,53,53,53],"card_choices":[{"not_picked":["Amplify","Reboot"],"picked":"Hyperbeam","floor":0},{"not_picked":["Stack","Gash"],"picked":"Cold Snap","floor":1},{"not_picked":["Barrage","Hello World","Darkness"],"picked":"SKIP","floor":4},{"not_picked":["Blizzard","Redo","Force Field"],"picked":"SKIP","floor":7},{"not_picked":["Genetic Algorithm","Streamline"],"picked":"Coolheaded","floor":11},{"not_picked":["Streamline","Sweeping Beam"],"picked":"Steam","floor":12},{"not_picked":["Thunder Strike","Hyperbeam"],"picked":"Seek","floor":16},{"not_picked":["Reprogram","Steam","Storm"],"picked":"SKIP","floor":18},{"not_picked":["Barrage","Self Repair"],"picked":"Sweeping Beam+1","floor":20},{"not_picked":["Skim","Go for the Eyes"],"picked":"Cold Snap","floor":21}],"player_experience":808127,"relics_obtained":[{"floor":7,"key":"Darkstone Periapt"},{"floor":9,"key":"Bottled Lightning"},{"floor":11,"key":"The Courier"},{"floor":14,"key":"Meat on the Bone"}],"event_choices":[{"event_name":"Big Fish","player_choice":"Donut","floor":2,"damage_taken":0},{"event_name":"Golden Wing","player_choice":"Gained Gold","floor":3,"damage_taken":0},{"event_name":"Living Wall","player_choice":"Forget","floor":13,"damage_taken":0},{"event_name":"Vampires","player_choice":"Became a vampire","floor":19,"damage_taken":0},{"event_name":"Upgrade Shrine","player_choice":"Upgraded","floor":22,"damage_taken":0}],"is_beta":false,"boss_relics":[{"not_picked":["Calling Bell","Pandora\u0027s Box"],"picked":"Fusion Hammer"}],"items_purged_floors":[],"is_endless":false,"potions_floor_spawned":[4,11],"killed_by":"Book of Stabbing","ascension_level":15}