{"gold_per_floor":[113,188,188,33,33,33,73,73,73,114,114,127,127,146,146,271,271,284,307,607,632,557,557],"floor_reached":23,"playtime":721,"items_purged":["Injury"],"score":371,"play_id":"5d738efb-9c8c-4bfa-a98c-8dfce9c6c0ed","local_time":"20190730173132","is_ascension_mode":true,"campfire_choices":[{"data":"Defend_R","floor":6.0,"key":"SMITH"},{"data":"Defend_R","floor":8.0,"key":"SMITH"},{"floor":15.0,"key":"DIG"}],"neow_cost":"NONE","seed_source_timestamp":537962712156696,"circlet_count":0,"master_deck":["AscendersBane","Strike_R","Strike_R","Strike_R","Defend_R","Defend_R+1","Defend_R+1","Double Tap+1","Inflame","Body Slam+1","Rampage","Impervious","Body Slam+1","Ghostly Armor"],"special_seed":0,"relics":["Burning Blood","NeowsBlessing","Golden Idol","Mummified Hand","Pantograph","Shovel","Vajra","Empty Cage","Old Coin"],"potions_floor_usage":[23],"damage_taken":[{"damage":0.0,"enemies":"Jaw Worm","floor":1.0,"turns":1.0},{"damage":0.0,"enemies":"3 Sentries","floor":7.0,"turns":2.0},{"damage":0.0,"enemies":"Gremlin Nob","floor":10.0,"turns":1.0},{"damage":11.0,"enemies":"Small Slimes","floor":12.0,"turns":4.0},{"damage":1.0,"enemies":"Cultist","floor":14.0,"turns":3.0},{"damage":73.0,"enemies":"Hexaghost","floor":16.0,"turns":11.0},{"damage":0.0,"enemies":"Spheric Guardian","floor":18.0,"turns":1.0},{"damage":9.0,"enemies":"Shell Parasite","floor":19.0,"turns":4.0},{"damage":31.0,"enemies":"Shelled Parasite and Fungi","floor":21.0,"turns":4.0},{"damage":63,"enemies":"Gremlin Leader","floor":23,"turns":6}],"seed_played":"-7269592885452319029","potions_obtained":[{"floor":7.0,"key":"Swift Potion"},{"floor":10.0,"key":"Energy Potion"},{"floor":18.0,"key":"SpeedPotion"},{"floor":21.0,"key":"Regen Potion"}],"is_trial":false,"path_per_floor":["M","?","?","$","?","R","E","R","T","E","?","M","?","M","R","B",null,"M","M","T","M","?","E"],"character_chosen":"IRONCLAD","items_purchased":["Double Tap"],"campfire_rested":0,"item_purchase_floors":[4],"current_hp_per_floor":[78,67,67,67,67,67,73,73,73,79,72,67,67,72,72,13,63,69,66,66,41,41,0],"gold":557,"neow_bonus":"THREE_ENEMY_KILL","is_prod":false,"is_daily":false,"chose_seed":false,"campfire_upgraded":2,"win_rate":0,"timestamp":1564522292,"path_taken":["M","?","?","$","?","R","E","R","T","E","?","M","?","M","R","BOSS","M","?","?","M","?","E"],"build_version":"2019-07-17","purchased_purges":1,"victory":false,"max_hp_per_floor":[80,80,80,80,80,80,80,80,80,80,80,80,80,80,80,80,80,80,80,80,80,80,80],"card_choices":[{"not_picked":["Clash","Carnage","Sword Boomerang"],"picked":"SKIP","floor":1.0},{"not_picked":["Anger","Sentinel","Perfected Strike"],"picked":"SKIP","floor":7.0},{"not_picked":["Twin Strike","Clash"],"picked":"Inflame","floor":10.0},{"not_picked":["True Grit","Wild Strike"],"picked":"Body Slam","floor":12.0},{"not_picked":["Sever Soul","Seeing Red"],"picked":"Rampage","floor":14.0},{"not_picked":["Offering","Reaper"],"picked":"Impervious","floor":16.0},{"not_picked":["Wild Strike","Thunderclap","Sever Soul"],"picked":"SKIP","floor":18.0},{"not_picked":["Shrug It Off+1","Sword Boomerang+1"],"picked":"Body Slam+1","floor":19.0},{"not_picked":["Burning Pact","Sword Boomerang+1"],"picked":"Ghostly Armor","floor":21.0}],"player_experience":1114994,"relics_obtained":[{"floor":7.0,"key":"Mummified Hand"},{"floor":9.0,"key":"Pantograph"},{"floor":10.0,"key":"Shovel"},{"floor":15.0,"key":"Vajra"},{"floor":20.0,"key":"Old Coin"}],"event_choices":[{"damage_healed":0.0,"max_hp_gain":0.0,"max_hp_loss":0.0,"gold_gain":75.0,"event_name":"World of Goop","player_choice":"Gather Gold","floor":2.0,"gold_loss":0.0,"damage_taken":11.0},{"damage_healed":0.0,"max_hp_gain":0.0,"max_hp_loss":0.0,"gold_gain":0.0,"event_name":"Golden Idol","player_choice":"Take Wound","floor":3.0,"gold_loss":0.0,"damage_taken":0.0,"relics_obtained":["Golden Idol"],"cards_obtained":["Injury"]},{"damage_healed":0.0,"max_hp_gain":0.0,"max_hp_loss":0.0,"gold_gain":0.0,"event_name":"Living Wall","player_choice":"Grow","floor":5.0,"gold_loss":0.0,"damage_taken":0.0,"cards_upgraded":["Double Tap"]},{"cards_removed":["Bash"],"damage_healed":0.0,"max_hp_gain":0.0,"max_hp_loss":0.0,"gold_gain":0.0,"event_name":"Golden Wing","player_choice":"Card Removal","floor":11.0,"gold_loss":0.0,"damage_taken":7.0},{"damage_healed":0.0,"max_hp_gain":0.0,"max_hp_loss":0.0,"gold_gain":0.0,"event_name":"Upgrade Shrine","player_choice":"Upgraded","floor":13.0,"gold_loss":0.0,"damage_taken":0.0,"cards_upgraded":["Body Slam"]},{"cards_removed":["Strike_R"],"damage_healed":0.0,"max_hp_gain":0.0,"max_hp_loss":0.0,"gold_gain":0.0,"event_name":"Beggar","player_choice":"Gave Gold","floor":22.0,"gold_loss":75.0,"damage_taken":0.0}],"is_beta":false,"boss_relics":[{"not_picked":["Pandora\u0027s Box","Tiny House"],"picked":"Empty Cage"}],"items_purged_floors":[4],"is_endless":false,"potions_floor_spawned":[7,10,18,21],"killed_by":"Gremlin Leader","ascension_level":10}