{"gold_per_floor":[113,124,138,155,166,166,194,194,217,233,250,250,268,281,281,386,386,400,400,413,413,428,461,478,478,478,478,241,255,255,267,267,267],"floor_reached":33,"playtime":1876,"items_purged":[],"score":350,"play_id":"e67bae8c-8313-419d-b8f3-4863381a78cc","local_time":"20190303235500","is_ascension_mode":false,"campfire_choices":[{"data":"Blade Dance","floor":6,"key":"SMITH"},{"data":"Cloak And Dagger","floor":8,"key":"SMITH"},{"floor":15,"key":"REST"},{"floor":25,"key":"REST"},{"floor":27,"key":"REST"},{"data":"Accuracy","floor":30,"key":"SMITH"},{"floor":32,"key":"REST"}],"neow_cost":"NONE","seed_source_timestamp":195864144212779,"circlet_count":0,"master_deck":["Defend_G+1","Defend_G+1","Defend_G+1","Defend_G+1","Defend_G+1","Strike_G+1","Strike_G+1","Strike_G+1","Strike_G+1","Strike_G+1","Survivor","Neutralize","Dagger Spray","Cloak And Dagger+1","Terror","Slice","Blade Dance+1","Blade Dance","Accuracy","Dodge and Roll","Venomology","Heel Hook+1","Dodge and Roll+1","Cloak And Dagger","Blade Dance","Accuracy+1","Infinite Blades"],"relics":["Ring of the Serpent","Snake Skull","Art of War","Oddly Smooth Stone","PreservedInsect","Mummified Hand","DollysMirror"],"potions_floor_usage":[7,7,11,16,16,16,18,18,18,22,24,33,33],"damage_taken":[{"damage":1,"enemies":"2 Louse","floor":1,"turns":3},{"damage":0,"enemies":"Cultist","floor":2,"turns":4},{"damage":0,"enemies":"Small Slimes","floor":3,"turns":3},{"damage":0,"enemies":"2 Fungi Beasts","floor":4,"turns":4},{"damage":11,"enemies":"Exordium Thugs","floor":5,"turns":6},{"damage":0,"enemies":"Gremlin Nob","floor":7,"turns":1},{"damage":2,"enemies":"3 Louse","floor":10,"turns":2},{"damage":6,"enemies":"2 Fungi Beasts","floor":11,"turns":2},{"damage":0,"enemies":"Lots of Slimes","floor":13,"turns":2},{"damage":1,"enemies":"Blue Slaver","floor":14,"turns":4},{"damage":0,"enemies":"Slime Boss","floor":16,"turns":6},{"damage":0,"enemies":"Spheric Guardian","floor":18,"turns":4},{"damage":1,"enemies":"Chosen","floor":20,"turns":4},{"damage":6,"enemies":"Snake Plant","floor":22,"turns":4},{"damage":47,"enemies":"Book of Stabbing","floor":23,"turns":7},{"damage":5,"enemies":"3 Cultists","floor":24,"turns":6},{"damage":4,"enemies":"Centurion and Healer","floor":29,"turns":5},{"damage":19,"enemies":"Snake Plant","floor":31,"turns":6},{"damage":63,"enemies":"Automaton","floor":33,"turns":10}],"seed_played":"-7244223357713321170","potions_obtained":[{"floor":2,"key":"SteroidPotion"},{"floor":3,"key":"SteroidPotion"},{"floor":7,"key":"EntropicBrew"},{"floor":10,"key":"FearPotion"},{"floor":11,"key":"Weak Potion"},{"floor":12,"key":"Explosive Potion"},{"floor":13,"key":"Fire Potion"},{"floor":23,"key":"AttackPotion"},{"floor":31,"key":"Ancient Potion"}],"is_trial":false,"path_per_floor":["M","M","M","M","M","R","E","R","T","M","M","?","M","M","R","B",null,"M","?","M","?","M","E","M","R","T","R","$","M","R","M","R","B"],"character_chosen":"THE_SILENT","items_purchased":["DollysMirror","Infinite Blades"],"campfire_rested":4,"item_purchase_floors":[28,28],"current_hp_per_floor":[69,69,69,69,58,58,58,58,58,56,50,50,50,49,70,70,70,70,70,69,69,63,16,11,32,32,53,53,49,49,30,51,0],"gold":267,"neow_bonus":"RANDOM_COMMON_RELIC","is_prod":false,"is_daily":false,"chose_seed":false,"campfire_upgraded":3,"win_rate":0,"timestamp":1551675300,"path_taken":["M","M","M","M","M","R","E","R","T","M","M","?","?","M","R","BOSS","M","?","M","?","M","E","M","R","T","R","$","?","R","M","R","BOSS"],"build_version":"2019-01-23","purchased_purges":0,"victory":false,"max_hp_per_floor":[70,70,70,70,70,70,70,70,70,70,70,70,70,70,70,70,70,70,70,70,70,70,70,70,70,70,70,70,70,70,70,70,70],"card_choices":[{"not_picked":["Deadly Poison","Backflip"],"picked":"Dagger Spray","floor":1},{"not_picked":["Dodge and Roll","Underhanded Strike"],"picked":"Cloak And Dagger","floor":2},{"not_picked":["Slice","Catalyst"],"picked":"Terror","floor":3},{"not_picked":["Escape Plan","Malaise"],"picked":"Slice","floor":4},{"not_picked":["Deadly Poison","All Out Attack"],"picked":"Blade Dance","floor":5},{"not_picked":["Terror","Crippling Poison"],"picked":"Blade Dance","floor":7},{"not_picked":["Prepared","Deadly Poison","Eviscerate"],"picked":"SKIP","floor":10},{"not_picked":["Slice","Blur"],"picked":"Accuracy","floor":11},{"not_picked":["PiercingWail","Prepared"],"picked":"Dodge and Roll","floor":13},{"not_picked":["Eviscerate","Flying Knee","Storm of Steel"],"picked":"SKIP","floor":14},{"not_picked":["Doppelganger","Phantasmal Killer"],"picked":"Venomology","floor":16},{"not_picked":["Acrobatics","Deadly Poison"],"picked":"Heel Hook+1","floor":18},{"not_picked":["Quick Slash+1","Reflex+1"],"picked":"Dodge and Roll+1","floor":20},{"not_picked":["Dash","Deadly Poison+1"],"picked":"Cloak And Dagger","floor":22},{"not_picked":["Well Laid Plans+1","Night Terror","Expertise"],"picked":"SKIP","floor":23},{"not_picked":["Riddle With Holes","Calculated Gamble"],"picked":"Blade Dance","floor":24},{"not_picked":["Flying Knee","Acrobatics","Backflip"],"picked":"SKIP","floor":29},{"not_picked":["Tactician","Riddle With Holes","Expertise"],"picked":"SKIP","floor":31}],"player_experience":625523,"relics_obtained":[{"floor":7,"key":"Art of War"},{"floor":9,"key":"Oddly Smooth Stone"},{"floor":23,"key":"PreservedInsect"},{"floor":26,"key":"Mummified Hand"}],"event_choices":[{"damage_healed":0,"gold_gain":0,"player_choice":"Got Potions","damage_taken":0,"max_hp_gain":0,"max_hp_loss":0,"event_name":"Lab","floor":12,"gold_loss":0},{"damage_healed":0,"gold_gain":0,"player_choice":"Simplicity","damage_taken":0,"max_hp_gain":0,"max_hp_loss":0,"event_name":"Back to Basics","floor":19,"gold_loss":0,"cards_upgraded":["Defend_G","Defend_G","Defend_G","Defend_G","Defend_G","Strike_G","Strike_G","Strike_G","Strike_G","Strike_G"]},{"damage_healed":0,"gold_gain":0,"player_choice":"Ignored","damage_taken":0,"max_hp_gain":0,"max_hp_loss":0,"event_name":"Ghosts","floor":21,"gold_loss":0}],"is_beta":false,"boss_relics":[{"not_picked":["Sozu","Snecko Eye"],"picked":"Ring of the Serpent"}],"items_purged_floors":[],"is_endless":false,"potions_floor_spawned":[2,3,7,10,11,13,23,31],"killed_by":"Automaton","ascension_level":0}