{"gold_per_floor":[119,119,131,131,306,344,344,357,381,381,92,92,110,129,129,254,254,274,274,287,387,400,400,419,444,490,514,573,591,44,61,61,159,159,170,0,0,17,117,143,143,155,155,175,204,204,217,227,227,227],"floor_reached":50,"playtime":3504,"items_purged":["Doubt","Injury"],"score":644,"play_id":"ed9e4800-3297-45ca-88bb-a7ac103be48f","local_time":"20190120171748","is_ascension_mode":false,"campfire_choices":[{"data":"Whirlwind","floor":10.0,"key":"SMITH"},{"data":"Mind Blast","floor":15.0,"key":"SMITH"},{"floor":23.0,"key":"REST"},{"floor":32,"key":"REST"},{"floor":41,"key":"RECALL"},{"floor":49,"key":"REST"}],"neow_cost":"NONE","seed_source_timestamp":0,"circlet_count":0,"master_deck":["Strike_R","Strike_R","Strike_R","Strike_R","Strike_R","Defend_R","Defend_R+1","Defend_R","Defend_R","Bash","Armaments","Pommel Strike","Whirlwind+1","Body Slam","Mind Blast+1","Cleave","Body Slam","Impervious","Feel No Pain+1","Clash+1","Iron Wave+1","Inflame","True Grit","Reaper","Flex+1","Dropkick","Corruption","Panacea","Flex","Thunderclap","Dark Embrace","Shrug It Off","Flex","Feel No Pain","Intimidate","Flame Barrier+1","Shrug It Off+1","Madness","Madness+1","Cleave+1","Uppercut","Disarm","Headbutt+1","Intimidate","Swift Strike","Bandage Up","Parasite","Thunderclap+1","Perfected Strike"],"special_seed":0,"relics":["Burning Blood","NeowsBlessing","Gremlin Horn","Bloody Idol","Strawberry","Smiling Mask","Happy Flower","Potion Belt","Runic Pyramid","Incense Burner","Shuriken","Oddly Smooth Stone","Pen Nib","Tiny Chest","Blood Vial","Vajra","Orrery","Red Mask","War Paint","Frozen Egg 2","Lantern"],"potions_floor_usage":[25,25,33,33,44,48,50],"damage_taken":[{"damage":0.0,"enemies":"2 Louse","floor":1.0,"turns":1.0},{"damage":0.0,"enemies":"Small Slimes","floor":3.0,"turns":1.0},{"damage":0.0,"enemies":"Gremlin Nob","floor":6.0,"turns":1.0},{"damage":15.0,"enemies":"Jaw Worm","floor":8.0,"turns":4.0},{"damage":7.0,"enemies":"Blue Slaver","floor":13.0,"turns":3.0},{"damage":15.0,"enemies":"Exordium Thugs","floor":14.0,"turns":2.0},{"damage":41.0,"enemies":"Slime Boss","floor":16.0,"turns":8.0},{"damage":27.0,"enemies":"Shell Parasite","floor":18.0,"turns":7.0},{"damage":20.0,"enemies":"2 Thieves","floor":20.0,"turns":3.0},{"damage":29.0,"enemies":"Colosseum Slavers","floor":21.0,"turns":4.0},{"damage":18.0,"enemies":"Colosseum Nobs","floor":21.0,"turns":4.0},{"damage":25.0,"enemies":"Snake Plant","floor":22.0,"turns":4.0},{"damage":1,"enemies":"Snecko","floor":24,"turns":5},{"damage":25,"enemies":"Slavers","floor":25,"turns":5},{"damage":12,"enemies":"Gremlin Leader","floor":28,"turns":6},{"damage":9,"enemies":"3 Cultists","floor":29,"turns":4},{"damage":36,"enemies":"Snake Plant","floor":31,"turns":3},{"damage":2,"enemies":"Collector","floor":33,"turns":5},{"damage":7,"enemies":"Orb Walker","floor":35,"turns":3},{"damage":18,"enemies":"3 Darklings","floor":38,"turns":4},{"damage":27,"enemies":"Nemesis","floor":40,"turns":5},{"damage":3,"enemies":"Jaw Worm Horde","floor":42,"turns":3},{"damage":34,"enemies":"Spire Growth","floor":44,"turns":6},{"damage":39,"enemies":"Reptomancer","floor":45,"turns":6},{"damage":19,"enemies":"Writhing Mass","floor":47,"turns":6},{"damage":10,"enemies":"4 Shapes","floor":48,"turns":2},{"damage":74,"enemies":"Donu and Deca","floor":50,"turns":6}],"seed_played":"4972551579362097300","potions_obtained":[{"floor":1.0,"key":"BloodPotion"},{"floor":8.0,"key":"Fire Potion"},{"floor":16.0,"key":"Dexterity Potion"},{"floor":20.0,"key":"Weak Potion"},{"floor":22.0,"key":"Weak Potion"},{"floor":24,"key":"EssenceOfSteel"},{"floor":28,"key":"Block Potion"},{"floor":31,"key":"Strength Potion"},{"floor":38,"key":"SpeedPotion"},{"floor":42,"key":"Ancient Potion"},{"floor":44,"key":"Strength Potion"},{"floor":45,"key":"SteroidPotion"}],"is_trial":false,"path_per_floor":["M","?","M","?","?","E","T","M","T","R","$","?","M","M","R","B",null,"M","?","M","?","M","R","M","E","T","T","E","M","$","M","R","B",null,"M","?","?","M","?","E","R","M","T","M","E","?","M","M","R","B"],"character_chosen":"IRONCLAD","items_purchased":["Mind Blast","Potion Belt","Blood Vial","Vajra","Corruption","Panacea","Flex"],"campfire_rested":3,"item_purchase_floors":[11,11,30,30,30,30,30],"current_hp_per_floor":[80,62,68,68,68,81,81,72,72,72,72,72,71,62,62,27,87,66,66,62,40,26,52,62,48,53,58,86,87,87,62,87,87,87,87,87,76,71,76,70,70,80,80,59,33,28,26,29,55,0],"gold":227,"neow_bonus":"THREE_ENEMY_KILL","is_prod":false,"is_daily":false,"chose_seed":false,"campfire_upgraded":2,"win_rate":0,"timestamp":1548022668,"path_taken":["M","?","M","?","?","E","?","M","T","R","$","?","M","M","R","BOSS","M","?","M","?","M","R","M","E","T","?","E","?","$","M","R","BOSS","M","?","?","M","?","E","R","M","T","?","E","?","M","M","R","BOSS"],"build_version":"2019-01-17v2","purchased_purges":2,"victory":false,"max_hp_per_floor":[80,80,80,80,80,87,87,87,87,87,87,87,87,87,87,87,87,87,87,87,87,87,87,87,87,87,87,87,87,87,87,87,87,87,87,87,87,87,87,87,87,87,87,87,87,87,87,87,87,87],"card_choices":[{"not_picked":["Hemokinesis","Warcry"],"picked":"Armaments","floor":1.0},{"not_picked":["Uppercut","Iron Wave"],"picked":"Pommel Strike","floor":3.0},{"not_picked":["Anger","Juggernaut"],"picked":"Whirlwind","floor":6.0},{"not_picked":["Headbutt","Clash"],"picked":"Body Slam","floor":8.0},{"not_picked":["Uppercut","Heavy Blade"],"picked":"Cleave","floor":13.0},{"not_picked":["Heavy Blade","Clash"],"picked":"Body Slam","floor":14.0},{"not_picked":["Bludgeon","Brutality"],"picked":"Impervious","floor":16.0},{"not_picked":["Headbutt","Twin Strike"],"picked":"Feel No Pain+1","floor":18.0},{"not_picked":["Anger","Headbutt+1"],"picked":"Clash+1","floor":20.0},{"not_picked":["Heavy Blade","Rupture+1"],"picked":"Iron Wave+1","floor":21.0},{"not_picked":["Rupture","Thunderclap"],"picked":"Inflame","floor":22.0},{"not_picked":["Bloodletting","Heavy Blade+1"],"picked":"True Grit","floor":24},{"not_picked":["Blood for Blood","Pommel Strike"],"picked":"Reaper","floor":25},{"not_picked":["True Grit","Wild Strike"],"picked":"Flex+1","floor":28},{"not_picked":["Rage","Clash"],"picked":"Dropkick","floor":29},{"not_picked":["Sever Soul+1","Shockwave"],"picked":"Thunderclap","floor":31},{"not_picked":["Juggernaut","Feed"],"picked":"Dark Embrace","floor":33},{"not_picked":["Perfected Strike","Clash"],"picked":"Shrug It Off","floor":34},{"not_picked":["Infernal Blade","Sword Boomerang"],"picked":"Flex","floor":34},{"not_picked":["Pommel Strike","True Grit+1"],"picked":"Feel No Pain","floor":34},{"not_picked":["Second Wind","Reckless Charge+1"],"picked":"Intimidate","floor":34},{"not_picked":["Corruption","Rage"],"picked":"Flame Barrier+1","floor":34},{"not_picked":["Power Through+1","Clothesline+1"],"picked":"Shrug It Off+1","floor":35},{"not_picked":["Wild Strike","Armaments"],"picked":"Cleave+1","floor":38},{"not_picked":["Wild Strike","Rupture"],"picked":"Uppercut","floor":40},{"not_picked":["Warcry+1","Perfected Strike"],"picked":"Disarm","floor":42},{"not_picked":["Exhume","Iron Wave+1"],"picked":"Headbutt+1","floor":44},{"not_picked":["Fire Breathing+1","Armaments"],"picked":"Intimidate","floor":45},{"not_picked":["Thinking Ahead","Transmutation"],"picked":"Swift Strike","floor":46},{"not_picked":["Flash of Steel","Chrysalis"],"picked":"Bandage Up","floor":46},{"not_picked":["Sword Boomerang","Cleave+1"],"picked":"Thunderclap+1","floor":47},{"not_picked":["Pommel Strike","Thunderclap"],"picked":"Perfected Strike","floor":48}],"player_experience":528701,"relics_obtained":[{"floor":6.0,"key":"Strawberry"},{"floor":7.0,"key":"Smiling Mask"},{"floor":9.0,"key":"Happy Flower"},{"floor":21.0,"key":"Incense Burner"},{"floor":21.0,"key":"Shuriken"},{"floor":25,"key":"Oddly Smooth Stone"},{"floor":26,"key":"Pen Nib"},{"floor":28,"key":"Tiny Chest"},{"floor":40,"key":"War Paint"},{"floor":43,"key":"Frozen Egg 2"},{"floor":45,"key":"Lantern"}],"event_choices":[{"damage_healed":0.0,"max_hp_gain":0.0,"max_hp_loss":0.0,"gold_gain":0.0,"event_name":"Scrap Ooze","player_choice":"Success","floor":2.0,"gold_loss":0.0,"damage_taken":18.0,"relics_obtained":["Gremlin Horn"]},{"damage_healed":0.0,"max_hp_gain":0.0,"max_hp_loss":0.0,"gold_gain":0.0,"event_name":"Golden Idol","player_choice":"Take Wound","floor":4.0,"gold_loss":0.0,"damage_taken":0.0,"relics_obtained":["Golden Idol"],"cards_obtained":["Injury"]},{"damage_healed":0.0,"max_hp_gain":0.0,"max_hp_loss":0.0,"gold_gain":175.0,"event_name":"Liars Game","player_choice":"AGREE","floor":5.0,"gold_loss":0.0,"damage_taken":0.0,"cards_obtained":["Doubt"]},{"damage_healed":0.0,"max_hp_gain":0.0,"max_hp_loss":0.0,"gold_gain":0.0,"event_name":"Golden Wing","player_choice":"Ignored","floor":12.0,"gold_loss":0.0,"damage_taken":0.0},{"damage_healed":0.0,"max_hp_gain":0.0,"max_hp_loss":0.0,"gold_gain":0.0,"event_name":"Forgotten Altar","player_choice":"Gave Idol","floor":19.0,"relics_lost":["Golden Idol"],"gold_loss":0.0,"damage_taken":0.0,"relics_obtained":["Bloody Idol"]},{"damage_healed":0.0,"max_hp_gain":0.0,"max_hp_loss":0.0,"gold_gain":0.0,"event_name":"Colosseum","player_choice":"Fight","floor":21.0,"gold_loss":0.0,"damage_taken":0.0},{"damage_healed":0.0,"max_hp_gain":0.0,"max_hp_loss":0.0,"gold_gain":0.0,"event_name":"Colosseum","player_choice":"Fought Nobs","floor":21.0,"gold_loss":0.0,"damage_taken":0.0},{"damage_healed":0,"gold_gain":0,"player_choice":"Paid","damage_taken":0,"relics_obtained":["Red Mask"],"max_hp_gain":0,"max_hp_loss":0,"event_name":"Tomb of Lord Red Mask","floor":36,"gold_loss":170},{"damage_healed":0,"gold_gain":0,"player_choice":"Embrace Madness","damage_taken":11,"max_hp_gain":0,"max_hp_loss":0,"event_name":"Winding Halls","floor":37,"gold_loss":0,"cards_obtained":["Madness","Madness"]},{"damage_healed":0,"gold_gain":100,"player_choice":"Pray","damage_taken":0,"max_hp_gain":0,"max_hp_loss":0,"event_name":"Golden Shrine","floor":39,"gold_loss":0},{"damage_healed":0,"gold_gain":0,"player_choice":"Memory 2","damage_taken":5,"max_hp_gain":0,"max_hp_loss":0,"event_name":"SensoryStone","floor":46,"gold_loss":0}],"is_beta":false,"boss_relics":[{"not_picked":["Snecko Eye","Runic Dome"],"picked":"Runic Pyramid"},{"not_picked":["Sozu","Empty Cage"],"picked":"Orrery"}],"items_purged_floors":[11,30],"is_endless":false,"potions_floor_spawned":[1,8,16,20,22,24,28,31,38,42,44,45],"killed_by":"Donu and Deca","ascension_level":0}