{"gold_per_floor":[116,116,4,4,18,18,51,69,69,69,69,81,98,112,112,214,264,284,303,318,351,41,41,72,91,117,117,127,127,145,145,145,248,248,264,282,301,124,346,346,377,389,450,462,485,497],"floor_reached":46,"playtime":2331,"items_purged":["Strike_B","Defend_B"],"score":547,"play_id":"5f23b7b6-c576-4f87-94ff-708dfd728543","local_time":"20190420122823","is_ascension_mode":false,"campfire_choices":[{"data":"Loop","floor":6.0,"key":"SMITH"},{"data":"Gash","floor":10.0,"key":"SMITH"},{"floor":15.0,"key":"REST"},{"floor":23.0,"key":"REST"},{"floor":29.0,"key":"REST"},{"floor":32.0,"key":"REST"},{"floor":40,"key":"RECALL"},{"floor":44,"key":"REST"}],"neow_cost":"NONE","seed_source_timestamp":0,"circlet_count":0,"master_deck":["Strike_B+1","Strike_B","Defend_B","Defend_B","Zap","Dualcast","Ball Lightning","Loop+1","Gash+1","Gash","Leap","Dramatic Entrance","Ball Lightning","Self Repair","Capacitor","Creative AI+1","Glacier","Gash+1","Barrage+1","Steam","Storm+1","Capacitor+1","Loop+1","Buffer+1","Turbo+1","Aggregate","Turbo+1","Streamline+1","Loop+1","Turbo+1","Melter"],"special_seed":0,"relics":["Cracked Core","NeowsBlessing","Pear","Lantern","Tiny House","Red Mask","Frozen Egg 2","Incense Burner","Centennial Puzzle","Orrery","MawBank","Whetstone"],"potions_floor_usage":[37,37,41,46],"damage_taken":[{"damage":0.0,"enemies":"2 Louse","floor":1.0,"turns":1.0},{"damage":0.0,"enemies":"Small Slimes","floor":5.0,"turns":1.0},{"damage":0.0,"enemies":"Gremlin Nob","floor":7.0,"turns":1.0},{"damage":0.0,"enemies":"Cultist","floor":8.0,"turns":2.0},{"damage":0.0,"enemies":"Looter","floor":12.0,"turns":2.0},{"damage":12.0,"enemies":"Blue Slaver","floor":13.0,"turns":2.0},{"damage":0.0,"enemies":"Gremlin Gang","floor":14.0,"turns":3.0},{"damage":68.0,"enemies":"Slime Boss","floor":16.0,"turns":7.0},{"damage":9.0,"enemies":"Spheric Guardian","floor":18.0,"turns":5.0},{"damage":17.0,"enemies":"Chosen","floor":19.0,"turns":5.0},{"damage":22.0,"enemies":"Snecko","floor":20.0,"turns":5.0},{"damage":21.0,"enemies":"Masked Bandits","floor":21.0,"turns":4.0},{"damage":52.0,"enemies":"Gremlin Leader","floor":24.0,"turns":5.0},{"damage":18.0,"enemies":"3 Cultists","floor":25.0,"turns":4.0},{"damage":3.0,"enemies":"Snake Plant","floor":28.0,"turns":3.0},{"damage":10.0,"enemies":"Cultist and Chosen","floor":30.0,"turns":4.0},{"damage":58.0,"enemies":"Automaton","floor":33.0,"turns":8.0},{"damage":2.0,"enemies":"Orb Walker","floor":35.0,"turns":4.0},{"damage":25.0,"enemies":"3 Darklings","floor":36.0,"turns":7.0},{"damage":7,"enemies":"Spire Growth","floor":37,"turns":4},{"damage":60,"enemies":"Nemesis","floor":41,"turns":7},{"damage":23,"enemies":"Maw","floor":45,"turns":7},{"damage":35,"enemies":"Reptomancer","floor":46,"turns":3}],"seed_played":"-4627370903059641983","potions_obtained":[{"floor":7.0,"key":"Dexterity Potion"},{"floor":13.0,"key":"Dexterity Potion"},{"floor":16.0,"key":"Ancient Potion"},{"floor":17.0,"key":"Explosive Potion"},{"floor":19.0,"key":"EntropicBrew"},{"floor":24.0,"key":"Block Potion"},{"floor":27.0,"key":"Energy Potion"},{"floor":28.0,"key":"Swift Potion"},{"floor":30.0,"key":"PowerPotion"},{"floor":36.0,"key":"EssenceOfSteel"},{"floor":37,"key":"Swift Potion"},{"floor":45,"key":"Explosive Potion"}],"is_trial":false,"path_per_floor":["M","?","$","?","M","R","E","M","T","R","?","M","M","M","R","B",null,"M","M","M","?","$","R","E","M","T","?","M","R","M","?","R","B",null,"M","M","M","$","?","R","E","?","T","R","M","E"],"character_chosen":"DEFECT","items_purchased":["Loop","Frozen Egg 2","Storm+1","Loop+1"],"campfire_rested":5,"item_purchase_floors":[3,22,22,38],"current_hp_per_floor":[75,60,60,53,53,53,53,53,53,53,53,53,41,48,73,12,90,88,78,63,49,49,76,31,20,20,20,17,44,41,41,68,10,90,90,72,72,72,72,72,19,19,19,46,30,0],"gold":497,"neow_bonus":"THREE_ENEMY_KILL","is_prod":false,"is_daily":false,"chose_seed":false,"campfire_upgraded":2,"win_rate":0,"timestamp":1555777703,"path_taken":["M","?","$","?","M","R","E","M","T","R","?","M","M","?","R","BOSS","M","M","M","?","$","R","E","M","T","?","?","R","M","?","R","BOSS","M","?","M","$","?","R","E","?","T","R","M","E"],"build_version":"2019-01-23","purchased_purges":2,"victory":false,"max_hp_per_floor":[75,85,85,85,85,85,85,85,85,85,85,85,85,85,85,85,90,90,90,90,90,90,90,90,90,90,90,90,90,90,90,90,90,90,90,90,90,90,90,90,90,90,90,90,90,90],"card_choices":[{"not_picked":["Coolheaded","Darkness"],"picked":"Ball Lightning","floor":1.0},{"not_picked":["Barrage","Stack"],"picked":"Gash","floor":5.0},{"not_picked":["Heatsinks","Reinforced Body"],"picked":"Gash","floor":7.0},{"not_picked":["Streamline","Coolheaded"],"picked":"Leap","floor":8.0},{"not_picked":["Fusion","Multi-Cast"],"picked":"Ball Lightning","floor":12.0},{"not_picked":["Double Energy","Cold Snap"],"picked":"Self Repair","floor":13.0},{"not_picked":["Go for the Eyes","Aggregate"],"picked":"Capacitor","floor":14.0},{"not_picked":["Core Surge","All For One"],"picked":"Creative AI","floor":16.0},{"not_picked":["Sunder","Ball Lightning"],"picked":"Glacier","floor":17.0},{"not_picked":["Stack","Melter"],"picked":"Gash","floor":18.0},{"not_picked":["Rebound","BootSequence"],"picked":"Barrage+1","floor":19.0},{"not_picked":["Darkness","Ball Lightning"],"picked":"Steam","floor":20.0},{"not_picked":["White Noise","Ball Lightning"],"picked":"Capacitor+1","floor":24.0},{"not_picked":["Streamline+1","FTL+1","Darkness"],"picked":"SKIP","floor":25.0},{"not_picked":["Barrage","Core Surge","Ball Lightning"],"picked":"SKIP","floor":28.0},{"not_picked":["Genetic Algorithm","Hello World+1","Stack"],"picked":"SKIP","floor":30.0},{"not_picked":["Meteor Strike","Hyperbeam"],"picked":"Buffer+1","floor":33.0},{"not_picked":["Self Repair+1","Coolheaded"],"picked":"Turbo+1","floor":34.0},{"not_picked":["Hologram","Cold Snap"],"picked":"Aggregate","floor":34.0},{"not_picked":["Conserve Battery","Heatsinks+1"],"picked":"Turbo+1","floor":35.0},{"not_picked":["Compile Driver+1","Ball Lightning","Steam"],"picked":"SKIP","floor":36.0},{"not_picked":["All For One","Rip and Tear"],"picked":"Streamline+1","floor":37},{"not_picked":["Stack+1","Self Repair+1"],"picked":"Turbo+1","floor":41},{"not_picked":["Hello World+1","Fusion"],"picked":"Melter","floor":45}],"player_experience":834149,"relics_obtained":[{"floor":7.0,"key":"Lantern"},{"floor":21.0,"key":"Red Mask"},{"floor":24.0,"key":"Incense Burner"},{"floor":26.0,"key":"Centennial Puzzle"},{"floor":41,"key":"MawBank"},{"floor":43,"key":"Whetstone"}],"event_choices":[{"damage_healed":0.0,"max_hp_gain":0.0,"max_hp_loss":0.0,"gold_gain":0.0,"event_name":"Scrap Ooze","player_choice":"Success","floor":2.0,"gold_loss":0.0,"damage_taken":25.0,"relics_obtained":["Pear"]},{"cards_removed":["Defend_B"],"damage_healed":0.0,"max_hp_gain":0.0,"max_hp_loss":0.0,"gold_gain":0.0,"event_name":"Golden Wing","player_choice":"Card Removal","floor":4.0,"gold_loss":0.0,"damage_taken":7.0},{"damage_healed":0.0,"max_hp_gain":0.0,"max_hp_loss":0.0,"gold_gain":0.0,"event_name":"Match and Keep!","player_choice":"1 cards matched","floor":11.0,"gold_loss":0.0,"damage_taken":0.0,"cards_obtained":["Dramatic Entrance"]},{"damage_healed":0.0,"max_hp_gain":0.0,"max_hp_loss":0.0,"gold_gain":0.0,"event_name":"Masked Bandits","player_choice":"Fought Bandits","floor":21.0,"gold_loss":0.0,"damage_taken":0.0},{"damage_healed":0.0,"max_hp_gain":0.0,"max_hp_loss":0.0,"gold_gain":0.0,"event_name":"Lab","player_choice":"Got Potions","floor":27.0,"gold_loss":0.0,"damage_taken":0.0},{"damage_healed":0.0,"max_hp_gain":0.0,"max_hp_loss":0.0,"gold_gain":0.0,"event_name":"Duplicator","player_choice":"Copied","floor":31.0,"gold_loss":0.0,"damage_taken":0.0,"cards_obtained":["Loop"]},{"damage_healed":0,"gold_gain":222,"player_choice":"Wore Mask","damage_taken":0,"max_hp_gain":0,"max_hp_loss":0,"event_name":"Tomb of Lord Red Mask","floor":39,"gold_loss":0},{"cards_removed":["Strike_B"],"damage_healed":0,"gold_gain":0,"player_choice":"Purged","damage_taken":0,"max_hp_gain":0,"max_hp_loss":0,"event_name":"Purifier","floor":42,"gold_loss":0}],"is_beta":false,"boss_relics":[{"not_picked":["Runic Dome","Nuclear Battery"],"picked":"Tiny House"},{"not_picked":["Velvet Choker","Inserter"],"picked":"Orrery"}],"items_purged_floors":[3,38],"is_endless":false,"potions_floor_spawned":[7,13,16,19,24,25,28,30,36,37,45],"killed_by":"Reptomancer","ascension_level":0}