{"gold_per_floor":[115,115,38,38,52,84,99,99,152,152,152,152,185,14,14,14],"floor_reached":16,"playtime":244,"items_purged":["Strike_B"],"score":262,"play_id":"319673c8-184b-4d8f-a23b-d16a32cb5ab9","local_time":"20190527173710","is_ascension_mode":true,"campfire_choices":[{"data":"Dualcast","floor":8.0,"key":"SMITH"},{"data":"Turbo","floor":10.0,"key":"SMITH"},{"data":"Zap","floor":12,"key":"SMITH"},{"data":"Turbo","floor":15,"key":"SMITH"}],"neow_cost":"NONE","seed_source_timestamp":169885167548974,"circlet_count":0,"master_deck":["AscendersBane","Strike_B","Defend_B","Defend_B","Defend_B","Defend_B","Zap+1","Dualcast+1","Genetic Algorithm","Blizzard","Tempest","Turbo+1","Meteor Strike","Turbo+1","Ball Lightning","Capacitor"],"special_seed":0,"relics":["Cracked Core","NeowsBlessing","Potion Belt","Anchor","Bronze Scales"],"potions_floor_usage":[13,16],"damage_taken":[{"damage":0.0,"enemies":"Cultist","floor":1.0,"turns":1.0},{"damage":0.0,"enemies":"Small Slimes","floor":5.0,"turns":1.0},{"damage":0.0,"enemies":"Lagavulin","floor":6.0,"turns":1.0},{"damage":5.0,"enemies":"2 Louse","floor":7.0,"turns":2.0},{"damage":35,"enemies":"3 Sentries","floor":13,"turns":8},{"damage":25,"enemies":"The Guardian","floor":16,"turns":5}],"seed_played":"-3119643434870264517","potions_obtained":[{"floor":5.0,"key":"SpeedPotion"},{"floor":13,"key":"Fire Potion"}],"is_trial":false,"path_per_floor":["M","?","$","?","M","E","M","R","T","R","?","R","E","$","R","B"],"character_chosen":"DEFECT","items_purchased":["Blizzard","Ball Lightning","Capacitor"],"campfire_rested":0,"item_purchase_floors":[3,14,14],"current_hp_per_floor":[64,64,64,64,64,64,59,59,59,59,59,59,24,24,24,0],"gold":14,"neow_bonus":"THREE_ENEMY_KILL","is_prod":false,"is_daily":false,"chose_seed":false,"campfire_upgraded":4,"win_rate":0,"timestamp":1558949830,"path_taken":["M","?","$","?","?","E","M","R","T","R","?","R","E","$","R","BOSS"],"build_version":"2019-01-23","purchased_purges":1,"victory":false,"max_hp_per_floor":[71,71,71,71,71,71,71,71,71,71,71,71,71,71,71,71],"card_choices":[{"not_picked":["Gash","Streamline"],"picked":"Genetic Algorithm","floor":1.0},{"not_picked":["Hologram","Sweeping Beam"],"picked":"Tempest","floor":5.0},{"not_picked":["Chill","Reinforced Body"],"picked":"Turbo","floor":6.0},{"not_picked":["Undo","Hologram"],"picked":"Meteor Strike","floor":7.0},{"not_picked":["Tempest","Hello World"],"picked":"Turbo","floor":13}],"player_experience":1776348,"relics_obtained":[{"floor":6.0,"key":"Potion Belt"},{"floor":9.0,"key":"Anchor"},{"floor":13,"key":"Bronze Scales"}],"event_choices":[{"cards_removed":["Strike_B"],"damage_healed":0.0,"max_hp_gain":0.0,"max_hp_loss":0.0,"gold_gain":0.0,"event_name":"Living Wall","player_choice":"Forget","floor":2.0,"gold_loss":0.0,"damage_taken":0.0},{"cards_removed":["Strike_B"],"damage_healed":0.0,"max_hp_gain":0.0,"max_hp_loss":0.0,"gold_gain":0.0,"event_name":"Wheel of Change","player_choice":"Card Removal","floor":4.0,"gold_loss":0.0,"damage_taken":0.0},{"damage_healed":0,"gold_gain":0,"player_choice":"Searched \u00270\u0027 times","damage_taken":0,"max_hp_gain":0,"max_hp_loss":0,"event_name":"Dead Adventurer","floor":11,"gold_loss":0}],"is_beta":false,"boss_relics":[],"items_purged_floors":[14],"is_endless":false,"potions_floor_spawned":[5,13],"killed_by":"The Guardian","ascension_level":20}