{"gold_per_floor":[365,365,379,395,147,181,181,112,112,143,143,28,28,40,40,139,139,139,139,139,139,85,85,85,85,85,85,85,65,65,65,65,65,65,65,65,65,65,65,65,30,30,30,30,30,30,30,30,30,30],"floor_reached":51,"playtime":12240,"items_purged":["Shame"],"score":951,"play_id":"69336839-e4b3-4177-b275-d644e978f227","local_time":"20190610211131","is_ascension_mode":true,"campfire_choices":[{"data":"Infernal Blade","floor":7.0,"key":"SMITH"},{"data":"Infernal Blade","floor":11.0,"key":"SMITH"},{"data":"Perfected Strike","floor":13.0,"key":"SMITH"},{"data":"Fire Breathing","floor":15.0,"key":"SMITH"},{"data":"Barricade","floor":23,"key":"SMITH"},{"floor":25,"key":"REST"},{"data":"Impervious","floor":30,"key":"SMITH"},{"data":"Double Tap","floor":32,"key":"SMITH"},{"data":"Body Slam","floor":42,"key":"SMITH"},{"data":"Perfected Strike","floor":45,"key":"SMITH"},{"data":"Impervious","floor":49,"key":"SMITH"}],"neow_cost":"CURSE","seed_source_timestamp":0,"circlet_count":0,"master_deck":["Strike_R","Strike_R+1","Strike_R","Strike_R+1","Strike_R","Defend_R","Bash","Infernal Blade+1","Corruption","Shrug It Off","Shrug It Off","Infernal Blade+1","Fire Breathing+1","Seeing Red","Perfected Strike+1","Ghostly Armor","Seeing Red","Barricade+1","Pommel Strike","Armaments+1","Shrug It Off","Perfected Strike+1","Flame Barrier","Impervious+1","Impervious+1","Double Tap+1","Dark Embrace","Body Slam+1","Flame Barrier","Perfected Strike+1"],"special_seed":0,"relics":["Burning Blood","Tiny Chest","Self Forming Clay","Bottled Flame","Whetstone","Ectoplasm","Smiling Mask","Lantern","Orichalcum","Sozu","Art of War","Pocketwatch","Dream Catcher","Pantograph"],"potions_floor_usage":[19,24,33,33,40],"damage_taken":[{"damage":0.0,"enemies":"Small Slimes","floor":1.0,"turns":3.0},{"damage":7.0,"enemies":"Jaw Worm","floor":3.0,"turns":3.0},{"damage":10.0,"enemies":"2 Louse","floor":4.0,"turns":2.0},{"damage":15.0,"enemies":"Gremlin Nob","floor":6.0,"turns":4.0},{"damage":21.0,"enemies":"3 Sentries","floor":10.0,"turns":8.0},{"damage":0.0,"enemies":"Red Slaver","floor":14.0,"turns":3.0},{"damage":12.0,"enemies":"Slime Boss","floor":16.0,"turns":9.0},{"damage":27,"enemies":"Shell Parasite","floor":18,"turns":4},{"damage":6,"enemies":"Spheric Guardian","floor":19,"turns":4},{"damage":33,"enemies":"Book of Stabbing","floor":24,"turns":6},{"damage":8,"enemies":"Centurion and Healer","floor":27,"turns":4},{"damage":0,"enemies":"Snake Plant","floor":31,"turns":2},{"damage":6,"enemies":"Automaton","floor":33,"turns":14},{"damage":14,"enemies":"3 Darklings","floor":35,"turns":8},{"damage":0,"enemies":"3 Shapes","floor":38,"turns":4},{"damage":14,"enemies":"Nemesis","floor":40,"turns":9},{"damage":0,"enemies":"Sphere and 2 Shapes","floor":44,"turns":4},{"damage":3,"enemies":"4 Shapes","floor":47,"turns":6},{"damage":47,"enemies":"Reptomancer","floor":48,"turns":11},{"damage":53,"enemies":"Donu and Deca","floor":50,"turns":9}],"seed_played":"-4773910085960859999","potions_obtained":[{"floor":1.0,"key":"EntropicBrew"},{"floor":4.0,"key":"Block Potion"},{"floor":6.0,"key":"Poison Potion"},{"floor":27,"key":"EssenceOfSteel"},{"floor":29,"key":"Dexterity Potion"},{"floor":33,"key":"FearPotion"}],"is_trial":false,"path_per_floor":["M","?","M","M","$","E","R","$","T","E","R","$","R","M","R","B",null,"M","M","?","T","$","R","E","R","T","M","?","?","R","M","R","B",null,"M","$","T","M","?","E","$","R","T","M","R","$","M","E","R","B",null],"character_chosen":"IRONCLAD","items_purchased":["Tiny Chest","Shrug It Off","Fire Breathing","Perfected Strike","Ghostly Armor","Shrug It Off","Flame Barrier"],"campfire_rested":1,"item_purchase_floors":[5,5,8,12,12,22,41],"current_hp_per_floor":[78,78,77,73,73,64,64,64,64,49,49,49,49,55,55,49,72,51,59,59,59,59,59,32,56,56,54,54,54,54,60,60,60,75,67,67,67,73,80,72,72,72,72,78,78,78,80,39,39,17],"gold":30,"neow_bonus":"TWO_FIFTY_GOLD","is_prod":false,"is_daily":false,"chose_seed":false,"campfire_upgraded":10,"win_rate":0,"timestamp":1560215491,"path_taken":["M","?","M","M","$","E","R","$","T","E","R","$","R","M","R","BOSS","M","M","?","?","$","R","E","R","T","M","?","?","R","M","R","BOSS","M","$","?","M","?","E","$","R","T","?","R","?","M","E","R","BOSS"],"build_version":"2019-01-23","purchased_purges":1,"victory":true,"max_hp_per_floor":[80,80,80,80,80,80,80,80,80,80,80,80,80,80,80,80,80,80,80,80,80,80,80,80,80,80,80,80,80,80,80,80,80,80,80,80,80,80,80,80,80,80,80,80,80,80,80,80,80,80],"card_choices":[{"not_picked":["True Grit","Combust","Warcry"],"picked":"SKIP","floor":1.0},{"not_picked":["Evolve","Rupture"],"picked":"Corruption","floor":3.0},{"not_picked":["Rage","Flex"],"picked":"Shrug It Off","floor":4.0},{"not_picked":["Havoc","True Grit"],"picked":"Infernal Blade","floor":6.0},{"not_picked":["Havoc","Pommel Strike"],"picked":"Seeing Red","floor":10.0},{"not_picked":["Thunderclap","Searing Blow"],"picked":"Seeing Red","floor":14.0},{"not_picked":["Offering","Double Tap"],"picked":"Barricade","floor":16.0},{"not_picked":["Dropkick+1","Cleave"],"picked":"Pommel Strike","floor":18},{"not_picked":["Sword Boomerang+1","Thunderclap+1"],"picked":"Armaments+1","floor":19},{"not_picked":["Spot Weakness","Uppercut"],"picked":"Perfected Strike+1","floor":24},{"not_picked":["Headbutt+1","Clash+1"],"picked":"Flame Barrier","floor":27},{"not_picked":["Cleave","Wild Strike"],"picked":"Double Tap","floor":31},{"not_picked":["Offering","Berserk"],"picked":"Dark Embrace","floor":33},{"not_picked":["Battle Trance","Pummel","Cleave"],"picked":"SKIP","floor":35},{"not_picked":["Disarm+1","Havoc"],"picked":"Evolve+1","floor":38},{"not_picked":["Evolve+1","Power Through+1"],"picked":"Body Slam","floor":40},{"not_picked":["Sever Soul","Warcry+1"],"picked":"Perfected Strike","floor":44},{"not_picked":["Burning Pact","Second Wind","Warcry+1"],"picked":"SKIP","floor":47},{"not_picked":["Carnage","Brutality","True Grit+1"],"picked":"SKIP","floor":48}],"player_experience":1061601,"relics_obtained":[{"floor":6.0,"key":"Self Forming Clay"},{"floor":9.0,"key":"Bottled Flame"},{"floor":10.0,"key":"Whetstone"},{"floor":21,"key":"Smiling Mask"},{"floor":24,"key":"Lantern"},{"floor":26,"key":"Orichalcum"},{"floor":37,"key":"Art of War"},{"floor":40,"key":"Pocketwatch"},{"floor":43,"key":"Dream Catcher"},{"floor":48,"key":"Pantograph"}],"event_choices":[{"damage_healed":0.0,"max_hp_gain":0.0,"max_hp_loss":0.0,"gold_gain":0.0,"cards_transformed":["Defend_R"],"event_name":"Living Wall","player_choice":"Change","floor":2.0,"gold_loss":0.0,"damage_taken":0.0,"cards_obtained":["Infernal Blade"]},{"damage_healed":0,"gold_gain":0,"player_choice":"Ignored","damage_taken":0,"max_hp_gain":0,"max_hp_loss":0,"event_name":"Ghosts","floor":20,"gold_loss":0},{"damage_healed":0,"gold_gain":0,"cards_transformed":["Defend_R","Defend_R"],"player_choice":"Became Test Subject","damage_taken":0,"max_hp_gain":0,"max_hp_loss":0,"event_name":"Drug Dealer","floor":28,"gold_loss":0,"cards_obtained":["Impervious","Impervious"]},{"damage_healed":0,"gold_gain":0,"player_choice":"Bought 1 Potion","damage_taken":0,"max_hp_gain":0,"max_hp_loss":0,"event_name":"The Woman in Blue","floor":29,"gold_loss":0},{"cards_removed":["Evolve"],"damage_healed":7,"gold_gain":0,"player_choice":"Offered Uncommon","damage_taken":0,"max_hp_gain":0,"max_hp_loss":0,"event_name":"Bonfire Elementals","floor":39,"gold_loss":0}],"is_beta":false,"boss_relics":[{"not_picked":["Velvet Choker","Philosopher\u0027s Stone"],"picked":"Ectoplasm"},{"not_picked":["Busted Crown","Coffee Dripper"],"picked":"Sozu"}],"items_purged_floors":[5],"is_endless":false,"potions_floor_spawned":[1,4,6,27,33,35,40,47,48],"ascension_level":8}