{"gold_per_floor":[117,130,142,162,162,162,56,56,102,102,136,55,71,95,95,214,214,237,251,26,26,46,79,100,100,125,125,125,125,141,159,159,159],"floor_reached":33,"playtime":2914,"items_purged":[],"score":343,"play_id":"0cd7cd1a-23af-4bc7-98a8-bff8605b6083","local_time":"20190703210503","is_ascension_mode":false,"campfire_choices":[{"data":"Twin Strike","floor":6,"key":"SMITH"},{"floor":15,"key":"REST"},{"floor":25,"key":"REST"},{"floor":32,"key":"REST"}],"neow_cost":"NONE","seed_source_timestamp":1189259975674700,"circlet_count":0,"master_deck":["Strike_R+1","Strike_R+1","Strike_R+1","Defend_R+1","Defend_R+1","Defend_R+1","Defend_R+1","Bash","Cleave+1","Sword Boomerang","Iron Wave","Twin Strike+1","Carnage","Seeing Red","Reaper","Anger","Ghostly Armor","Shrug It Off","Armaments","Flex","Bludgeon","Ghostly Armor","Clothesline+1","Anger","Double Tap","Body Slam","Intimidate+1","Flame Barrier+1","Anger","Clothesline+1","Pommel Strike","Warcry","Cleave","Flex","Anger+1"],"relics":["Burning Blood","Strawberry","Dream Catcher","Golden Idol","Mercury Hourglass","Philosopher\u0027s Stone","Anchor","Ancient Tea Set","Spirit Poop"],"potions_floor_usage":[13,16,16,16,22,23,23,23,33,33],"damage_taken":[{"damage":3,"enemies":"Cultist","floor":1,"turns":6},{"damage":1,"enemies":"Jaw Worm","floor":2,"turns":3},{"damage":0,"enemies":"Small Slimes","floor":3,"turns":3},{"damage":6,"enemies":"Blue Slaver","floor":4,"turns":4},{"damage":48,"enemies":"Gremlin Nob","floor":11,"turns":5},{"damage":4,"enemies":"2 Fungi Beasts","floor":13,"turns":3},{"damage":0,"enemies":"Lots of Slimes","floor":14,"turns":1},{"damage":64,"enemies":"The Guardian","floor":16,"turns":10},{"damage":24,"enemies":"Shell Parasite","floor":18,"turns":6},{"damage":19,"enemies":"3 Byrds","floor":19,"turns":5},{"damage":25,"enemies":"Shelled Parasite and Fungi","floor":22,"turns":6},{"damage":43,"enemies":"Gremlin Leader","floor":23,"turns":5},{"damage":2,"enemies":"Centurion and Healer","floor":24,"turns":5},{"damage":20,"enemies":"Snake Plant","floor":30,"turns":4},{"damage":6,"enemies":"3 Cultists","floor":31,"turns":4},{"damage":78,"enemies":"Automaton","floor":33,"turns":8}],"seed_played":"-4510403056565592115","potions_obtained":[{"floor":3,"key":"SneckoOil"},{"floor":4,"key":"BloodPotion"},{"floor":11,"key":"LiquidBronze"},{"floor":13,"key":"Fire Potion"},{"floor":21,"key":"Block Potion"},{"floor":21,"key":"PowerPotion"},{"floor":22,"key":"SteroidPotion"},{"floor":24,"key":"FearPotion"},{"floor":31,"key":"Strength Potion"}],"is_trial":false,"path_per_floor":["M","M","M","M","?","R","$","?","T","?","E","$","M","M","R","B",null,"M","M","$","?","M","E","M","R","T","?","?","?","M","M","R","B"],"character_chosen":"IRONCLAD","items_purchased":["Carnage","Seeing Red","Anger","Ghostly Armor","Anger","Double Tap","Fire Potion","Body Slam"],"campfire_rested":3,"item_purchase_floors":[7,7,12,12,20,20,20,20],"current_hp_per_floor":[88,88,88,88,88,88,88,53,53,53,11,11,36,42,70,16,95,77,68,68,68,53,28,32,60,60,60,60,60,46,46,74,0],"gold":159,"neow_bonus":"TEN_PERCENT_HP_BONUS","is_prod":false,"is_daily":false,"chose_seed":false,"campfire_upgraded":1,"win_rate":0.0,"timestamp":1562205903,"path_taken":["M","?","M","M","?","R","$","?","T","?","E","?","M","M","R","BOSS","M","M","$","?","M","E","?","R","T","?","?","?","M","M","R","BOSS"],"build_version":"2019-07-01","purchased_purges":0,"victory":false,"max_hp_per_floor":[88,88,88,88,88,88,88,95,95,95,95,95,95,95,95,95,95,95,95,95,95,95,95,95,95,95,95,95,95,95,95,95,95],"card_choices":[{"not_picked":["Clothesline","Feel No Pain"],"picked":"Cleave","floor":1},{"not_picked":["Inflame","Rampage"],"picked":"Sword Boomerang","floor":2},{"not_picked":["Blood for Blood","Pummel"],"picked":"Iron Wave","floor":3},{"not_picked":["Intimidate","Inflame"],"picked":"Twin Strike","floor":4},{"not_picked":["Rage","Disarm"],"picked":"Reaper","floor":11},{"not_picked":["Power Through","Uppercut"],"picked":"Shrug It Off","floor":13},{"not_picked":["Inflame","Heavy Blade"],"picked":"Armaments","floor":14},{"not_picked":["Pommel Strike","Thunderclap"],"picked":"Flex","floor":15},{"not_picked":["Dark Embrace","Limit Break"],"picked":"Bludgeon","floor":16},{"not_picked":["Twin Strike","Sever Soul"],"picked":"Ghostly Armor","floor":18},{"not_picked":["Twin Strike","Pommel Strike"],"picked":"Clothesline+1","floor":19},{"not_picked":["Shrug It Off+1","Clothesline"],"picked":"Intimidate+1","floor":22},{"not_picked":["Pommel Strike","Shrug It Off"],"picked":"Flame Barrier+1","floor":23},{"not_picked":["Burning Pact","Flame Barrier"],"picked":"Anger","floor":24},{"not_picked":["Feed","Intimidate"],"picked":"Clothesline+1","floor":25},{"not_picked":["Clothesline+1","Entrench"],"picked":"Cleave","floor":30},{"not_picked":["Searing Blow","Corruption"],"picked":"Flex","floor":31},{"not_picked":["Carnage","Warcry"],"picked":"Anger+1","floor":32}],"player_experience":18900,"relics_obtained":[{"floor":9,"key":"Dream Catcher"},{"floor":11,"key":"Mercury Hourglass"},{"floor":23,"key":"Anchor"},{"floor":26,"key":"Ancient Tea Set"}],"event_choices":[{"damage_healed":0,"gold_gain":0,"player_choice":"Grow","damage_taken":0,"max_hp_gain":0,"max_hp_loss":0,"event_name":"Living Wall","floor":5,"gold_loss":0,"cards_upgraded":["Cleave"]},{"damage_healed":0,"gold_gain":0,"player_choice":"Success","damage_taken":42,"relics_obtained":["Strawberry"],"max_hp_gain":0,"max_hp_loss":0,"event_name":"Scrap Ooze","floor":8,"gold_loss":0},{"damage_healed":0,"gold_gain":0,"player_choice":"Take Wound","damage_taken":0,"relics_obtained":["Golden Idol"],"max_hp_gain":0,"max_hp_loss":0,"event_name":"Golden Idol","floor":10,"gold_loss":0,"cards_obtained":["Injury"]},{"damage_healed":0,"gold_gain":0,"player_choice":"Got Potions","damage_taken":0,"max_hp_gain":0,"max_hp_loss":0,"event_name":"Lab","floor":21,"gold_loss":0},{"damage_healed":0,"gold_gain":0,"player_choice":"Simplicity","damage_taken":0,"max_hp_gain":0,"max_hp_loss":0,"event_name":"Back to Basics","floor":27,"gold_loss":0,"cards_upgraded":["Strike_R","Strike_R","Strike_R","Strike_R","Strike_R","Defend_R","Defend_R","Defend_R","Defend_R"]},{"damage_healed":0,"gold_gain":0,"cards_transformed":["Strike_R","Strike_R"],"player_choice":"Became Test Subject","damage_taken":0,"max_hp_gain":0,"max_hp_loss":0,"event_name":"Drug Dealer","floor":28,"gold_loss":0,"cards_obtained":["Pommel Strike","Warcry"]},{"cards_removed":["Injury"],"damage_healed":0,"gold_gain":0,"player_choice":"Offered Curse","damage_taken":0,"relics_obtained":["Spirit Poop"],"max_hp_gain":0,"max_hp_loss":0,"event_name":"Bonfire Elementals","floor":29,"gold_loss":0}],"is_beta":false,"boss_relics":[{"not_picked":["Eternal Feather","Runic Dome"],"picked":"Philosopher\u0027s Stone"}],"items_purged_floors":[],"is_endless":false,"potions_floor_spawned":[3,4,11,13,22,24,31],"killed_by":"Automaton","ascension_level":0}