{"gold_per_floor":[114,189,208,139,104,136,136,160,160,178,178,192,220,240,240,340,340,321,334,13,13,25,25,56,82,105,123,123,133,158,170,182,194],"floor_reached":33,"playtime":2751,"items_purged":[],"score":345,"play_id":"f7580dae-a5a8-46ac-b041-a16403c06f53","local_time":"20190203205158","is_ascension_mode":false,"campfire_choices":[{"data":"Leg Sweep","floor":7,"key":"SMITH"},{"floor":11,"key":"REST"},{"floor":15,"key":"REST"},{"floor":23,"key":"REST"},{"floor":28,"key":"REST"},{"floor":32,"key":"REST"}],"neow_cost":"NONE","seed_source_timestamp":125911410792450,"circlet_count":0,"master_deck":["Defend_G","Defend_G","Defend_G","Defend_G","Defend_G","Strike_G","Strike_G","Strike_G","Strike_G","Strike_G","Survivor","Neutralize","A Thousand Cuts","Footwork","Poisoned Stab","Leg Sweep","Leg Sweep+1","Terror","Dodge and Roll","Backstab","Blur","Flechettes","PiercingWail","Dagger Throw+1","Footwork","Ghostly","Ghostly","Ghostly","Ghostly","Ghostly","Terror+1","Quick Slash+1","Dagger Throw+1","Slice+1","Backstab+1","Predator+1","Slice+1"],"relics":["Ring of the Snake","Bag of Marbles","Prayer Wheel","Unceasing Top","Sozu","Molten Egg 2","Ice Cream","Oddly Smooth Stone","Strawberry","MawBank","Enchiridion"],"potions_floor_usage":[],"damage_taken":[{"damage":3,"enemies":"2 Louse","floor":1,"turns":3},{"damage":0,"enemies":"Jaw Worm","floor":3,"turns":6},{"damage":33,"enemies":"Gremlin Nob","floor":6,"turns":6},{"damage":0,"enemies":"Cultist","floor":10,"turns":5},{"damage":10,"enemies":"2 Fungi Beasts","floor":12,"turns":4},{"damage":17,"enemies":"3 Sentries","floor":13,"turns":10},{"damage":13,"enemies":"Exordium Thugs","floor":14,"turns":4},{"damage":6,"enemies":"The Guardian","floor":16,"turns":17},{"damage":0,"enemies":"2 Thieves","floor":18,"turns":4},{"damage":0,"enemies":"3 Byrds","floor":19,"turns":7},{"damage":18,"enemies":"Centurion and Healer","floor":22,"turns":7},{"damage":12,"enemies":"Slavers","floor":24,"turns":9},{"damage":0,"enemies":"Snecko","floor":27,"turns":6},{"damage":4,"enemies":"Snake Plant","floor":29,"turns":5},{"damage":4,"enemies":"Book of Stabbing","floor":30,"turns":6},{"damage":23,"enemies":"Champ","floor":33,"turns":12}],"seed_played":"866198212395430190","potions_obtained":[{"floor":6,"key":"Swift Potion"},{"floor":10,"key":"SteroidPotion"},{"floor":14,"key":"GamblersBrew"},{"floor":16,"key":"Strength Potion"}],"is_trial":false,"path_per_floor":["M","?","M","$","?","E","R","T","T","M","R","M","E","M","R","B",null,"M","M","$","?","M","R","E","T","T","M","R","M","E","?","R","B"],"character_chosen":"THE_SILENT","items_purchased":["Leg Sweep","Molten Egg 2","Footwork"],"campfire_rested":5,"item_purchase_floors":[4,20,20],"current_hp_per_floor":[67,56,56,56,70,37,37,37,37,37,58,48,31,18,39,33,70,70,70,70,35,17,27,15,15,22,22,34,30,26,10,22,0],"gold":194,"neow_bonus":"ONE_RANDOM_RARE_CARD","is_prod":false,"is_daily":false,"chose_seed":false,"campfire_upgraded":1,"win_rate":0,"timestamp":1549245118,"path_taken":["M","?","M","$","?","E","R","?","T","M","R","M","E","M","R","BOSS","M","M","?","?","?","R","E","?","T","M","R","M","E","?","R","BOSS"],"build_version":"2019-01-23","purchased_purges":0,"victory":false,"max_hp_per_floor":[70,70,70,70,70,70,70,70,70,70,70,70,70,70,70,70,70,70,70,70,35,35,35,35,35,42,42,42,42,42,42,42,42],"card_choices":[{"not_picked":["Outmaneuver","Predator"],"picked":"Footwork","floor":1},{"not_picked":["Concentrate","Slice"],"picked":"Poisoned Stab","floor":3},{"not_picked":["Quick Slash","Bane"],"picked":"Leg Sweep","floor":6},{"not_picked":["Calculated Gamble","Underhanded Strike","Reflex"],"picked":"SKIP","floor":10},{"not_picked":["Dagger Throw","Deflect","Reflex"],"picked":"SKIP","floor":10},{"not_picked":["Malaise","Flying Knee"],"picked":"Terror","floor":12},{"not_picked":["Slice","Outmaneuver","Eviscerate"],"picked":"SKIP","floor":12},{"not_picked":["Underhanded Strike","Prepared"],"picked":"Dodge and Roll","floor":13},{"not_picked":["Backflip","Deflect"],"picked":"Backstab","floor":14},{"not_picked":["Prepared","Terror"],"picked":"Blur","floor":14},{"not_picked":["Prepared","Slice"],"picked":"Flechettes","floor":18},{"not_picked":["Prepared","Outmaneuver","Eviscerate+1"],"picked":"SKIP","floor":18},{"not_picked":["Cloak And Dagger","Well Laid Plans"],"picked":"PiercingWail","floor":19},{"not_picked":["Eviscerate+1","PiercingWail+1"],"picked":"Dagger Throw+1","floor":19},{"not_picked":["Bane+1","Prepared"],"picked":"Terror+1","floor":22},{"not_picked":["Backflip","Calculated Gamble"],"picked":"Quick Slash+1","floor":22},{"not_picked":["Finisher+1","PiercingWail+1"],"picked":"Dagger Throw+1","floor":24},{"not_picked":["Outmaneuver","Sucker Punch+1"],"picked":"Slice+1","floor":27},{"not_picked":["Underhanded Strike+1","Backflip"],"picked":"Backstab+1","floor":27},{"not_picked":["Die Die Die+1","Tactician"],"picked":"Predator+1","floor":29},{"not_picked":["Sucker Punch+1","Deadly Poison"],"picked":"Slice+1","floor":29},{"not_picked":["Infinite Blades+1","Eviscerate+1","Cloak And Dagger+1"],"picked":"SKIP","floor":30}],"player_experience":551531,"relics_obtained":[{"floor":6,"key":"Bag of Marbles"},{"floor":9,"key":"Prayer Wheel"},{"floor":13,"key":"Unceasing Top"},{"floor":24,"key":"Ice Cream"},{"floor":25,"key":"Oddly Smooth Stone"},{"floor":26,"key":"Strawberry"},{"floor":30,"key":"MawBank"},{"floor":31,"key":"Enchiridion"}],"event_choices":[{"damage_healed":0,"gold_gain":75,"player_choice":"Gather Gold","damage_taken":11,"max_hp_gain":0,"max_hp_loss":0,"event_name":"World of Goop","floor":2,"gold_loss":0},{"damage_healed":17,"gold_gain":0,"player_choice":"Healed","damage_taken":0,"max_hp_gain":0,"max_hp_loss":0,"event_name":"The Cleric","floor":5,"gold_loss":35},{"damage_healed":0,"gold_gain":0,"player_choice":"Became a Ghost","damage_taken":0,"max_hp_gain":0,"max_hp_loss":35,"event_name":"Ghosts","floor":21,"gold_loss":0,"cards_obtained":["Ghostly","Ghostly","Ghostly","Ghostly","Ghostly"]},{"damage_healed":0,"gold_gain":0,"player_choice":"Obtained Book","damage_taken":16,"max_hp_gain":0,"max_hp_loss":0,"event_name":"Cursed Tome","floor":31,"gold_loss":0}],"is_beta":false,"boss_relics":[{"not_picked":["WristBlade","Snecko Eye"],"picked":"Sozu"}],"items_purged_floors":[],"is_endless":false,"potions_floor_spawned":[6,10,14,16,22,24,29],"killed_by":"Champ","ascension_level":0}