{"gold_per_floor":[366,291,291,307,324,324,335,364,364,375,375,2,2,19,19,19],"floor_reached":16,"playtime":632,"items_purged":[],"score":204,"play_id":"26b1c029-3ff6-415e-ab7c-9dc49b7ece26","local_time":"20181027143527","is_ascension_mode":true,"campfire_choices":[{"floor":6,"key":"REST"},{"data":"Sucker Punch","floor":11,"key":"SMITH"},{"floor":13,"key":"REST"},{"data":"Footwork","floor":15,"key":"SMITH"}],"neow_cost":"CURSE","seed_source_timestamp":3410073029426,"circlet_count":0,"master_deck":["Defend_G","Defend_G","Defend_G","Defend_G","Defend_G","Strike_G","Strike_G","Strike_G","Strike_G","Strike_G","Survivor","Neutralize+1","AscendersBane","Flying Knee","Sucker Punch+1","Poisoned Stab","Escape Plan","Grand Finale","Footwork","PiercingWail","Footwork+1"],"relics":["Ring of the Snake","Ginger","Shuriken","Molten Egg 2"],"potions_floor_usage":[7,8,8],"damage_taken":[{"damage":37,"enemies":"Jaw Worm","floor":1,"turns":11},{"damage":1,"enemies":"Small Slimes","floor":4,"turns":4},{"damage":0,"enemies":"Cultist","floor":5,"turns":4},{"damage":0,"enemies":"Lots of Slimes","floor":7,"turns":6},{"damage":32,"enemies":"Gremlin Nob","floor":8,"turns":5},{"damage":5,"enemies":"Exordium Thugs","floor":10,"turns":5},{"damage":1,"enemies":"Blue Slaver","floor":14,"turns":5},{"damage":37,"enemies":"Slime Boss","floor":16,"turns":13}],"seed_played":"3974237539984467270","potions_obtained":[{"floor":4,"key":"Block Potion"},{"floor":5,"key":"Ancient Potion"},{"floor":7,"key":"Regen Potion"}],"is_trial":false,"path_per_floor":["M","?","?","M","M","R","M","E","T","M","R","$","R","M","R"],"character_chosen":"THE_SILENT","items_purchased":["Footwork","Molten Egg 2","PiercingWail"],"campfire_rested":2,"item_purchase_floors":[12,12,12],"current_hp_per_floor":[22,22,22,21,21,40,40,22,22,17,17,17,36,35,35,0],"gold":19,"neow_bonus":"TWO_FIFTY_GOLD","is_prod":false,"is_daily":false,"chose_seed":false,"campfire_upgraded":2,"win_rate":0,"timestamp":1540665327,"path_taken":["M","?","?","M","?","R","M","E","T","M","R","$","R","M","R","BOSS"],"build_version":"2018-10-25v2","purchased_purges":0,"victory":false,"max_hp_per_floor":[66,66,66,66,66,66,66,66,66,66,66,66,66,66,66,66],"card_choices":[{"not_picked":["Blur","Prepared"],"picked":"Flying Knee","floor":1},{"not_picked":["Backflip","Slice"],"picked":"Sucker Punch","floor":4},{"not_picked":["Deflect","Riddle With Holes"],"picked":"Poisoned Stab","floor":5},{"not_picked":["Poisoned Stab","Flying Knee","Blade Dance"],"picked":"SKIP","floor":7},{"not_picked":["Catalyst","Tactician"],"picked":"Escape Plan","floor":8},{"not_picked":["Tactician","Acrobatics"],"picked":"Grand Finale","floor":10},{"not_picked":["Eviscerate+1","Reflex"],"picked":"Footwork","floor":14}],"player_experience":1000699,"relics_obtained":[{"floor":8,"key":"Ginger"},{"floor":9,"key":"Shuriken"}],"event_choices":[{"cards_removed":["Decay"],"damage_healed":0,"gold_gain":0,"player_choice":"Card Removal","damage_taken":0,"max_hp_gain":0,"max_hp_loss":0,"event_name":"The Cleric","floor":2,"gold_loss":75},{"damage_healed":0,"gold_gain":0,"player_choice":"Grow","damage_taken":0,"max_hp_gain":0,"max_hp_loss":0,"event_name":"Living Wall","floor":3,"gold_loss":0,"cards_upgraded":["Neutralize"]}],"is_beta":false,"boss_relics":[],"items_purged_floors":[],"is_endless":false,"potions_floor_spawned":[4,5,7],"killed_by":"Slime Boss","ascension_level":20}