{"gold_per_floor":[16,16,34,46,58,87,87,99,151,151,151,166,180,180,180,180],"floor_reached":16,"playtime":675,"items_purged":[],"score":156,"play_id":"a3369fb8-3dc7-4286-869a-5ef0485cbee0","local_time":"20190806114924","is_ascension_mode":true,"campfire_choices":[{"data":"Hologram","floor":7.0,"key":"SMITH"},{"data":"Loop","floor":10.0,"key":"SMITH"},{"data":"Dualcast","floor":15,"key":"SMITH"}],"neow_cost":"NO_GOLD","seed_source_timestamp":119538766754078,"circlet_count":0,"master_deck":["AscendersBane","Strike_B","Strike_B","Strike_B","Strike_B+1","Defend_B+1","Defend_B","Defend_B","Defend_B","Zap+1","Dualcast+1","Loop+1","Cold Snap","Hologram+1","Cold Snap","Glacier","Undo"],"special_seed":0,"relics":["Cracked Core","Pocketwatch","Regal Pillow","Smiling Mask"],"potions_floor_usage":[16],"damage_taken":[{"damage":9.0,"enemies":"Jaw Worm","floor":1.0,"turns":3.0},{"damage":0.0,"enemies":"Small Slimes","floor":3.0,"turns":3.0},{"damage":4.0,"enemies":"2 Louse","floor":4.0,"turns":2.0},{"damage":6.0,"enemies":"Looter","floor":5.0,"turns":3.0},{"damage":18.0,"enemies":"3 Sentries","floor":6.0,"turns":8.0},{"damage":0.0,"enemies":"Red Slaver","floor":8.0,"turns":4.0},{"damage":7.0,"enemies":"Exordium Thugs","floor":12.0,"turns":5.0},{"damage":4.0,"enemies":"Looter","floor":13.0,"turns":3.0},{"damage":4,"enemies":"Hexaghost","floor":16,"turns":10}],"seed_played":"7846677183986085187","potions_obtained":[{"floor":4.0,"key":"Strength Potion"},{"floor":6.0,"key":"Regen Potion"},{"floor":13.0,"key":"Regen Potion"}],"is_trial":false,"path_per_floor":["M","?","M","M","M","E","R","M","T","R","?","M","M","?","R","B"],"character_chosen":"DEFECT","items_purchased":[],"campfire_rested":0,"item_purchase_floors":[],"current_hp_per_floor":[59,59,59,55,49,31,31,31,31,31,16,23,19,19,19,20],"gold":180,"neow_bonus":"ONE_RARE_RELIC","is_prod":false,"is_daily":false,"chose_seed":false,"campfire_upgraded":3,"win_rate":0,"timestamp":1565059764,"path_taken":["M","?","M","M","M","E","R","M","T","R","?","M","M","?","R","BOSS"],"build_version":"2019-07-17","purchased_purges":0,"victory":false,"max_hp_per_floor":[75,75,75,75,75,75,75,75,75,75,75,75,75,75,75,75],"card_choices":[{"not_picked":["Steam","Reinforced Body"],"picked":"Loop","floor":1.0},{"not_picked":["Compile Driver","White Noise","Stack"],"picked":"SKIP","floor":3.0},{"not_picked":["Compile Driver","Go for the Eyes"],"picked":"Cold Snap","floor":4.0},{"not_picked":["Ball Lightning","Melter"],"picked":"Hologram","floor":5.0},{"not_picked":["Rebound","Stack"],"picked":"Cold Snap","floor":6.0},{"not_picked":["Capacitor","Sweeping Beam"],"picked":"Glacier","floor":8.0},{"not_picked":["Compile Driver","Ball Lightning","Steam"],"picked":"SKIP","floor":12.0},{"not_picked":["Steam","Ball Lightning"],"picked":"Undo","floor":13.0}],"player_experience":281691,"relics_obtained":[{"floor":6.0,"key":"Regal Pillow"},{"floor":9.0,"key":"Smiling Mask"}],"event_choices":[{"damage_healed":0.0,"max_hp_gain":0.0,"max_hp_loss":0.0,"gold_gain":0.0,"event_name":"Living Wall","player_choice":"Grow","floor":2.0,"gold_loss":0.0,"damage_taken":0.0,"cards_upgraded":["Zap"]},{"damage_healed":0.0,"max_hp_gain":0.0,"max_hp_loss":0.0,"gold_gain":0.0,"event_name":"Shining Light","player_choice":"Entered Light","floor":11.0,"gold_loss":0.0,"damage_taken":15.0,"cards_upgraded":["Strike_B","Defend_B"]},{"damage_healed":0,"gold_gain":0,"player_choice":"Fled","damage_taken":0,"max_hp_gain":0,"max_hp_loss":0,"event_name":"Scrap Ooze","floor":14,"gold_loss":0}],"is_beta":false,"boss_relics":[],"items_purged_floors":[],"is_endless":false,"potions_floor_spawned":[4,6,13],"killed_by":"Hexaghost","ascension_level":10}