{"gold_per_floor":[111,111,111,127,143,143,1,1,54,82,82,99,115,140,140,140],"floor_reached":16,"playtime":383,"items_purged":[],"score":220,"play_id":"5f5bed1c-bf8a-4a31-9fe2-d62eb79e5764","local_time":"20181027191449","is_ascension_mode":true,"campfire_choices":[{"data":"Uppercut","floor":6,"key":"SMITH"},{"data":"True Grit","floor":8,"key":"SMITH"},{"data":"Bash","floor":11,"key":"SMITH"},{"data":"Disarm","floor":15,"key":"SMITH"}],"neow_cost":"NONE","seed_source_timestamp":20421961880350,"circlet_count":0,"master_deck":["Strike_R","Strike_R","Strike_R","Strike_R","Strike_R","Defend_R","Defend_R+1","Defend_R","Defend_R","Bash+1","AscendersBane","Shrug It Off+1","Pommel Strike","Uppercut+1","Reaper","True Grit+1","Disarm+1","Spot Weakness","Warcry"],"relics":["Burning Blood","NeowsBlessing","Mummified Hand","Smiling Mask","Sundial"],"potions_floor_usage":[10,13,13],"damage_taken":[{"damage":0,"enemies":"2 Louse","floor":1,"turns":1},{"damage":0,"enemies":"Jaw Worm","floor":4,"turns":1},{"damage":0,"enemies":"Small Slimes","floor":5,"turns":1},{"damage":34,"enemies":"Gremlin Nob","floor":10,"turns":5},{"damage":1,"enemies":"2 Fungi Beasts","floor":12,"turns":5},{"damage":0,"enemies":"3 Louse","floor":13,"turns":2},{"damage":19,"enemies":"Lagavulin","floor":14,"turns":8},{"damage":46,"enemies":"Slime Boss","floor":16,"turns":7}],"seed_played":"-1427893002243726837","potions_obtained":[{"floor":4,"key":"Weak Potion"},{"floor":5,"key":"Regen Potion"},{"floor":12,"key":"Explosive Potion"}],"is_trial":false,"path_per_floor":["M","?","?","M","M","R","$","R","T","E","R","M","M","E","R"],"character_chosen":"IRONCLAD","items_purchased":["Reaper","True Grit"],"campfire_rested":0,"item_purchase_floors":[7,7],"current_hp_per_floor":[74,51,46,52,58,58,58,58,58,30,30,35,50,43,43,0],"gold":140,"neow_bonus":"THREE_ENEMY_KILL","is_prod":false,"is_daily":false,"chose_seed":false,"campfire_upgraded":4,"win_rate":0,"timestamp":1540682089,"path_taken":["M","?","?","?","M","R","$","R","T","E","R","M","M","E","R","BOSS"],"build_version":"2018-10-25v2","purchased_purges":0,"victory":false,"max_hp_per_floor":[75,75,75,75,75,75,75,75,75,75,75,75,75,75,75,75],"card_choices":[{"not_picked":["Warcry","Intimidate"],"picked":"Shrug It Off","floor":1},{"not_picked":["Cleave","Perfected Strike"],"picked":"Pommel Strike","floor":4},{"not_picked":["Headbutt","Wild Strike"],"picked":"Uppercut","floor":5},{"not_picked":["Rupture","Carnage","Blood for Blood"],"picked":"SKIP","floor":10},{"not_picked":["Clash","Heavy Blade"],"picked":"Disarm","floor":12},{"not_picked":["Thunderclap","Headbutt"],"picked":"Spot Weakness","floor":13},{"not_picked":["Wild Strike","Burning Pact"],"picked":"Warcry","floor":14}],"player_experience":1004314,"relics_obtained":[{"floor":9,"key":"Smiling Mask"},{"floor":14,"key":"Sundial"}],"event_choices":[{"damage_healed":0,"gold_gain":0,"player_choice":"Entered Light","damage_taken":23,"max_hp_gain":0,"max_hp_loss":0,"event_name":"Shining Light","floor":2,"gold_loss":0,"cards_upgraded":["Shrug It Off","Defend_R"]},{"damage_healed":0,"gold_gain":0,"player_choice":"Success","damage_taken":5,"relics_obtained":["Mummified Hand"],"max_hp_gain":0,"max_hp_loss":0,"event_name":"Scrap Ooze","floor":3,"gold_loss":0}],"is_beta":false,"boss_relics":[],"items_purged_floors":[],"is_endless":false,"potions_floor_spawned":[4,5,12],"killed_by":"Slime Boss","ascension_level":20}