{"gold_per_floor":[111,111,123,133,149,178,11,22,22,34,34,34,34,62,62,165,165,181,63,76,76,86,120,55,86,86,86,86,186,40,40],"floor_reached":31,"playtime":1491,"items_purged":["Doubt","Shame"],"score":308,"play_id":"23dbed8c-2a04-42c8-97bc-551068686e6a","local_time":"20190119231155","is_ascension_mode":false,"campfire_choices":[{"data":"Perfected Strike","floor":13.0,"key":"SMITH"},{"floor":15.0,"key":"REST"},{"floor":27,"key":"DIG"}],"neow_cost":"CURSE","seed_source_timestamp":0,"circlet_count":0,"master_deck":["Strike_R","Strike_R","Strike_R","Strike_R","Strike_R","Defend_R","Defend_R","Bash","Flash of Steel","Sadistic Nature","Perfected Strike+1","Wild Strike","Shrug It Off","Reaper","Panacea","Thunderclap","Perfected Strike+1","Whirlwind","Double Tap","Shrug It Off","Madness+1","Armaments+1","Dark Embrace","Rampage","Wild Strike","Blind+1"],"special_seed":0,"relics":["Burning Blood","Mango","The Courier","Shovel","Philosopher\u0027s Stone","Juzu Bracelet","Pantograph","Toxic Egg 2","Question Card","Strawberry","Art of War","Du-Vu Doll","Singing Bowl"],"potions_floor_usage":[31],"damage_taken":[{"damage":8.0,"enemies":"Jaw Worm","floor":1.0,"turns":4.0},{"damage":0.0,"enemies":"Cultist","floor":3.0,"turns":2.0},{"damage":0.0,"enemies":"Small Slimes","floor":4.0,"turns":2.0},{"damage":5.0,"enemies":"2 Fungi Beasts","floor":5.0,"turns":3.0},{"damage":39.0,"enemies":"Lagavulin","floor":6.0,"turns":6.0},{"damage":0.0,"enemies":"Large Slime","floor":8.0,"turns":4.0},{"damage":5.0,"enemies":"3 Louse","floor":10.0,"turns":3.0},{"damage":31.0,"enemies":"3 Sentries","floor":14.0,"turns":8.0},{"damage":70.0,"enemies":"Hexaghost","floor":16.0,"turns":10.0},{"damage":0.0,"enemies":"Spheric Guardian","floor":18.0,"turns":1.0},{"damage":35.0,"enemies":"Shell Parasite","floor":20.0,"turns":5.0},{"damage":15.0,"enemies":"Shelled Parasite and Fungi","floor":22.0,"turns":4.0},{"damage":18.0,"enemies":"Gremlin Leader","floor":23.0,"turns":4.0},{"damage":37,"enemies":"Slavers","floor":25,"turns":5},{"damage":44,"enemies":"Colosseum Slavers","floor":29,"turns":4},{"damage":22,"enemies":"Colosseum Nobs","floor":29,"turns":3},{"damage":34,"enemies":"Cultist and Chosen","floor":31,"turns":6}],"seed_played":"-1228027063043114601","potions_obtained":[{"floor":3.0,"key":"Poison Potion"},{"floor":10.0,"key":"Strength Potion"},{"floor":14.0,"key":"SkillPotion"},{"floor":20.0,"key":"Weak Potion"},{"floor":22.0,"key":"Fire Potion"},{"floor":29,"key":"PowerPotion"}],"is_trial":false,"path_per_floor":["M","?","M","M","M","E","$","M","T","M","T","?","R","E","R","B",null,"M","$","M","?","M","E","$","E","T","R","?","?","$","M"],"character_chosen":"IRONCLAD","items_purchased":["Panacea","Juzu Bracelet","Madness+1","Blind+1"],"campfire_rested":1,"item_purchase_floors":[7,19,24,30],"current_hp_per_floor":[78,78,80,80,80,61,61,73,73,77,77,77,77,56,84,24,94,94,94,65,65,56,62,62,54,61,61,61,21,21,0],"gold":40,"neow_bonus":"RANDOM_COLORLESS_2","is_prod":false,"is_daily":false,"chose_seed":false,"campfire_upgraded":1,"win_rate":0,"timestamp":1547957515,"path_taken":["M","?","M","M","M","E","$","M","T","?","?","?","R","E","R","BOSS","M","$","M","?","M","E","$","E","T","R","?","?","?","M"],"build_version":"2019-01-17v2","purchased_purges":2,"victory":false,"max_hp_per_floor":[80,80,80,80,80,94,94,94,94,94,94,94,94,94,94,94,94,94,94,94,94,94,94,94,94,101,101,101,101,101,101],"card_choices":[{"not_picked":["Shrug It Off","Clothesline"],"picked":"Perfected Strike","floor":1.0},{"not_picked":["Rage","Pummel"],"picked":"Wild Strike","floor":3.0},{"not_picked":["Armaments","Shockwave"],"picked":"Shrug It Off","floor":4.0},{"not_picked":["Reckless Charge","True Grit","Body Slam"],"picked":"SKIP","floor":5.0},{"not_picked":["Warcry","Disarm"],"picked":"Reaper","floor":6.0},{"not_picked":["Headbutt","Flex"],"picked":"Thunderclap","floor":8.0},{"not_picked":["Clash","Cleave"],"picked":"Perfected Strike","floor":10.0},{"not_picked":["Heavy Blade","Pummel"],"picked":"Whirlwind","floor":14.0},{"not_picked":["Demon Form","Barricade"],"picked":"Double Tap","floor":16.0},{"not_picked":["Iron Wave","Feel No Pain+1","Cleave"],"picked":"SKIP","floor":18.0},{"not_picked":["Clothesline+1","Carnage"],"picked":"Shrug It Off","floor":20.0},{"not_picked":["Feed","Feel No Pain","True Grit"],"picked":"SKIP","floor":22.0},{"not_picked":["Havoc","Anger+1","Body Slam"],"picked":"SKIP","floor":23.0},{"not_picked":["Warcry+1","Searing Blow"],"picked":"Armaments+1","floor":25},{"not_picked":["Hemokinesis","Sword Boomerang","Shrug It Off+1"],"picked":"Wild Strike","floor":29}],"player_experience":524703,"relics_obtained":[{"floor":6.0,"key":"Mango"},{"floor":11.0,"key":"The Courier"},{"floor":14.0,"key":"Shovel"},{"floor":23.0,"key":"Toxic Egg 2"},{"floor":25,"key":"Question Card"},{"floor":26,"key":"Strawberry"},{"floor":27,"key":"Art of War"},{"floor":29,"key":"Du-Vu Doll"},{"floor":29,"key":"Singing Bowl"}],"event_choices":[{"damage_healed":0.0,"max_hp_gain":0.0,"max_hp_loss":0.0,"gold_gain":0.0,"event_name":"Upgrade Shrine","player_choice":"Upgraded","floor":2.0,"gold_loss":0.0,"damage_taken":0.0,"cards_upgraded":["Perfected Strike"]},{"damage_healed":0.0,"max_hp_gain":0.0,"max_hp_loss":0.0,"gold_gain":0.0,"event_name":"The Cleric","player_choice":"Leave","floor":12.0,"gold_loss":0.0,"damage_taken":0.0},{"damage_healed":0.0,"max_hp_gain":0.0,"max_hp_loss":0.0,"gold_gain":0.0,"event_name":"Addict","player_choice":"Stole Relic","floor":21.0,"gold_loss":0.0,"damage_taken":0.0,"relics_obtained":["Pantograph"],"cards_obtained":["Shame"]},{"damage_healed":0,"gold_gain":0,"cards_transformed":["Defend_R","Defend_R"],"player_choice":"Became Test Subject","damage_taken":0,"max_hp_gain":0,"max_hp_loss":0,"event_name":"Drug Dealer","floor":28,"gold_loss":0,"cards_obtained":["Dark Embrace","Rampage"]},{"damage_healed":0,"gold_gain":0,"player_choice":"Fight","damage_taken":0,"max_hp_gain":0,"max_hp_loss":0,"event_name":"Colosseum","floor":29,"gold_loss":0},{"damage_healed":0,"gold_gain":0,"player_choice":"Fought Nobs","damage_taken":0,"max_hp_gain":0,"max_hp_loss":0,"event_name":"Colosseum","floor":29,"gold_loss":0}],"is_beta":false,"boss_relics":[{"not_picked":["Snecko Eye","Lizard Tail"],"picked":"Philosopher\u0027s Stone"}],"items_purged_floors":[7,30],"is_endless":false,"potions_floor_spawned":[3,10,14,20,22,29,29],"killed_by":"Cultist and Chosen","ascension_level":0}