{"gold_per_floor":[12,87,97,110,126,126,156,156,228,262,275,300,313,263,263,366,366,339,352,267,267],"floor_reached":21,"playtime":1328,"items_purged":[],"score":351,"play_id":"e25d9b44-5ee0-4c98-ba1b-588abfaa7c24","local_time":"20180726183930","is_ascension_mode":true,"campfire_choices":[{"data":"Zap","floor":6,"key":"SMITH"},{"data":"Dualcast","floor":8,"key":"SMITH"},{"data":"Defragment","floor":15,"key":"SMITH"}],"neow_cost":"NO_GOLD","seed_source_timestamp":445668322548329,"circlet_count":0,"master_deck":["Strike_B","Strike_B","Strike_B","Defend_B","Defend_B","Defend_B","Defend_B","Zap+1","Dualcast+1","Self Repair","Rainbow","Cold Snap","Compile Driver","Cold Snap","All For One","Defragment+1","Defragment","Hologram","Gash","Leap","Creative AI","Chill","Streamline+1","Gash","Redo"],"relics":["FrozenCore","Dead Branch","Prayer Wheel","Ornamental Fan","Boot","Calipers","Art of War"],"potions_floor_usage":[16,19,19,19],"damage_taken":[{"damage":3,"enemies":"2 Louse","floor":1,"turns":3},{"damage":0,"enemies":"Small Slimes","floor":3,"turns":3},{"damage":0,"enemies":"Cultist","floor":4,"turns":4},{"damage":7,"enemies":"Large Slime","floor":5,"turns":6},{"damage":29,"enemies":"Lagavulin","floor":7,"turns":6},{"damage":10,"enemies":"3 Sentries","floor":10,"turns":6},{"damage":6,"enemies":"Blue Slaver","floor":11,"turns":2},{"damage":18,"enemies":"Gremlin Nob","floor":12,"turns":5},{"damage":2,"enemies":"3 Louse","floor":13,"turns":3},{"damage":0,"enemies":"Hexaghost","floor":16,"turns":7},{"damage":47,"enemies":"2 Thieves","floor":18,"turns":5},{"damage":6,"enemies":"3 Byrds","floor":19,"turns":4},{"damage":21,"enemies":"Snecko","floor":21,"turns":5}],"seed_played":"5336084800343920379","potions_obtained":[{"floor":7,"key":"LiquidBronze"},{"floor":10,"key":"SpeedPotion"},{"floor":16,"key":"Fire Potion"},{"floor":18,"key":"EssenceOfSteel"}],"is_trial":false,"path_per_floor":["M","?","M","M","M","R","E","R","T","E","M","E","M","?","R","B",null,"M","M","?"],"character_chosen":"DEFECT","items_purchased":[],"campfire_rested":0,"item_purchase_floors":[],"current_hp_per_floor":[65,54,61,68,68,68,46,46,46,43,37,26,31,31,31,38,66,26,20,20,0],"gold":267,"neow_bonus":"ONE_RARE_RELIC","is_prod":false,"is_daily":false,"chose_seed":false,"campfire_upgraded":3,"win_rate":0,"timestamp":1532644770,"path_taken":["M","?","M","M","M","R","E","R","T","E","?","E","M","?","R","BOSS","M","M","?","M"],"build_version":"2018-07-19v2","purchased_purges":0,"victory":false,"max_hp_per_floor":[75,75,75,75,75,75,75,75,75,75,75,75,75,75,75,75,75,75,75,75,75],"card_choices":[{"not_picked":["Cold Snap","Coolheaded"],"picked":"Self Repair","floor":1},{"not_picked":["Beam Cell","Gash"],"picked":"Rainbow","floor":3},{"not_picked":["Streamline","White Noise"],"picked":"Cold Snap","floor":4},{"not_picked":["Streamline","Steam"],"picked":"Compile Driver","floor":5},{"not_picked":["Turbo","Redo"],"picked":"Cold Snap","floor":7},{"not_picked":["Turbo","Redo"],"picked":"All For One","floor":10},{"not_picked":["Tempest","Beam Cell"],"picked":"Defragment","floor":11},{"not_picked":["Ball Lightning","Recycle"],"picked":"Defragment","floor":11},{"not_picked":["Amplify","Cold Snap"],"picked":"Hologram","floor":12},{"not_picked":["Reinforced Body","Coolheaded"],"picked":"Gash","floor":13},{"not_picked":["Self Repair","Fusion"],"picked":"Leap","floor":13},{"not_picked":["Fission","Core Surge"],"picked":"Creative AI","floor":16},{"not_picked":["Aggregate","Turbo"],"picked":"Chill","floor":18},{"not_picked":["Ball Lightning","Sunder+1"],"picked":"Streamline+1","floor":18},{"not_picked":["Stack","Reinforced Body"],"picked":"Gash","floor":19},{"not_picked":["Streamline+1","Consume"],"picked":"Redo","floor":19}],"player_experience":345031,"relics_obtained":[{"floor":7,"key":"Prayer Wheel"},{"floor":9,"key":"Ornamental Fan"},{"floor":10,"key":"Boot"},{"floor":12,"key":"Calipers"}],"event_choices":[{"event_name":"World of Goop","player_choice":"Gather Gold","floor":2,"damage_taken":0},{"event_name":"The Cleric","player_choice":"Card Removal","floor":14,"damage_taken":0},{"event_name":"Addict","player_choice":"Obtained Relic","floor":20,"damage_taken":0}],"is_beta":false,"boss_relics":[{"not_picked":["Runic Pyramid","Orrery"],"picked":"FrozenCore"}],"items_purged_floors":[],"is_endless":false,"potions_floor_spawned":[7,10,16,18],"killed_by":"Snecko","ascension_level":8}