{"gold_per_floor":[118,128,140,64,14,14,40,40,40,69,69,69,69,84,84,215,215,229,66,81,105,105],"floor_reached":22,"playtime":940,"items_purged":[],"score":223,"play_id":"cc8cb313-f012-4ec4-a22c-e829d5ed6516","local_time":"20190506172147","is_ascension_mode":true,"campfire_choices":[{"data":"Zap","floor":6,"key":"SMITH"},{"floor":8,"key":"REST"},{"floor":12,"key":"REST"},{"floor":15,"key":"REST"}],"neow_cost":"NONE","seed_source_timestamp":888050746374789,"circlet_count":0,"master_deck":["Zap+1","Dualcast","Conserve Battery","Capacitor","Steam","Capacitor","Steam","Cold Snap","Injury","Doom and Gloom","Seek","Amplify","Storm","Multi-Cast","Conserve Battery","Chill","Darkness","Static Discharge","Creative AI","Loop"],"relics":["Cracked Core","Bag of Preparation","Gambling Chip","Calipers","Golden Idol","Pandora\u0027s Box"],"potions_floor_usage":[16,21,22],"damage_taken":[{"damage":2,"enemies":"2 Louse","floor":1,"turns":2},{"damage":6,"enemies":"Small Slimes","floor":2,"turns":4},{"damage":0,"enemies":"Cultist","floor":3,"turns":3},{"damage":24,"enemies":"Lagavulin","floor":7,"turns":7},{"damage":32,"enemies":"3 Sentries","floor":10,"turns":10},{"damage":9,"enemies":"Looter","floor":14,"turns":4},{"damage":25,"enemies":"Slime Boss","floor":16,"turns":5},{"damage":18,"enemies":"3 Byrds","floor":18,"turns":6},{"damage":9,"enemies":"Chosen","floor":20,"turns":4},{"damage":25,"enemies":"Snake Plant","floor":21,"turns":5},{"damage":29,"enemies":"Colosseum Slavers","floor":22,"turns":3}],"seed_played":"-3673631688553991014","potions_obtained":[{"floor":1,"key":"EssenceOfSteel"},{"floor":10,"key":"FocusPotion"},{"floor":16,"key":"Ancient Potion"},{"floor":21,"key":"Weak Potion"}],"is_trial":false,"path_per_floor":["M","M","M","$","?","R","E","R","T","E","?","R","?","M","R","B",null,"M","$","M","M","?"],"character_chosen":"DEFECT","items_purchased":["Capacitor","Creative AI"],"campfire_rested":3,"item_purchase_floors":[4,19],"current_hp_per_floor":[73,67,67,67,67,67,43,65,65,33,33,55,55,46,68,43,75,57,57,48,23,0],"gold":105,"neow_bonus":"RANDOM_COMMON_RELIC","is_prod":false,"is_daily":false,"chose_seed":false,"campfire_upgraded":1,"win_rate":0,"timestamp":1557177707,"path_taken":["M","M","M","$","?","R","E","R","T","E","?","R","?","M","R","BOSS","M","$","M","M","?"],"build_version":"2019-01-23","purchased_purges":0,"victory":false,"max_hp_per_floor":[75,75,75,75,75,75,75,75,75,75,75,75,75,75,75,75,75,75,75,75,75,75],"card_choices":[{"not_picked":["Consume","Double Energy"],"picked":"Conserve Battery","floor":1},{"not_picked":["Gash","Sunder"],"picked":"Capacitor","floor":2},{"not_picked":["Beam Cell","Tempest"],"picked":"Steam","floor":3},{"not_picked":["Redo","Machine Learning"],"picked":"Steam","floor":7},{"not_picked":["Heatsinks","Conserve Battery"],"picked":"Cold Snap","floor":10},{"not_picked":["FTL","Double Energy"],"picked":"Doom and Gloom","floor":14},{"not_picked":["Machine Learning","All For One"],"picked":"Seek","floor":16},{"not_picked":["Stack+1","BootSequence"],"picked":"Static Discharge","floor":18},{"not_picked":["Rebound","Aggregate","Reprogram"],"picked":"SKIP","floor":20},{"not_picked":["Sunder","Doom and Gloom"],"picked":"Loop","floor":21}],"player_experience":955781,"relics_obtained":[{"floor":7,"key":"Gambling Chip"},{"floor":10,"key":"Calipers"}],"event_choices":[{"cards_removed":["Defend_B"],"damage_healed":0,"gold_gain":0,"player_choice":"Card Removal","damage_taken":0,"max_hp_gain":0,"max_hp_loss":0,"event_name":"The Cleric","floor":5,"gold_loss":50},{"damage_healed":0,"gold_gain":0,"player_choice":"Take Wound","damage_taken":0,"relics_obtained":["Golden Idol"],"max_hp_gain":0,"max_hp_loss":0,"event_name":"Golden Idol","floor":11,"gold_loss":0,"cards_obtained":["Injury"]},{"cards_removed":["Defend_B"],"damage_healed":0,"gold_gain":0,"player_choice":"Offered Basic","damage_taken":0,"max_hp_gain":0,"max_hp_loss":0,"event_name":"Bonfire Elementals","floor":13,"gold_loss":0},{"damage_healed":0,"gold_gain":0,"player_choice":"Fight","damage_taken":0,"max_hp_gain":0,"max_hp_loss":0,"event_name":"Colosseum","floor":22,"gold_loss":0}],"is_beta":false,"boss_relics":[{"not_picked":["Lizard Tail","Nuclear Battery"],"picked":"Pandora\u0027s Box"}],"items_purged_floors":[],"is_endless":false,"potions_floor_spawned":[1,10,16,21],"killed_by":"Colosseum Slavers","ascension_level":3}