{"gold_per_floor":[114,134,148,73,92,123,123,49,49,69,82,82,82,98,98,199,199,214,141,153,153,169,169,195,195,266,12,12,23,40,40,40,135,135,155,174,138,155,155,155,155],"floor_reached":41,"playtime":33850,"items_purged":["Strike_B"],"score":440,"play_id":"9914c621-179d-4722-acf6-8fe75a0188c6","local_time":"20190421235017","is_ascension_mode":false,"campfire_choices":[{"data":"Defragment","floor":7,"key":"SMITH"},{"data":"Double Energy","floor":13,"key":"SMITH"},{"floor":15,"key":"REST"},{"data":"Electrodynamics","floor":23,"key":"SMITH"},{"floor":25,"key":"REST"},{"floor":32,"key":"REST"},{"floor":40,"key":"RECALL"}],"neow_cost":"NONE","seed_source_timestamp":94780631435257,"circlet_count":0,"master_deck":["Strike_B","Strike_B","Strike_B","Defend_B","Defend_B","Zap","Dualcast","Defragment+1","Glacier","Reinforced Body","Force Field","Hologram","Redo","Blizzard+1","Double Energy+1","Reprogram","Electrodynamics+1","Coolheaded+1","Chill+1","Chill","Core Surge","Double Energy+1","Loop"],"relics":["Cracked Core","Oddly Smooth Stone","Sozu","Singing Bowl","Bottled Tornado","Pear","Eternal Feather","Blue Candle"],"potions_floor_usage":[5,14,16],"damage_taken":[{"damage":0,"enemies":"Small Slimes","floor":1,"turns":2},{"damage":11,"enemies":"Jaw Worm","floor":2,"turns":3},{"damage":1,"enemies":"Cultist","floor":3,"turns":3},{"damage":0,"enemies":"Large Slime","floor":5,"turns":5},{"damage":11,"enemies":"Lagavulin","floor":6,"turns":9},{"damage":13,"enemies":"Red Slaver","floor":10,"turns":3},{"damage":0,"enemies":"Blue Slaver","floor":11,"turns":4},{"damage":0,"enemies":"Lots of Slimes","floor":14,"turns":2},{"damage":42,"enemies":"Hexaghost","floor":16,"turns":18},{"damage":2,"enemies":"Shell Parasite","floor":18,"turns":4},{"damage":0,"enemies":"3 Byrds","floor":20,"turns":4},{"damage":0,"enemies":"Cultist and Chosen","floor":22,"turns":4},{"damage":36,"enemies":"Book of Stabbing","floor":24,"turns":10},{"damage":0,"enemies":"Centurion and Healer","floor":29,"turns":5},{"damage":4,"enemies":"Shelled Parasite and Fungi","floor":30,"turns":8},{"damage":45,"enemies":"Automaton","floor":33,"turns":14},{"damage":0,"enemies":"Orb Walker","floor":35,"turns":6},{"damage":0,"enemies":"3 Darklings","floor":36,"turns":3},{"damage":4,"enemies":"Sphere and 2 Shapes","floor":38,"turns":5},{"damage":101,"enemies":"Nemesis","floor":41,"turns":14}],"seed_played":"-1927521955839697375","potions_obtained":[{"floor":1,"key":"Block Potion"},{"floor":2,"key":"SteroidPotion"},{"floor":5,"key":"SpeedPotion"},{"floor":10,"key":"SkillPotion"},{"floor":11,"key":"Explosive Potion"}],"is_trial":false,"path_per_floor":["M","M","M","$","M","E","R","$","T","M","M","?","R","M","R","B",null,"M","$","M","?","M","R","E","R","T","$","?","M","M","?","R","B",null,"M","M","$","M","T","R","E"],"character_chosen":"DEFECT","items_purchased":["Hologram","Redo","Chill","Pear","Loop"],"campfire_rested":3,"item_purchase_floors":[8,8,19,27,37],"current_hp_per_floor":[75,64,63,63,63,52,52,52,52,39,39,39,39,39,61,19,75,73,73,73,73,73,73,39,62,62,72,72,72,70,70,89,46,91,93,93,93,91,91,95,0],"gold":155,"neow_bonus":"REMOVE_CARD","is_prod":false,"is_daily":false,"chose_seed":false,"campfire_upgraded":3,"win_rate":0,"timestamp":1555905017,"path_taken":["M","M","M","$","M","E","R","$","T","M","M","?","R","M","R","BOSS","M","$","M","?","M","R","E","R","T","?","?","?","M","?","R","BOSS","M","M","?","?","?","R","E"],"build_version":"2019-01-23","purchased_purges":1,"victory":false,"max_hp_per_floor":[75,75,75,75,75,75,75,75,75,75,75,75,75,75,75,75,75,75,75,75,75,75,75,77,77,77,87,87,87,89,89,89,91,91,93,93,93,95,95,95,95],"card_choices":[{"not_picked":["Barrage","Loop"],"picked":"Defragment","floor":1},{"not_picked":["Beam Cell","Gash","Sweeping Beam"],"picked":"SKIP","floor":2},{"not_picked":["Hologram","Compile Driver"],"picked":"Glacier","floor":3},{"not_picked":["Steam","Scrape"],"picked":"Reinforced Body","floor":5},{"not_picked":["Streamline","Leap"],"picked":"Force Field","floor":6},{"not_picked":["Hello World","Scrape"],"picked":"Blizzard","floor":10},{"not_picked":["Doom and Gloom","Steam"],"picked":"Double Energy","floor":11},{"not_picked":["Go for the Eyes","All For One"],"picked":"Reprogram","floor":14},{"not_picked":["Meteor Strike","Reboot"],"picked":"Electrodynamics","floor":16},{"not_picked":["Leap+1","Go for the Eyes"],"picked":"Coolheaded+1","floor":18},{"not_picked":["Stack","Turbo","Steam Power"],"picked":"SKIP","floor":20},{"not_picked":["Coolheaded","Sweeping Beam"],"picked":"Chill","floor":22},{"not_picked":["Sweeping Beam","Turbo","BootSequence"],"picked":"Singing Bowl","floor":24},{"not_picked":["Chaos","Force Field"],"picked":"Core Surge","floor":29},{"not_picked":["Hologram","Sweeping Beam","Fusion+1"],"picked":"Singing Bowl","floor":30},{"not_picked":["Thunder Strike","Fission","Meteor Strike"],"picked":"Singing Bowl","floor":33},{"not_picked":["Gash+1","Darkness","Aggregate+1"],"picked":"Singing Bowl","floor":35},{"not_picked":["Steam","Hello World"],"picked":"Double Energy+1","floor":36},{"not_picked":["Gash","Redo","Darkness"],"picked":"Singing Bowl","floor":38}],"player_experience":841495,"relics_obtained":[{"floor":6,"key":"Oddly Smooth Stone"},{"floor":24,"key":"Singing Bowl"},{"floor":26,"key":"Bottled Tornado"},{"floor":39,"key":"Blue Candle"}],"event_choices":[{"damage_healed":0,"gold_gain":0,"player_choice":"Ignored","damage_taken":0,"max_hp_gain":0,"max_hp_loss":0,"event_name":"Golden Wing","floor":12,"gold_loss":0},{"damage_healed":0,"gold_gain":0,"player_choice":"Upgraded","damage_taken":0,"max_hp_gain":0,"max_hp_loss":0,"event_name":"Upgrade Shrine","floor":21,"gold_loss":0,"cards_upgraded":["Blizzard"]},{"damage_healed":0,"gold_gain":0,"player_choice":"Forge","damage_taken":0,"max_hp_gain":0,"max_hp_loss":0,"event_name":"Accursed Blacksmith","floor":28,"gold_loss":0,"cards_upgraded":["Chill"]},{"cards_removed":["Defend_B"],"damage_healed":0,"gold_gain":0,"player_choice":"Purged","damage_taken":0,"max_hp_gain":0,"max_hp_loss":0,"event_name":"Purifier","floor":31,"gold_loss":0}],"is_beta":false,"boss_relics":[{"not_picked":["Pandora\u0027s Box","Runic Dome"],"picked":"Sozu"},{"not_picked":["White Beast Statue","Black Star"],"picked":"Eternal Feather"}],"items_purged_floors":[4],"is_endless":false,"potions_floor_spawned":[1,2,5,10,11,18,20,29,36,38],"killed_by":"Nemesis","ascension_level":0}