{"gold_per_floor":[118,41,57,57,57,84,103,129,129,164,164,222,35,65,65,137,137,149,149,164,164,178,178,195,211,236,236,236,255,255,275,275,351,351,362,372,472,472,490,490,505,505,505,523,523],"floor_reached":45,"playtime":1870,"items_purged":["Strike_B"],"score":1015,"play_id":"4920d2f7-8688-44e8-859f-c4d52c61ea4a","local_time":"20190601011018","is_ascension_mode":true,"campfire_choices":[{"data":"Zap","floor":11.0,"key":"SMITH"},{"data":"Chaos","floor":15.0,"key":"SMITH"},{"data":"Defragment","floor":23.0,"key":"SMITH"},{"data":"Turbo","floor":27.0,"key":"SMITH"},{"data":"Coolheaded","floor":30.0,"key":"SMITH"},{"data":"Recycle","floor":32.0,"key":"SMITH"},{"data":"Heatsinks","floor":40.0,"key":"SMITH"},{"data":"Turbo","floor":42.0,"key":"SMITH"}],"neow_cost":"NONE","seed_source_timestamp":108626523476644,"circlet_count":0,"master_deck":["AscendersBane","Defend_B","Defend_B","Defend_B","Defend_B","Zap+1","Dualcast","Heatsinks+1","Turbo+1","Tempest","Recycle+1","Chaos+1","Ball Lightning","Biased Cognition","Defragment+1","Self Repair","Glacier","Electrodynamics","Glacier+1","Blizzard+1","Skim+1","Coolheaded+1","Pain","Cold Snap+1","Turbo+1","Redo+1","White Noise","Coolheaded","Meteor Strike","Heatsinks+1","Coolheaded","Meteor Strike","BootSequence","Pain","Machine Learning"],"special_seed":0,"relics":["Cracked Core","NeowsBlessing","The Courier","Orichalcum","Meat on the Bone","Question Card","Nunchaku","Tiny Chest","Odd Mushroom","Astrolabe","WarpedTongs","Art of War","Cursed Key"],"potions_floor_usage":[45],"damage_taken":[{"damage":0.0,"enemies":"Cultist","floor":1.0,"turns":1.0},{"damage":0.0,"enemies":"Jaw Worm","floor":3.0,"turns":1.0},{"damage":0.0,"enemies":"Lagavulin","floor":6.0,"turns":1.0},{"damage":0.0,"enemies":"Small Slimes","floor":7.0,"turns":2.0},{"damage":42.0,"enemies":"3 Sentries","floor":8.0,"turns":8.0},{"damage":2.0,"enemies":"Gremlin Nob","floor":10.0,"turns":3.0},{"damage":26.0,"enemies":"3 Sentries","floor":12.0,"turns":5.0},{"damage":17.0,"enemies":"The Mushroom Lair","floor":14.0,"turns":4.0},{"damage":19.0,"enemies":"Slime Boss","floor":16.0,"turns":6.0},{"damage":11.0,"enemies":"Shell Parasite","floor":18.0,"turns":8.0},{"damage":19.0,"enemies":"2 Thieves","floor":20.0,"turns":3.0},{"damage":11.0,"enemies":"Centurion and Healer","floor":22.0,"turns":7.0},{"damage":13.0,"enemies":"3 Cultists","floor":24.0,"turns":3.0},{"damage":13.0,"enemies":"Shelled Parasite and Fungi","floor":25.0,"turns":5.0},{"damage":0.0,"enemies":"Colosseum Slavers","floor":28.0,"turns":4.0},{"damage":2.0,"enemies":"Centurion and Healer","floor":29.0,"turns":3.0},{"damage":12.0,"enemies":"Snake Plant","floor":31.0,"turns":3.0},{"damage":19.0,"enemies":"Champ","floor":33.0,"turns":18.0},{"damage":0.0,"enemies":"Orb Walker","floor":35.0,"turns":3.0},{"damage":6.0,"enemies":"3 Shapes","floor":36.0,"turns":2.0},{"damage":37.0,"enemies":"Mind Bloom Boss Battle","floor":37.0,"turns":8.0},{"damage":20.0,"enemies":"Writhing Mass","floor":39.0,"turns":7.0},{"damage":16.0,"enemies":"Maw","floor":41.0,"turns":4.0},{"damage":14.0,"enemies":"Sphere and 2 Shapes","floor":44.0,"turns":2.0},{"damage":38,"enemies":"Nemesis","floor":45,"turns":7}],"seed_played":"884636766951572793","potions_obtained":[{"floor":3.0,"key":"Ancient Potion"},{"floor":6.0,"key":"Regen Potion"},{"floor":8.0,"key":"Weak Potion"},{"floor":16.0,"key":"Weak Potion"},{"floor":18.0,"key":"FearPotion"},{"floor":22.0,"key":"Dexterity Potion"},{"floor":25.0,"key":"EssenceOfSteel"}],"is_trial":false,"path_per_floor":["M","$","M","?","?","E","M","E","T","E","R","E","$","?","R","B",null,"M","?","M","?","M","R","M","M","T","R","?","M","R","M","R","B",null,"M","M","?","?","M","R","M","R","T","M","E"],"character_chosen":"DEFECT","items_purchased":["Heatsinks","Defragment","Self Repair"],"campfire_rested":0,"item_purchase_floors":[2,13,13],"current_hp_per_floor":[64,64,64,59,59,59,59,32,32,42,42,28,28,30,30,30,61,57,57,45,45,56,56,43,49,49,49,49,47,47,54,54,54,67,67,71,53,53,52,52,43,43,43,41,3],"gold":523,"neow_bonus":"THREE_ENEMY_KILL","is_prod":false,"is_daily":false,"chose_seed":false,"campfire_upgraded":8,"win_rate":0,"timestamp":1559322618,"path_taken":["M","$","?","?","?","E","?","E","T","E","R","E","?","?","R","BOSS","M","?","M","?","?","R","M","M","T","R","?","M","R","M","R","BOSS","M","M","?","?","M","R","M","R","T","M","E"],"build_version":"2019-01-23","purchased_purges":1,"victory":false,"max_hp_per_floor":[71,71,71,71,71,71,71,71,71,71,71,71,71,71,71,71,71,71,71,71,71,71,71,71,71,71,71,71,71,71,71,71,71,71,71,71,71,67,67,67,67,67,67,67,67],"card_choices":[{"not_picked":["Steam","Rebound","Barrage"],"picked":"SKIP","floor":1.0},{"not_picked":["Fusion","Compile Driver"],"picked":"Turbo","floor":3.0},{"not_picked":["Loop","Compile Driver"],"picked":"Tempest","floor":6.0},{"not_picked":["Tempest","Darkness"],"picked":"Recycle","floor":7.0},{"not_picked":["Static Discharge","Seek"],"picked":"Chaos","floor":8.0},{"not_picked":["Beam Cell","Compile Driver","Tempest"],"picked":"Ball Lightning","floor":10.0},{"not_picked":["Rebound","Sweeping Beam","Genetic Algorithm"],"picked":"Biased Cognition","floor":12.0},{"not_picked":["Conserve Battery","Steam Power","Barrage"],"picked":"Glacier","floor":14.0},{"not_picked":["Creative AI","Hyperbeam","Seek"],"picked":"Electrodynamics","floor":16.0},{"not_picked":["Fusion","Hello World","Cold Snap"],"picked":"Coolheaded","floor":18.0},{"not_picked":["Doom and Gloom","Go for the Eyes","Melter+1","Chaos"],"picked":"SKIP","floor":20.0},{"not_picked":["Streamline","Aggregate","Barrage"],"picked":"Cold Snap+1","floor":22.0},{"not_picked":["Consume","Sunder","Gash"],"picked":"Turbo","floor":24.0},{"not_picked":["Beam Cell","Cold Snap","Reprogram"],"picked":"Redo+1","floor":25.0},{"not_picked":["Stack","Rip and Tear","Compile Driver"],"picked":"White Noise","floor":29.0},{"not_picked":["Hologram","Go for the Eyes","Ball Lightning"],"picked":"Coolheaded","floor":31.0},{"not_picked":["Electrodynamics","Echo Form","Machine Learning"],"picked":"Meteor Strike","floor":33.0},{"not_picked":["Sweeping Beam","Hello World","Leap+1","Fusion"],"picked":"SKIP","floor":35.0},{"not_picked":["Coolheaded+1","Hologram+1","Streamline"],"picked":"Heatsinks+1","floor":36.0},{"not_picked":["Ball Lightning","Gash","Stack+1"],"picked":"Coolheaded","floor":37.0},{"not_picked":["Compile Driver+1","Stack","Turbo"],"picked":"Meteor Strike","floor":39.0},{"not_picked":["Sweeping Beam","Stack","Barrage"],"picked":"BootSequence","floor":41.0},{"not_picked":["Turbo","Hologram","Force Field"],"picked":"Machine Learning","floor":44.0}],"player_experience":1815201,"relics_obtained":[{"floor":6.0,"key":"Orichalcum"},{"floor":8.0,"key":"Meat on the Bone"},{"floor":9.0,"key":"Question Card"},{"floor":10.0,"key":"Nunchaku"},{"floor":12.0,"key":"Tiny Chest"},{"floor":14.0,"key":"Odd Mushroom"},{"floor":26.0,"key":"Art of War"}],"event_choices":[{"damage_healed":0.0,"max_hp_gain":0.0,"max_hp_loss":0.0,"gold_gain":0.0,"event_name":"Scrap Ooze","player_choice":"Success","floor":4.0,"gold_loss":0.0,"damage_taken":5.0,"relics_obtained":["The Courier"]},{"damage_healed":0.0,"max_hp_gain":0.0,"max_hp_loss":0.0,"gold_gain":0.0,"cards_transformed":["Strike_B"],"event_name":"Transmorgrifier","player_choice":"Transformed","floor":5.0,"gold_loss":0.0,"damage_taken":0.0,"cards_obtained":["Streamline"]},{"damage_healed":0.0,"max_hp_gain":0.0,"max_hp_loss":0.0,"gold_gain":0.0,"event_name":"Mushrooms","player_choice":"Fought Mushrooms","floor":14.0,"gold_loss":0.0,"damage_taken":0.0},{"damage_healed":0.0,"max_hp_gain":0.0,"max_hp_loss":0.0,"gold_gain":0.0,"event_name":"Ghosts","player_choice":"Ignored","floor":19.0,"gold_loss":0.0,"damage_taken":0.0},{"damage_healed":0.0,"max_hp_gain":0.0,"max_hp_loss":0.0,"gold_gain":0.0,"event_name":"Accursed Blacksmith","player_choice":"Rummage","floor":21.0,"gold_loss":0.0,"damage_taken":0.0,"relics_obtained":["WarpedTongs"],"cards_obtained":["Pain"]},{"damage_healed":0.0,"max_hp_gain":0.0,"max_hp_loss":0.0,"gold_gain":0.0,"event_name":"Colosseum","player_choice":"Fight","floor":28.0,"gold_loss":0.0,"damage_taken":0.0},{"damage_healed":0.0,"max_hp_gain":0.0,"max_hp_loss":0.0,"gold_gain":0.0,"event_name":"Colosseum","player_choice":"Fled From Nobs","floor":28.0,"gold_loss":0.0,"damage_taken":0.0},{"damage_healed":0.0,"max_hp_gain":0.0,"max_hp_loss":0.0,"gold_gain":0.0,"event_name":"MindBloom","player_choice":"Fight","floor":37.0,"gold_loss":0.0,"damage_taken":0.0},{"damage_healed":0.0,"max_hp_gain":0.0,"max_hp_loss":4.0,"gold_gain":0.0,"event_name":"Winding Halls","player_choice":"Max HP","floor":38.0,"gold_loss":0.0,"damage_taken":0.0}],"is_beta":false,"boss_relics":[{"not_picked":["Nuclear Battery","Empty Cage"],"picked":"Astrolabe"},{"not_picked":["Snecko Eye","Pandora\u0027s Box"],"picked":"Cursed Key"}],"items_purged_floors":[13],"is_endless":false,"potions_floor_spawned":[3,6,7,8,16,18,22,25,31,33,39,44],"killed_by":"Nemesis","ascension_level":20}