{"gold_per_floor":[113,113,188,203,49,79,79,111,111,139,139,204,235,133,133,207,207,226,124,124,124,134,134,58,58,131,81,101,151,151,61,61,138,138,150,100,100,116,66,91,91,41,65,65,78,92,121,131,131,131,131,131,131,3,33,33],"floor_reached":57,"playtime":2872,"items_purged":["Strike_R","Strike_R","Strike_R","Bash","Strike_R","Defend_R","Defend_R","Defend_R","Sever Soul"],"score":2960,"play_id":"649bd0dd-1875-43d3-8cdf-ab7426db7c75","local_time":"20190606032611","is_ascension_mode":true,"campfire_choices":[{"data":"Carnage","floor":7.0,"key":"SMITH"},{"data":"True Grit","floor":11.0,"key":"SMITH"},{"data":"Body Slam","floor":15.0,"key":"SMITH"},{"data":"Seeing Red","floor":23.0,"key":"SMITH"},{"data":"Power Through","floor":25.0,"key":"SMITH"},{"data":"Bloodletting","floor":30.0,"key":"SMITH"},{"data":"Battle Trance","floor":32.0,"key":"SMITH"},{"floor":49,"key":"RECALL"},{"data":"Second Wind","floor":53,"key":"SMITH"}],"neow_cost":"NONE","seed_source_timestamp":299912037801245,"circlet_count":0,"master_deck":["AscendersBane","Battle Trance+1","Bloodletting+1","True Grit+1","Body Slam+1","Feed","Shrug It Off","Seeing Red+1","Power Through+1","Impervious","Berserk+1","Havoc+1","Dark Embrace+1","Seeing Red+1","Burning Pact","Second Wind+1","Shockwave","Evolve"],"special_seed":0,"relics":["Burning Blood","NeowsBlessing","Matryoshka","Bird Faced Urn","Self Forming Clay","Meat on the Bone","Lantern","Smiling Mask","Pocketwatch","Runic Pyramid","Art of War","Pantograph","Astrolabe","Ornamental Fan","Kunai","Molten Egg 2","Magic Flower"],"potions_floor_usage":[55,56],"damage_taken":[{"damage":0.0,"enemies":"Jaw Worm","floor":1.0,"turns":1.0},{"damage":0.0,"enemies":"2 Louse","floor":4.0,"turns":1.0},{"damage":0.0,"enemies":"3 Sentries","floor":6.0,"turns":2.0},{"damage":32.0,"enemies":"Gremlin Nob","floor":8.0,"turns":4.0},{"damage":22.0,"enemies":"Lagavulin","floor":10.0,"turns":5.0},{"damage":11.0,"enemies":"3 Sentries","floor":12.0,"turns":7.0},{"damage":3.0,"enemies":"Gremlin Nob","floor":13.0,"turns":3.0},{"damage":33.0,"enemies":"Slime Boss","floor":16.0,"turns":8.0},{"damage":11.0,"enemies":"3 Byrds","floor":18.0,"turns":5.0},{"damage":6.0,"enemies":"Spheric Guardian","floor":22.0,"turns":4.0},{"damage":0.0,"enemies":"Cultist and Chosen","floor":28.0,"turns":8.0},{"damage":57.0,"enemies":"Champ","floor":33.0,"turns":12.0},{"damage":21.0,"enemies":"3 Darklings","floor":35.0,"turns":6.0},{"damage":9.0,"enemies":"Orb Walker","floor":38.0,"turns":2.0},{"damage":5,"enemies":"Nemesis","floor":40,"turns":5},{"damage":0,"enemies":"Spire Growth","floor":45,"turns":2},{"damage":8,"enemies":"3 Darklings","floor":46,"turns":2},{"damage":18,"enemies":"Reptomancer","floor":47,"turns":5},{"damage":3,"enemies":"Transient","floor":48,"turns":6},{"damage":0,"enemies":"Donu and Deca","floor":50,"turns":7},{"damage":26,"enemies":"Time Eater","floor":51,"turns":5},{"damage":6,"enemies":"Shield and Spear","floor":55,"turns":3},{"damage":39,"enemies":"The Heart","floor":56,"turns":9}],"seed_played":"8141468917935652976","potions_obtained":[{"floor":10.0,"key":"Strength Potion"},{"floor":13.0,"key":"SkillPotion"},{"floor":16.0,"key":"EssenceOfSteel"},{"floor":46,"key":"Ancient Potion"}],"is_trial":false,"path_per_floor":["M","?","?","M","$","E","R","E","T","E","R","?","E","$","R","B",null,"M","$","?","?","M","R","$","R","T","$","M","?","R","$","R","B",null,"M","$","?","M","$","E","?","$","T","T","M","M","E","M","R","B","B",null,"R","$","E","B",null],"character_chosen":"IRONCLAD","items_purchased":["Battle Trance","Body Slam","Shrug It Off","Power Through","Sever Soul","Evolve"],"campfire_rested":0,"item_purchase_floors":[5,14,19,24,31,54],"current_hp_per_floor":[74,67,56,62,62,68,68,42,42,38,38,45,48,48,48,33,65,63,63,63,41,56,56,56,56,56,56,65,57,57,57,57,43,78,68,68,68,69,69,77,77,77,77,77,90,95,87,94,94,101,83,97,97,97,101,74],"gold":33,"neow_bonus":"THREE_ENEMY_KILL","is_prod":false,"is_daily":false,"chose_seed":false,"campfire_upgraded":8,"win_rate":0,"timestamp":1559762771,"path_taken":["M","?","?","M","$","E","R","E","T","E","R","?","E","$","R","BOSS","M","$","?","?","M","R","?","R","T","$","?","?","R","?","R","BOSS","M","$","?","?","$","E","?","$","T","?","?","M","E","M","R","BOSS","BOSS","R","$","E","BOSS"],"build_version":"2019-01-23","purchased_purges":9,"victory":true,"max_hp_per_floor":[75,75,75,75,75,75,75,75,75,75,75,75,75,75,75,75,75,78,78,78,83,86,86,86,86,86,86,89,89,89,89,89,89,89,92,92,92,92,92,95,95,95,95,95,98,101,101,101,101,101,101,101,101,101,101,101],"card_choices":[{"not_picked":["Flex","Intimidate"],"picked":"Carnage","floor":1.0},{"not_picked":["Heavy Blade","Wild Strike","Thunderclap"],"picked":"SKIP","floor":4.0},{"not_picked":["Warcry","Pommel Strike","Clothesline"],"picked":"SKIP","floor":6.0},{"not_picked":["Flame Barrier","Rage"],"picked":"Bloodletting","floor":8.0},{"not_picked":["Brutality","Battle Trance"],"picked":"True Grit","floor":10.0},{"not_picked":["Thunderclap","Flex"],"picked":"Shrug It Off","floor":12.0},{"not_picked":["Dropkick","Ghostly Armor","Clash"],"picked":"SKIP","floor":13.0},{"not_picked":["Reaper","Double Tap"],"picked":"Feed","floor":16.0},{"not_picked":["Perfected Strike","Warcry","Sword Boomerang"],"picked":"SKIP","floor":18.0},{"not_picked":["Clash","Thunderclap"],"picked":"Seeing Red","floor":22.0},{"not_picked":["Perfected Strike","Carnage","Combust"],"picked":"SKIP","floor":28.0},{"not_picked":["Exhume","Offering"],"picked":"Impervious","floor":33.0},{"not_picked":["Iron Wave","Hemokinesis","Flame Barrier"],"picked":"SKIP","floor":35.0},{"not_picked":["Cleave","Twin Strike","Corruption+1"],"picked":"SKIP","floor":38.0},{"not_picked":["Armaments","Corruption","Carnage"],"picked":"SKIP","floor":40},{"not_picked":["Carnage","Iron Wave"],"picked":"Burning Pact","floor":45},{"not_picked":["Anger","Ghostly Armor"],"picked":"Second Wind","floor":46},{"not_picked":["Clothesline","True Grit+1","Juggernaut"],"picked":"SKIP","floor":47},{"not_picked":["True Grit+1","Anger+1"],"picked":"Shockwave","floor":48},{"not_picked":["Infernal Blade","Inflame+1","Dual Wield"],"picked":"SKIP","floor":55}],"player_experience":1884224,"relics_obtained":[{"floor":6.0,"key":"Matryoshka"},{"floor":8.0,"key":"Bird Faced Urn"},{"floor":9.0,"key":"Self Forming Clay"},{"floor":9.0,"key":"Meat on the Bone"},{"floor":10.0,"key":"Lantern"},{"floor":12.0,"key":"Smiling Mask"},{"floor":13.0,"key":"Pocketwatch"},{"floor":26.0,"key":"Art of War"},{"floor":26.0,"key":"Pantograph"},{"floor":40,"key":"Ornamental Fan"},{"floor":44,"key":"Kunai"},{"floor":47,"key":"Molten Egg 2"},{"floor":55,"key":"Magic Flower"}],"event_choices":[{"cards_removed":["Strike_R"],"damage_healed":0.0,"max_hp_gain":0.0,"max_hp_loss":0.0,"gold_gain":0.0,"event_name":"Golden Wing","player_choice":"Card Removal","floor":2.0,"gold_loss":0.0,"damage_taken":7.0},{"damage_healed":0.0,"max_hp_gain":0.0,"max_hp_loss":0.0,"gold_gain":75.0,"event_name":"World of Goop","player_choice":"Gather Gold","floor":3.0,"gold_loss":0.0,"damage_taken":11.0},{"damage_healed":0.0,"max_hp_gain":0.0,"max_hp_loss":0.0,"gold_gain":0.0,"event_name":"Dead Adventurer","player_choice":"Searched \u00271\u0027 times","floor":12.0,"gold_loss":0.0,"damage_taken":0.0},{"damage_healed":0.0,"max_hp_gain":0.0,"max_hp_loss":0.0,"gold_gain":0.0,"event_name":"Ghosts","player_choice":"Ignored","floor":20.0,"gold_loss":0.0,"damage_taken":0.0},{"damage_healed":0.0,"max_hp_gain":5.0,"max_hp_loss":0.0,"gold_gain":0.0,"event_name":"Forgotten Altar","player_choice":"Shed Blood","floor":21.0,"gold_loss":0.0,"damage_taken":27.0},{"damage_healed":0.0,"max_hp_gain":0.0,"max_hp_loss":0.0,"gold_gain":50.0,"event_name":"FaceTrader","player_choice":"Touch","floor":29.0,"gold_loss":0.0,"damage_taken":8.0},{"damage_healed":0.0,"max_hp_gain":0.0,"max_hp_loss":0.0,"gold_gain":0.0,"event_name":"Duplicator","player_choice":"Copied","floor":37.0,"gold_loss":0.0,"damage_taken":0.0,"cards_obtained":["Seeing Red"]},{"damage_healed":0,"gold_gain":0,"player_choice":"Ignored","damage_taken":0,"max_hp_gain":0,"max_hp_loss":0,"event_name":"Tomb of Lord Red Mask","floor":41,"gold_loss":0}],"is_beta":false,"boss_relics":[{"not_picked":["Sozu","Coffee Dripper"],"picked":"Runic Pyramid"},{"not_picked":["Cursed Key","Empty Cage"],"picked":"Astrolabe"}],"items_purged_floors":[5,14,19,27,31,36,39,42,54],"is_endless":false,"potions_floor_spawned":[10,13,16,33,35,45,46],"ascension_level":20}