{"gold_per_floor":[109,23,36,36,56,83,163,163,238,254,10,22,48,48,48,150,150,164,164,178,178,189,222,222,222,222,222,15,25,25,44,44,44],"floor_reached":33,"playtime":2685,"items_purged":[],"score":275,"play_id":"b34e2a30-a71b-4a19-8ee5-e79bd5a8045d","local_time":"20190727194136","is_ascension_mode":false,"campfire_choices":[{"data":"All Out Attack","floor":8,"key":"SMITH"},{"floor":15,"key":"REST"},{"floor":27,"key":"REST"},{"floor":32,"key":"REST"}],"neow_cost":"NONE","seed_source_timestamp":155380260562100,"circlet_count":0,"master_deck":["Strike_G","Strike_G","Strike_G","Defend_G+1","Defend_G","Defend_G","Defend_G","Defend_G","Survivor","Neutralize","All Out Attack+1","Bane","Dramatic Entrance","Slice","Slice","Poisoned Stab","Prepared+1","Blind","Quick Slash","Masterful Stab","Underhanded Strike","Calculated Gamble","Crippling Poison","Bane+1","Poisoned Stab","Dagger Spray","Quick Slash+1","Storm of Steel","Terror+1","Cloak And Dagger","Escape Plan","Flying Knee"],"relics":["Ring of the Snake","Orichalcum","Bottled Flame","War Paint","Du-Vu Doll","Calipers","Orrery","Meat on the Bone","Centennial Puzzle","Frozen Egg 2","Toy Ornithopter"],"potions_floor_usage":[6,6,18,20,22,23,23,31],"damage_taken":[{"damage":0,"enemies":"Cultist","floor":1,"turns":4},{"damage":2,"enemies":"Jaw Worm","floor":3,"turns":5},{"damage":0,"enemies":"2 Louse","floor":5,"turns":1},{"damage":27,"enemies":"Lagavulin","floor":6,"turns":6},{"damage":4,"enemies":"Blue Slaver","floor":10,"turns":2},{"damage":0,"enemies":"Gremlin Gang","floor":12,"turns":1},{"damage":6,"enemies":"3 Sentries","floor":13,"turns":4},{"damage":36,"enemies":"The Guardian","floor":16,"turns":14},{"damage":4,"enemies":"Chosen","floor":18,"turns":3},{"damage":0,"enemies":"3 Byrds","floor":20,"turns":3},{"damage":24,"enemies":"Snake Plant","floor":22,"turns":4},{"damage":27,"enemies":"Gremlin Leader","floor":23,"turns":5},{"damage":9,"enemies":"Snecko","floor":29,"turns":3},{"damage":2,"enemies":"Centurion and Healer","floor":31,"turns":3},{"damage":80,"enemies":"Collector","floor":33,"turns":6}],"seed_played":"-8927573804704952114","potions_obtained":[{"floor":1,"key":"Energy Potion"},{"floor":5,"key":"Explosive Potion"},{"floor":16,"key":"AttackPotion"},{"floor":19,"key":"Strength Potion"},{"floor":19,"key":"PowerPotion"},{"floor":19,"key":"SneckoOil"},{"floor":22,"key":"SpeedPotion"},{"floor":29,"key":"EssenceOfSteel"}],"is_trial":false,"path_per_floor":["M","$","M","?","M","E","?","R","T","M","$","M","E","?","R","B",null,"M","?","M","?","M","E","T","?","T","R","$","M","?","M","R","B"],"character_chosen":"THE_SILENT","items_purchased":["Dramatic Entrance","War Paint","Blind","Toy Ornithopter"],"campfire_rested":3,"item_purchase_floors":[2,11,11,28],"current_hp_per_floor":[70,70,68,68,68,41,41,41,41,37,37,37,31,28,49,13,70,66,66,66,66,42,15,15,15,15,36,36,39,39,42,63,0],"gold":44,"neow_bonus":"THREE_CARDS","is_prod":false,"is_daily":false,"chose_seed":false,"campfire_upgraded":1,"win_rate":0.0,"timestamp":1564274496,"path_taken":["M","?","M","?","M","E","?","R","T","M","?","?","E","?","R","BOSS","M","?","?","?","?","E","?","?","T","R","$","M","?","M","R","BOSS"],"build_version":"2019-07-17","purchased_purges":0,"victory":false,"max_hp_per_floor":[70,70,70,70,70,70,70,70,70,70,70,70,70,70,70,70,70,70,70,70,70,70,70,70,70,70,70,70,70,70,70,70,70],"card_choices":[{"not_picked":["Reflex","Blur"],"picked":"All Out Attack","floor":0},{"not_picked":["Riddle With Holes","Backflip"],"picked":"Bane","floor":1},{"not_picked":["PiercingWail","Dagger Spray"],"picked":"Slice","floor":3},{"not_picked":["Acrobatics","Accuracy"],"picked":"Slice","floor":5},{"not_picked":["PiercingWail","Blade Dance"],"picked":"Poisoned Stab","floor":6},{"not_picked":["Riddle With Holes","Caltrops"],"picked":"Prepared","floor":10},{"not_picked":["Riddle With Holes","PiercingWail"],"picked":"Quick Slash","floor":12},{"not_picked":["Expertise","Quick Slash"],"picked":"Masterful Stab","floor":13},{"not_picked":["PiercingWail","Quick Slash"],"picked":"Underhanded Strike","floor":17},{"not_picked":["Expertise","Sucker Punch"],"picked":"Calculated Gamble","floor":17},{"not_picked":["Footwork","Quick Slash"],"picked":"Crippling Poison","floor":17},{"not_picked":["Footwork","PiercingWail"],"picked":"Bane","floor":17},{"not_picked":["Skewer","Blade Dance"],"picked":"Poisoned Stab","floor":17},{"not_picked":["Dodge and Roll","Calculated Gamble"],"picked":"Dagger Spray","floor":18},{"not_picked":["Outmaneuver","Bane"],"picked":"Quick Slash+1","floor":20},{"not_picked":["Blade Dance","Sucker Punch+1"],"picked":"Storm of Steel","floor":22},{"not_picked":["PiercingWail","Blade Dance"],"picked":"Terror+1","floor":23},{"not_picked":["Dodge and Roll","Cloak And Dagger"],"picked":"Flying Knee","floor":29},{"not_picked":["Acrobatics","Deflect","All Out Attack"],"picked":"SKIP","floor":31}],"player_experience":159669,"relics_obtained":[{"floor":6,"key":"Orichalcum"},{"floor":9,"key":"Bottled Flame"},{"floor":13,"key":"Du-Vu Doll"},{"floor":23,"key":"Meat on the Bone"},{"floor":24,"key":"Centennial Puzzle"},{"floor":26,"key":"Frozen Egg 2"}],"event_choices":[{"damage_healed":0,"gold_gain":0,"player_choice":"Ignored","damage_taken":0,"max_hp_gain":0,"max_hp_loss":0,"event_name":"Liars Game","floor":4,"gold_loss":0},{"damage_healed":0,"gold_gain":80,"player_choice":"Gained Gold","damage_taken":0,"max_hp_gain":0,"max_hp_loss":0,"event_name":"Golden Wing","floor":7,"gold_loss":0},{"damage_healed":0,"gold_gain":0,"player_choice":"Success","damage_taken":3,"relics_obtained":["Calipers"],"max_hp_gain":0,"max_hp_loss":0,"event_name":"Scrap Ooze","floor":14,"gold_loss":0},{"damage_healed":0,"gold_gain":0,"player_choice":"Got Potions","damage_taken":0,"max_hp_gain":0,"max_hp_loss":0,"event_name":"Lab","floor":19,"gold_loss":0},{"damage_healed":0,"gold_gain":0,"player_choice":"Forge","damage_taken":0,"max_hp_gain":0,"max_hp_loss":0,"event_name":"Accursed Blacksmith","floor":21,"gold_loss":0,"cards_upgraded":["Bane"]},{"damage_healed":0,"gold_gain":0,"cards_transformed":["Strike_G","Strike_G"],"player_choice":"Became Test Subject","damage_taken":0,"max_hp_gain":0,"max_hp_loss":0,"event_name":"Drug Dealer","floor":25,"gold_loss":0,"cards_obtained":["Cloak And Dagger","Escape Plan"]},{"damage_healed":0,"gold_gain":0,"player_choice":"Leave","damage_taken":0,"max_hp_gain":0,"max_hp_loss":0,"event_name":"FaceTrader","floor":30,"gold_loss":0}],"is_beta":false,"boss_relics":[{"not_picked":["Calling Bell","Empty Cage"],"picked":"Orrery"}],"items_purged_floors":[],"is_endless":false,"potions_floor_spawned":[1,5,16,22,29],"killed_by":"Collector","ascension_level":0}