{"gold_per_floor":[116,41,41,41,41,101,101,101,101,132,132,148,148,163,163,237,237,237],"floor_reached":18,"playtime":289,"items_purged":["Strike_G"],"score":432,"play_id":"47e4b716-5140-48e2-be33-1c42db22d570","local_time":"20190604002110","is_ascension_mode":true,"campfire_choices":[{"data":"Neutralize","floor":7,"key":"SMITH"},{"data":"Choke","floor":11,"key":"SMITH"},{"data":"Calculated Gamble","floor":13,"key":"SMITH"},{"data":"Deadly Poison","floor":15,"key":"SMITH"}],"neow_cost":"NONE","seed_source_timestamp":118767745226593,"circlet_count":0,"master_deck":["AscendersBane","Defend_G","Defend_G","Defend_G","Defend_G","Defend_G","Strike_G","Strike_G","Strike_G","Strike_G","Survivor","Neutralize+1","Calculated Gamble+1","Choke+1","Deadly Poison+1","A Thousand Cuts"],"relics":["Ring of the Snake","NeowsBlessing","Tiny Chest","Ninja Scroll","Thread and Needle","Black Star"],"potions_floor_usage":[],"damage_taken":[{"damage":0,"enemies":"Jaw Worm","floor":1,"turns":1},{"damage":0,"enemies":"Lagavulin","floor":6,"turns":1},{"damage":0,"enemies":"Gremlin Nob","floor":10,"turns":1},{"damage":0,"enemies":"Cultist","floor":12,"turns":1},{"damage":0,"enemies":"2 Louse","floor":14,"turns":2},{"damage":32,"enemies":"Hexaghost","floor":16,"turns":11},{"damage":18,"enemies":"3 Byrds","floor":18,"turns":3}],"seed_played":"2525090218552412549","potions_obtained":[{"floor":10,"key":"SpeedPotion"},{"floor":12,"key":"FairyPotion"}],"is_trial":false,"path_per_floor":["M","$","?","$","?","E","R","T","T","E","R","M","R","M","R","B",null,"M"],"character_chosen":"THE_SILENT","items_purchased":[],"campfire_rested":0,"item_purchase_floors":[],"current_hp_per_floor":[59,59,59,59,59,59,59,59,59,59,59,59,59,59,59,27,56,38],"gold":237,"neow_bonus":"THREE_ENEMY_KILL","is_prod":false,"is_daily":false,"chose_seed":false,"campfire_upgraded":4,"win_rate":0,"timestamp":1559578870,"path_taken":["M","$","?","$","?","E","R","?","T","E","R","M","R","M","R","BOSS","M"],"build_version":"2019-01-23","purchased_purges":1,"victory":false,"max_hp_per_floor":[66,66,66,66,66,66,66,66,66,66,66,66,66,66,66,66,66,66],"card_choices":[{"not_picked":["Bane","Leg Sweep","Dagger Spray"],"picked":"SKIP","floor":1},{"not_picked":["Bane","Leg Sweep","Dagger Spray"],"picked":"SKIP","floor":1},{"not_picked":["Flying Knee","Distraction"],"picked":"Calculated Gamble","floor":6},{"not_picked":["Outmaneuver","Sucker Punch"],"picked":"Choke","floor":10},{"not_picked":["Dagger Spray","Slice"],"picked":"Deadly Poison","floor":12},{"not_picked":["Accuracy","Dagger Spray","Underhanded Strike"],"picked":"SKIP","floor":14},{"not_picked":["Unload","Phantasmal Killer"],"picked":"A Thousand Cuts","floor":16}],"player_experience":1856315,"relics_obtained":[{"floor":6,"key":"Tiny Chest"},{"floor":9,"key":"Ninja Scroll"},{"floor":10,"key":"Thread and Needle"}],"event_choices":[{"damage_healed":0,"gold_gain":0,"player_choice":"Ignored","damage_taken":0,"max_hp_gain":0,"max_hp_loss":0,"event_name":"WeMeetAgain","floor":3,"gold_loss":0},{"damage_healed":0,"gold_gain":0,"player_choice":"Leave","damage_taken":0,"max_hp_gain":0,"max_hp_loss":0,"event_name":"The Cleric","floor":5,"gold_loss":0}],"is_beta":false,"boss_relics":[{"not_picked":["Tiny House","Fusion Hammer"],"picked":"Black Star"}],"items_purged_floors":[2],"is_endless":false,"potions_floor_spawned":[10,12,16],"killed_by":"3 Byrds","ascension_level":20}