{"gold_per_floor":[113,123,4,4,4,336,347,347,347,362,362,377,377,391,391,466,466,478,9,9,24,24,24,24,24,104,123,123,123,123,137,137,214,214,227,243,262,262],"floor_reached":38,"playtime":1134,"items_purged":["Strike_B","Doom and Gloom"],"score":802,"play_id":"c50a3e2f-032c-4d2d-92ee-edfb7c3f2a6d","local_time":"20190723210809","is_ascension_mode":true,"campfire_choices":[{"data":"Dualcast","floor":11.0,"key":"SMITH"},{"data":"Chaos","floor":15.0,"key":"SMITH"},{"data":"Chaos","floor":23.0,"key":"SMITH"},{"data":"Blizzard","floor":25.0,"key":"SMITH"},{"data":"Seek","floor":28.0,"key":"SMITH"},{"data":"Heatsinks","floor":32.0,"key":"SMITH"}],"neow_cost":"NONE","seed_source_timestamp":443151215407483,"circlet_count":0,"master_deck":["AscendersBane","Zap+1","Dualcast+1","Glacier+1","BootSequence","Hologram","Multi-Cast","Chaos+1","Seek+1","Heatsinks+1","Cold Snap","Chaos+1","Hologram","Reprogram+1","Conserve Battery","Compile Driver","Tempest","Blizzard+1","Gash","Loop","Consume+1","Core Surge+1","Skim","Go for the Eyes+1","White Noise","Turbo+1","Self Repair+1"],"special_seed":0,"relics":["Cracked Core","NeowsBlessing","Old Coin","Pandora\u0027s Box","Membership Card","Prayer Wheel","Meat on the Bone","Molten Egg 2","Inserter"],"potions_floor_usage":[38],"damage_taken":[{"damage":0.0,"enemies":"Jaw Worm","floor":1.0,"turns":1.0},{"damage":0.0,"enemies":"2 Louse","floor":2.0,"turns":1.0},{"damage":0.0,"enemies":"Lagavulin","floor":6.0,"turns":1.0},{"damage":0.0,"enemies":"Small Slimes","floor":7.0,"turns":3.0},{"damage":10.0,"enemies":"Gremlin Gang","floor":10.0,"turns":3.0},{"damage":8.0,"enemies":"Exordium Wildlife","floor":12.0,"turns":3.0},{"damage":4.0,"enemies":"Red Slaver","floor":14.0,"turns":2.0},{"damage":17.0,"enemies":"Hexaghost","floor":16.0,"turns":6.0},{"damage":24.0,"enemies":"3 Byrds","floor":18.0,"turns":3.0},{"damage":0.0,"enemies":"Chosen","floor":21.0,"turns":5.0},{"damage":0.0,"enemies":"Snecko","floor":27.0,"turns":4.0},{"damage":24.0,"enemies":"Sentry and Sphere","floor":31.0,"turns":6.0},{"damage":21.0,"enemies":"Collector","floor":33.0,"turns":12.0},{"damage":24.0,"enemies":"3 Shapes","floor":35.0,"turns":4.0},{"damage":15.0,"enemies":"3 Darklings","floor":36.0,"turns":7.0},{"damage":56.0,"enemies":"4 Shapes","floor":37.0,"turns":6.0},{"damage":18,"enemies":"Writhing Mass","floor":38,"turns":2}],"seed_played":"80712245569323396","potions_obtained":[{"floor":2.0,"key":"FocusPotion"},{"floor":6.0,"key":"GamblersBrew"},{"floor":12.0,"key":"EntropicBrew"},{"floor":27.0,"key":"FearPotion"},{"floor":33.0,"key":"Regen Potion"},{"floor":36.0,"key":"Dexterity Potion"}],"is_trial":false,"path_per_floor":["M","M","$","?","?","E","M","?","T","M","R","M","?","M","R","B",null,"M","$","?","M","?","R","?","R","T","M","R","?","T","M","R","B",null,"M","M","M","M"],"character_chosen":"DEFECT","items_purchased":["Tempest","Membership Card","Prayer Wheel","Swift Potion"],"campfire_rested":0,"item_purchase_floors":[3,19,19,19],"current_hp_per_floor":[64,64,64,64,43,43,43,43,43,33,33,25,25,21,21,4,54,30,30,10,24,24,24,24,24,24,36,36,36,36,24,24,15,61,49,46,17,0],"gold":262,"neow_bonus":"THREE_ENEMY_KILL","is_prod":false,"is_daily":false,"chose_seed":false,"campfire_upgraded":6,"win_rate":0,"timestamp":1563887289,"path_taken":["M","M","$","?","?","E","M","?","T","?","R","M","?","?","R","BOSS","M","$","?","M","?","R","?","R","T","M","R","?","?","?","R","BOSS","M","M","M","?"],"build_version":"2019-07-17","purchased_purges":2,"victory":false,"max_hp_per_floor":[71,71,71,71,71,71,71,71,71,71,71,71,71,71,71,71,71,71,71,76,76,76,76,76,76,76,76,76,76,76,76,76,76,76,76,76,76,76],"card_choices":[{"not_picked":["Barrage","Stack"],"picked":"Glacier","floor":1.0},{"not_picked":["Barrage","Leap"],"picked":"BootSequence","floor":2.0},{"not_picked":["Auto Shields","Steam Power","Sweeping Beam"],"picked":"SKIP","floor":6.0},{"not_picked":["Reinforced Body","Rip and Tear","Redo"],"picked":"SKIP","floor":7.0},{"not_picked":["Glacier","Beam Cell"],"picked":"Hologram","floor":10.0},{"not_picked":["Ball Lightning","BootSequence"],"picked":"Multi-Cast","floor":12.0},{"not_picked":["Compile Driver","Rebound"],"picked":"Chaos","floor":14.0},{"not_picked":["Buffer","Amplify"],"picked":"Seek","floor":16.0},{"not_picked":["Gash","Sweeping Beam"],"picked":"Reprogram+1","floor":18.0},{"not_picked":["Hello World+1","Cold Snap"],"picked":"Conserve Battery","floor":21.0},{"not_picked":["Streamline","Rip and Tear","Steam"],"picked":"SKIP","floor":21.0},{"not_picked":["BootSequence","Rebound+1"],"picked":"Gash","floor":27.0},{"not_picked":["Tempest","Doom and Gloom","Conserve Battery"],"picked":"SKIP","floor":27.0},{"not_picked":["Barrage+1","Cold Snap+1"],"picked":"Loop","floor":31.0},{"not_picked":["Coolheaded","Streamline+1"],"picked":"Consume+1","floor":31.0},{"not_picked":["Electrodynamics","Amplify"],"picked":"Core Surge+1","floor":33.0},{"not_picked":["Streamline+1","Capacitor+1"],"picked":"Skim","floor":35.0},{"not_picked":["Beam Cell+1","Glacier"],"picked":"Go for the Eyes+1","floor":35.0},{"not_picked":["Cold Snap+1","Double Energy"],"picked":"White Noise","floor":36.0},{"not_picked":["Gash+1","Cold Snap+1","Chill"],"picked":"SKIP","floor":36.0},{"not_picked":["BootSequence+1","Redo"],"picked":"Turbo+1","floor":37.0},{"not_picked":["Stack+1","Compile Driver+1"],"picked":"Self Repair+1","floor":37.0}],"player_experience":2066161,"relics_obtained":[{"floor":6.0,"key":"Old Coin"},{"floor":26.0,"key":"Meat on the Bone"},{"floor":30.0,"key":"Molten Egg 2"}],"event_choices":[{"damage_healed":0.0,"max_hp_gain":0.0,"max_hp_loss":0.0,"gold_gain":0.0,"cards_transformed":["Strike_B"],"event_name":"Living Wall","player_choice":"Change","floor":4.0,"gold_loss":0.0,"damage_taken":0.0,"cards_obtained":["Rip and Tear"]},{"damage_healed":0.0,"max_hp_gain":0.0,"max_hp_loss":0.0,"gold_gain":0.0,"event_name":"Shining Light","player_choice":"Entered Light","floor":5.0,"gold_loss":0.0,"damage_taken":21.0,"cards_upgraded":["Glacier","Strike_B"]},{"damage_healed":0.0,"max_hp_gain":0.0,"max_hp_loss":0.0,"gold_gain":0.0,"event_name":"Upgrade Shrine","player_choice":"Upgraded","floor":8.0,"gold_loss":0.0,"damage_taken":0.0,"cards_upgraded":["Zap"]},{"damage_healed":0.0,"max_hp_gain":0.0,"max_hp_loss":0.0,"gold_gain":0.0,"event_name":"Accursed Blacksmith","player_choice":"Forge","floor":13.0,"gold_loss":0.0,"damage_taken":0.0,"cards_upgraded":["Rip and Tear"]},{"damage_healed":0.0,"max_hp_gain":5.0,"max_hp_loss":0.0,"gold_gain":0.0,"event_name":"Forgotten Altar","player_choice":"Shed Blood","floor":20.0,"gold_loss":0.0,"damage_taken":25.0},{"damage_healed":0.0,"max_hp_gain":0.0,"max_hp_loss":0.0,"gold_gain":0.0,"cards_transformed":["Sweeping Beam","Rip and Tear"],"event_name":"Drug Dealer","player_choice":"Became Test Subject","floor":22.0,"gold_loss":0.0,"damage_taken":0.0,"cards_obtained":["Compile Driver","Tempest"]},{"damage_healed":0.0,"max_hp_gain":0.0,"max_hp_loss":0.0,"gold_gain":0.0,"event_name":"The Library","player_choice":"Read","floor":24.0,"gold_loss":0.0,"damage_taken":0.0,"cards_obtained":["Blizzard"]},{"cards_removed":["Tempest"],"damage_healed":0.0,"max_hp_gain":0.0,"max_hp_loss":0.0,"gold_gain":0.0,"event_name":"Back to Basics","player_choice":"Elegance","floor":29.0,"gold_loss":0.0,"damage_taken":0.0}],"is_beta":false,"boss_relics":[{"not_picked":["Velvet Choker","Philosopher\u0027s Stone"],"picked":"Pandora\u0027s Box"},{"not_picked":["Calling Bell","FrozenCore"],"picked":"Inserter"}],"items_purged_floors":[3,19],"is_endless":false,"potions_floor_spawned":[2,6,12,14,27,33,36],"killed_by":"Writhing Mass","ascension_level":20}