{"gold_per_floor":[117,82,7,17,17,50,70,70,70,84,3,3,31,42,42,141,141,158,158,170,170,180,212,229,229,277,303,20,20,20,38,38,38],"floor_reached":33,"playtime":3151,"items_purged":["Doubt"],"score":320,"play_id":"ed3411f6-93ff-4203-93e1-7b765835a107","local_time":"20190727154200","is_ascension_mode":false,"campfire_choices":[{"data":"Storm of Steel","floor":12,"key":"SMITH"},{"data":"All Out Attack","floor":15,"key":"SMITH"},{"floor":25,"key":"REST"},{"floor":32,"key":"REST"}],"neow_cost":"CURSE","seed_source_timestamp":140537858134100,"circlet_count":0,"master_deck":["Strike_G","Strike_G","Strike_G","Strike_G","Defend_G","Defend_G","Defend_G","Defend_G","Defend_G","Survivor","Neutralize","Deadly Poison","Deflect","Pain","Flying Knee","Escape Plan","Storm of Steel+1","Skewer","Finesse","Slice","All Out Attack+1","Adrenaline","Heel Hook+1","Expertise+1","Choke+1","Deadly Poison+1","Catalyst","Deflect","Noxious Fumes"],"relics":["Ring of the Snake","Dead Branch","WarpedTongs","Blue Candle","Gremlin Horn","Pantograph","Lizard Tail","Lantern","Nilry\u0027s Codex","Sundial","Anchor","Bag of Marbles","Bottled Flame","Singing Bowl"],"potions_floor_usage":[13,16,16,22,23,24,31,31],"damage_taken":[{"damage":5,"enemies":"Jaw Worm","floor":1,"turns":6},{"damage":0,"enemies":"2 Louse","floor":4,"turns":3},{"damage":10,"enemies":"Lagavulin","floor":6,"turns":7},{"damage":1,"enemies":"Cultist","floor":7,"turns":3},{"damage":1,"enemies":"3 Louse","floor":10,"turns":2},{"damage":8,"enemies":"Gremlin Nob","floor":13,"turns":3},{"damage":3,"enemies":"Red Slaver","floor":14,"turns":3},{"damage":67,"enemies":"The Guardian","floor":16,"turns":9},{"damage":7,"enemies":"Spheric Guardian","floor":18,"turns":4},{"damage":3,"enemies":"2 Thieves","floor":20,"turns":2},{"damage":2,"enemies":"Snecko","floor":22,"turns":3},{"damage":65,"enemies":"Slavers","floor":23,"turns":6},{"damage":9,"enemies":"Sentry and Sphere","floor":24,"turns":4},{"damage":5,"enemies":"Book of Stabbing","floor":27,"turns":3},{"damage":0,"enemies":"Snake Plant","floor":31,"turns":2},{"damage":87,"enemies":"Champ","floor":33,"turns":8}],"seed_played":"9035826333982392128","potions_obtained":[{"floor":1,"key":"Explosive Potion"},{"floor":7,"key":"Weak Potion"},{"floor":10,"key":"Poison Potion"},{"floor":16,"key":"SpeedPotion"},{"floor":18,"key":"FearPotion"},{"floor":23,"key":"AttackPotion"},{"floor":24,"key":"Block Potion"},{"floor":27,"key":"SkillPotion"}],"is_trial":false,"path_per_floor":["M","?","$","M","?","E","M","?","T","M","$","R","E","M","R","B",null,"M","?","M","?","M","E","M","R","T","E","$","T","?","M","R","B"],"character_chosen":"THE_SILENT","items_purchased":["Finesse","Bottled Flame","Noxious Fumes"],"campfire_rested":2,"item_purchase_floors":[11,28,28],"current_hp_per_floor":[65,70,70,70,70,60,59,59,59,58,58,58,50,47,47,3,70,63,63,60,44,42,14,5,26,26,21,21,21,21,23,44,0],"gold":38,"neow_bonus":"ONE_RARE_RELIC","is_prod":false,"is_daily":false,"chose_seed":false,"campfire_upgraded":2,"win_rate":0.0,"timestamp":1564260120,"path_taken":["M","?","$","M","?","E","?","?","T","M","$","R","E","M","R","BOSS","M","?","M","?","?","E","M","R","T","E","$","?","?","M","R","BOSS"],"build_version":"2019-07-17","purchased_purges":1,"victory":false,"max_hp_per_floor":[70,70,70,70,70,70,70,70,70,70,70,70,70,70,70,70,70,70,70,70,70,70,70,70,70,70,70,70,70,70,72,72,72],"card_choices":[{"not_picked":["Riddle With Holes","Flechettes"],"picked":"Deadly Poison","floor":1},{"not_picked":["Eviscerate","Outmaneuver"],"picked":"Deflect","floor":4},{"not_picked":["Blade Dance","A Thousand Cuts"],"picked":"Flying Knee","floor":6},{"not_picked":["Reflex","Flechettes"],"picked":"Escape Plan","floor":7},{"not_picked":["Leg Sweep","PiercingWail"],"picked":"Skewer","floor":10},{"not_picked":["Heel Hook","Flying Knee"],"picked":"Slice","floor":13},{"not_picked":["Dodge and Roll","Flechettes"],"picked":"All Out Attack","floor":14},{"not_picked":["After Image","Storm of Steel"],"picked":"Adrenaline","floor":16},{"not_picked":["PiercingWail","Backflip"],"picked":"Heel Hook+1","floor":18},{"not_picked":["Escape Plan","Choke+1"],"picked":"Expertise+1","floor":20},{"not_picked":["Quick Slash","Blade Dance"],"picked":"Choke+1","floor":22},{"not_picked":["Sucker Punch","Blade Dance+1"],"picked":"Deadly Poison+1","floor":23},{"not_picked":["Flechettes","Dagger Throw"],"picked":"Catalyst","floor":24},{"not_picked":["A Thousand Cuts","Eviscerate"],"picked":"Deflect","floor":27},{"not_picked":["Leg Sweep","Prepared","Sucker Punch"],"picked":"Singing Bowl","floor":31}],"player_experience":156518,"relics_obtained":[{"floor":6,"key":"Blue Candle"},{"floor":9,"key":"Gremlin Horn"},{"floor":13,"key":"Pantograph"},{"floor":21,"key":"Nilry\u0027s Codex"},{"floor":23,"key":"Sundial"},{"floor":26,"key":"Anchor"},{"floor":27,"key":"Bag of Marbles"},{"floor":29,"key":"Singing Bowl"}],"event_choices":[{"damage_healed":17,"gold_gain":0,"player_choice":"Healed","damage_taken":0,"max_hp_gain":0,"max_hp_loss":0,"event_name":"The Cleric","floor":2,"gold_loss":35},{"damage_healed":0,"gold_gain":0,"player_choice":"Rummage","damage_taken":0,"relics_obtained":["WarpedTongs"],"max_hp_gain":0,"max_hp_loss":0,"event_name":"Accursed Blacksmith","floor":5,"gold_loss":0,"cards_obtained":["Pain"]},{"damage_healed":0,"gold_gain":0,"cards_transformed":["Strike_G"],"player_choice":"Transformed","damage_taken":0,"max_hp_gain":0,"max_hp_loss":0,"event_name":"Transmorgrifier","floor":8,"gold_loss":0,"cards_obtained":["Storm of Steel"]},{"damage_healed":0,"gold_gain":0,"player_choice":"Opened","damage_taken":0,"relics_obtained":["Lantern"],"max_hp_gain":0,"max_hp_loss":0,"event_name":"The Mausoleum","floor":19,"gold_loss":0},{"damage_healed":0,"gold_gain":0,"player_choice":"Obtained Book","damage_taken":16,"max_hp_gain":0,"max_hp_loss":0,"event_name":"Cursed Tome","floor":21,"gold_loss":0},{"damage_healed":0,"gold_gain":0,"player_choice":"Ignored","damage_taken":0,"max_hp_gain":0,"max_hp_loss":0,"event_name":"Vampires","floor":30,"gold_loss":0}],"is_beta":false,"boss_relics":[{"not_picked":["HoveringKite","Astrolabe"],"picked":"Lizard Tail"}],"items_purged_floors":[3],"is_endless":false,"potions_floor_spawned":[1,7,10,16,18,23,24,27],"killed_by":"Champ","ascension_level":0}