{"gold_per_floor":[114,114,129,129,10,10,10,25,25,25,40,100,9,9,9,9],"floor_reached":16,"playtime":1134,"items_purged":[],"score":98,"play_id":"e547fdac-e715-487f-9652-04c1c9adc16c","local_time":"20180701132942","daily_mods":["Diverse","Lethality","Binary"],"is_ascension_mode":false,"campfire_choices":[{"data":"Doom and Gloom","floor":6,"key":"SMITH"},{"data":"Predator","floor":10,"key":"SMITH"},{"data":"Trip","floor":15,"key":"SMITH"}],"neow_cost":"","seed_source_timestamp":8967962705944,"circlet_count":0,"master_deck":["Defend_G","Defend_G","Defend_G","Defend_G","Strike_G","Strike_G","Strike_G","Strike_G","Strike_G","Survivor+1","Neutralize","Go for the Eyes","Doom and Gloom+1","Stack","Feel No Pain","Purity+1","Predator+1","PiercingWail","Infernal Blade","Trip+1"],"special_seed":17713,"relics":["Ring of the Snake","Juzu Bracelet","Tiny Chest"],"potions_floor_usage":[16],"damage_taken":[{"damage":0,"enemies":"Jaw Worm","floor":1,"turns":3},{"damage":0,"enemies":"Cultist","floor":3,"turns":3},{"damage":0,"enemies":"2 Louse","floor":8,"turns":2},{"damage":15,"enemies":"Gremlin Gang","floor":11,"turns":4},{"damage":9,"enemies":"Lagavulin","floor":12,"turns":7},{"damage":48,"enemies":"The Guardian","floor":16,"turns":7}],"seed_played":"-8851648875795215677","potions_obtained":[{"floor":8,"key":"SteroidPotion"},{"floor":11,"key":"FearPotion"},{"floor":12,"key":"EssenceOfSteel"}],"is_trial":false,"path_per_floor":["M","?","M","?","$","R","?","M","T","R","M","E","$","?","R"],"character_chosen":"THE_SILENT","items_purchased":["Stack","Feel No Pain","Trip"],"campfire_rested":0,"item_purchase_floors":[5,5,13],"current_hp_per_floor":[70,70,70,70,70,70,70,70,70,70,55,46,46,46,46,0],"gold":9,"neow_bonus":"","is_prod":false,"is_daily":true,"chose_seed":false,"campfire_upgraded":3,"win_rate":0.0,"timestamp":1530419382,"path_taken":["M","?","?","?","$","R","?","?","T","R","M","E","$","?","R","BOSS"],"build_version":"2018-06-28","purchased_purges":0,"victory":false,"max_hp_per_floor":[70,70,70,70,70,70,70,70,70,70,70,70,70,70,70,70],"card_choices":[{"not_picked":["Fire Breathing"],"picked":"Go for the Eyes","floor":1},{"not_picked":["True Grit"],"picked":"Doom and Gloom","floor":3},{"not_picked":["Evolve"],"picked":"Predator","floor":8},{"not_picked":["Distraction"],"picked":"PiercingWail","floor":11},{"not_picked":["Poisoned Stab"],"picked":"Infernal Blade","floor":12}],"player_experience":43360,"relics_obtained":[{"floor":9,"key":"Juzu Bracelet"},{"floor":12,"key":"Tiny Chest"}],"event_choices":[{"event_name":"Upgrade Shrine","player_choice":"Upgraded","floor":2,"damage_taken":0},{"event_name":"Purifier","player_choice":"One Purge","floor":4,"damage_taken":0},{"event_name":"Match and Keep!","player_choice":"1 cards matched","floor":7,"damage_taken":0},{"event_name":"Accursed Blacksmith","player_choice":"Forge","floor":14,"damage_taken":0}],"boss_relics":[],"items_purged_floors":[],"is_endless":false,"potions_floor_spawned":[8,11,12],"killed_by":"The Guardian","ascension_level":0}