{"gold_per_floor":[111,66,85,85,101,101,131,131,157,217,250,44,72,87,87,187,187,206,206,206,220,235,264,264,363,363,398,418,447,464,8,8,107,107,125,0,0,0,0,34,52,72,72,82,101,127,127,158,158,158],"floor_reached":50,"playtime":4234,"items_purged":[],"score":966,"play_id":"31dda1aa-d318-49d9-8503-ed72eacad1d7","local_time":"20180723140150","is_ascension_mode":true,"campfire_choices":[{"data":"Bouncing Flask","floor":6,"key":"SMITH"},{"data":"Catalyst","floor":8,"key":"SMITH"},{"data":"Tactician","floor":15,"key":"SMITH"},{"data":"Tactician","floor":24,"key":"SMITH"},{"floor":32,"key":"REST"},{"data":"Footwork","floor":47,"key":"SMITH"},{"data":"Neutralize","floor":49,"key":"SMITH"}],"neow_cost":"NONE","seed_source_timestamp":166853692600770,"circlet_count":0,"master_deck":["Defend_G","Defend_G","Defend_G","Defend_G","Defend_G","Survivor","Neutralize+1","Backflip","Backflip","Bouncing Flask+1","Dagger Throw","Catalyst+1","Tactician+1","Adrenaline","Underhanded Strike","Riddle With Holes","Bane","Bullet Time","Tactician+1","Crippling Poison","Terror","Footwork+1","PiercingWail","Cloak And Dagger+1","Bite","Bite","Bite","Bite","Bite+1","Skewer","Deadly Poison","Unload","Eviscerate+1","Bouncing Flask","Outmaneuver+1","Die Die Die","Apotheosis","Night Terror","Pain","Pain","Pain","Choke+1","Cloak And Dagger","Footwork+1","Riddle With Holes","Eviscerate+1","Prepared+1","Dagger Throw"],"relics":["Snecko Eye","Bronze Scales","Vajra","Blue Candle","Orichalcum","Snake Skull","Orrery","Lantern","Paper Crane","Sundial","Bag of Preparation","Dodecahedron","Calling Bell","Happy Flower","Question Card","Torii","Red Mask","Omamori","Pear","Whetstone","Frozen Egg 2"],"potions_floor_usage":[14,16,16,27,27,30,33,50,50],"damage_taken":[{"damage":10,"enemies":"Cultist","floor":1,"turns":5},{"damage":0,"enemies":"2 Louse","floor":3,"turns":5},{"damage":0,"enemies":"Small Slimes","floor":5,"turns":4},{"damage":10,"enemies":"Lagavulin","floor":7,"turns":4},{"damage":0,"enemies":"Lagavulin Event","floor":10,"turns":3},{"damage":7,"enemies":"Gremlin Nob","floor":11,"turns":3},{"damage":3,"enemies":"3 Sentries","floor":13,"turns":8},{"damage":0,"enemies":"2 Fungi Beasts","floor":14,"turns":2},{"damage":0,"enemies":"Hexaghost","floor":16,"turns":4},{"damage":2,"enemies":"2 Thieves","floor":18,"turns":3},{"damage":0,"enemies":"Chosen","floor":21,"turns":3},{"damage":18,"enemies":"Centurion and Healer","floor":22,"turns":4},{"damage":21,"enemies":"Book of Stabbing","floor":23,"turns":4},{"damage":25,"enemies":"Gremlin Leader","floor":27,"turns":8},{"damage":5,"enemies":"3 Cultists","floor":28,"turns":6},{"damage":0,"enemies":"Book of Stabbing","floor":29,"turns":3},{"damage":18,"enemies":"Snake Plant","floor":30,"turns":4},{"damage":12,"enemies":"Collector","floor":33,"turns":7},{"damage":2,"enemies":"3 Shapes","floor":35,"turns":3},{"damage":6,"enemies":"Nemesis","floor":40,"turns":5},{"damage":23,"enemies":"3 Darklings","floor":41,"turns":5},{"damage":12,"enemies":"Flame Bruiser 2 Orb","floor":42,"turns":6},{"damage":11,"enemies":"Transient","floor":44,"turns":5},{"damage":9,"enemies":"Sphere and 2 Shapes","floor":45,"turns":4},{"damage":1,"enemies":"2 Orb Walkers","floor":46,"turns":2},{"damage":12,"enemies":"Giant Head","floor":48,"turns":7},{"damage":108,"enemies":"Donu and Deca","floor":50,"turns":7}],"seed_played":"-5911617206129645345","potions_obtained":[{"floor":3,"key":"Dexterity Potion"},{"floor":11,"key":"SpeedPotion"},{"floor":13,"key":"SneckoOil"},{"floor":16,"key":"Dexterity Potion"},{"floor":21,"key":"AttackPotion"},{"floor":27,"key":"Block Potion"},{"floor":28,"key":"LiquidBronze"},{"floor":29,"key":"SteroidPotion"},{"floor":33,"key":"PowerPotion"},{"floor":35,"key":"FairyPotion"},{"floor":41,"key":"Strength Potion"}],"is_trial":false,"path_per_floor":["M","$","M","?","M","R","E","R","T","?","E","$","E","M","R","B",null,"M","?","?","M","M","E","R","?","T","E","M","E","M","$","R","B",null,"M","?","$","?","$","E","M","M","T","M","M","E","R","E","R"],"character_chosen":"THE_SILENT","items_purchased":["Backflip","Orichalcum","Underhanded Strike","Apotheosis","Dodecahedron"],"campfire_rested":1,"item_purchase_floors":[2,12,12,31,31],"current_hp_per_floor":[60,60,60,53,53,53,43,43,43,45,40,40,39,41,41,43,63,63,63,63,65,55,38,38,38,38,29,30,32,22,22,43,52,66,68,68,68,68,68,70,58,62,72,69,68,73,73,70,70,0],"gold":158,"neow_bonus":"BOSS_RELIC","is_prod":false,"is_daily":false,"chose_seed":false,"campfire_upgraded":6,"win_rate":0,"timestamp":1532368910,"path_taken":["M","?","M","?","M","R","E","R","T","?","E","?","E","M","R","BOSS","M","?","?","M","M","E","R","?","T","E","?","E","M","$","R","BOSS","M","?","?","?","?","E","?","M","T","M","M","E","R","E","R","BOSS"],"build_version":"2018-07-19v2","purchased_purges":0,"victory":false,"max_hp_per_floor":[70,70,70,70,70,70,70,70,70,70,70,70,70,70,70,70,70,70,70,70,70,70,70,70,70,70,70,70,70,70,70,70,70,70,70,70,70,70,70,70,70,70,80,80,80,80,80,80,80,80],"card_choices":[{"not_picked":["Skewer","Quick Slash"],"picked":"Backflip","floor":1},{"not_picked":["Quick Slash","Slice"],"picked":"Bouncing Flask","floor":3},{"not_picked":["Flechettes","Dodge and Roll"],"picked":"Dagger Throw","floor":5},{"not_picked":["Poisoned Stab","Acrobatics"],"picked":"Catalyst","floor":7},{"not_picked":["Calculated Gamble","Prepared"],"picked":"Tactician","floor":10},{"not_picked":["Sucker Punch","Calculated Gamble"],"picked":"Adrenaline","floor":11},{"not_picked":["Flying Knee","Sucker Punch"],"picked":"Riddle With Holes","floor":13},{"not_picked":["Quick Slash","Slice"],"picked":"Bane","floor":14},{"not_picked":["Phantasmal Killer","Corpse Explosion"],"picked":"Bullet Time","floor":16},{"not_picked":["Sucker Punch","Poisoned Stab"],"picked":"Tactician","floor":17},{"not_picked":["Dodge and Roll","Dagger Spray"],"picked":"Crippling Poison","floor":17},{"not_picked":["Skewer","Concentrate"],"picked":"Terror","floor":17},{"not_picked":["Slice","Concentrate"],"picked":"Footwork","floor":17},{"not_picked":["Flying Knee","Deadly Poison"],"picked":"PiercingWail","floor":17},{"not_picked":["Skewer","Blade Dance"],"picked":"Cloak And Dagger+1","floor":18},{"not_picked":["Dodge and Roll","Quick Slash"],"picked":"Skewer","floor":21},{"not_picked":["Slice","Quick Slash"],"picked":"Deadly Poison","floor":22},{"not_picked":["PiercingWail","Dagger Spray"],"picked":"Unload","floor":23},{"not_picked":["PiercingWail","Dagger Spray"],"picked":"Eviscerate","floor":27},{"not_picked":["Choke","Prepared"],"picked":"Bouncing Flask","floor":28},{"not_picked":["Blade Dance","Poisoned Stab"],"picked":"Outmaneuver+1","floor":29},{"not_picked":["Endless Agony+1","Dagger Spray"],"picked":"Die Die Die","floor":30},{"not_picked":["Adrenaline","Malaise"],"picked":"Night Terror","floor":33},{"not_picked":["Underhanded Strike","Terror+1","Dagger Spray+1"],"picked":"Infinite Blades+1","floor":35},{"not_picked":["Bane+1","Prepared","Dagger Spray+1"],"picked":"Choke+1","floor":40},{"not_picked":["Skewer","Accuracy+1","Prepared"],"picked":"Cloak And Dagger","floor":41},{"not_picked":["Setup+1","Poisoned Stab","Burst"],"picked":"Footwork+1","floor":42},{"not_picked":["Distraction","Cloak And Dagger","Outmaneuver"],"picked":"Riddle With Holes","floor":44},{"not_picked":["PiercingWail","Dash+1","Endless Agony"],"picked":"Eviscerate+1","floor":45},{"not_picked":["Underhanded Strike+1","Flying Knee","Outmaneuver"],"picked":"Prepared+1","floor":46},{"not_picked":["Underhanded Strike+1","Poisoned Stab","Sucker Punch"],"picked":"Dagger Throw","floor":48}],"player_experience":261964,"relics_obtained":[{"floor":7,"key":"Bronze Scales"},{"floor":9,"key":"Blood Vial"},{"floor":11,"key":"Blue Candle"},{"floor":13,"key":"Snake Skull"},{"floor":23,"key":"Lantern"},{"floor":26,"key":"Paper Crane"},{"floor":27,"key":"Sundial"},{"floor":29,"key":"Bag of Preparation"},{"floor":34,"key":"Happy Flower"},{"floor":34,"key":"Question Card"},{"floor":34,"key":"Torii"},{"floor":40,"key":"Omamori"},{"floor":43,"key":"Pear"},{"floor":46,"key":"Whetstone"},{"floor":48,"key":"Frozen Egg 2"}],"event_choices":[{"event_name":"Golden Wing","player_choice":"Card Removal","floor":4,"damage_taken":0},{"event_name":"Dead Adventurer","player_choice":"Searched \u00273\u0027 times","floor":10,"damage_taken":0},{"event_name":"Purifier","player_choice":"One Purge","floor":19,"damage_taken":0},{"event_name":"Vampires","player_choice":"Became a vampire (Vial)","floor":20,"damage_taken":0},{"event_name":"Nest","player_choice":"Stole From Cult","floor":25,"damage_taken":0},{"event_name":"Tomb of Lord Red Mask","player_choice":"Paid","floor":36,"damage_taken":0},{"event_name":"Falling","player_choice":"Removed Power","floor":38,"damage_taken":0}],"is_beta":false,"boss_relics":[{"not_picked":["Astrolabe","Runic Pyramid"],"picked":"Orrery"},{"not_picked":["Eternal Feather","White Beast Statue"],"picked":"Calling Bell"}],"items_purged_floors":[],"is_endless":false,"potions_floor_spawned":[3,11,13,16,21,27,28,29,33,35,41,44,48],"killed_by":"Donu and Deca","ascension_level":5}