{"gold_per_floor":[218,228,248,94,104,104,136,136,161,161,161,180,180,190,190,190],"floor_reached":16,"playtime":333,"items_purged":["Strike_B"],"score":204,"play_id":"4a278627-7da2-4b4a-9696-7159ccca145a","local_time":"20190524210849","is_ascension_mode":true,"campfire_choices":[{"data":"Zap","floor":6,"key":"SMITH"},{"data":"Dualcast","floor":10,"key":"SMITH"},{"data":"Defragment","floor":15,"key":"SMITH"}],"neow_cost":"NONE","seed_source_timestamp":7923161384883,"circlet_count":0,"master_deck":["AscendersBane","Strike_B","Strike_B","Strike_B","Defend_B+1","Defend_B","Defend_B+1","Defend_B","Zap+1","Dualcast+1","Self Repair","Conserve Battery","Turbo","Glacier","Melter","Ball Lightning","Defragment+1"],"relics":["Cracked Core","Centennial Puzzle","Strawberry"],"potions_floor_usage":[7,7],"damage_taken":[{"damage":2,"enemies":"Jaw Worm","floor":1,"turns":4},{"damage":18,"enemies":"Small Slimes","floor":2,"turns":5},{"damage":1,"enemies":"Cultist","floor":3,"turns":4},{"damage":11,"enemies":"Looter","floor":5,"turns":4},{"damage":20,"enemies":"Gremlin Nob","floor":7,"turns":4},{"damage":18,"enemies":"Exordium Wildlife","floor":12,"turns":5},{"damage":2,"enemies":"Blue Slaver","floor":14,"turns":3},{"damage":27,"enemies":"Slime Boss","floor":16,"turns":3}],"seed_played":"6776846496470447734","potions_obtained":[{"floor":1,"key":"Energy Potion"},{"floor":2,"key":"Block Potion"},{"floor":5,"key":"AttackPotion"},{"floor":12,"key":"Energy Potion"}],"is_trial":false,"path_per_floor":["M","M","M","$","M","R","E","?","T","R","T","M","?","M","R","B"],"character_chosen":"DEFECT","items_purchased":["Glacier"],"campfire_rested":0,"item_purchase_floors":[4],"current_hp_per_floor":[62,51,57,57,53,53,40,19,26,26,26,15,15,20,20,0],"gold":190,"neow_bonus":"HUNDRED_GOLD","is_prod":false,"is_daily":false,"chose_seed":false,"campfire_upgraded":3,"win_rate":0,"timestamp":1558703329,"path_taken":["M","M","M","$","M","R","E","?","T","R","?","M","?","?","R","BOSS"],"build_version":"2019-01-23","purchased_purges":1,"victory":false,"max_hp_per_floor":[71,71,71,71,71,71,71,71,78,78,78,78,78,78,78,78],"card_choices":[{"not_picked":["Leap","BootSequence"],"picked":"Self Repair","floor":1},{"not_picked":["Rebound","Redo"],"picked":"Conserve Battery","floor":2},{"not_picked":["Beam Cell","Chill"],"picked":"Turbo","floor":3},{"not_picked":["Turbo","Stack","Go for the Eyes"],"picked":"SKIP","floor":5},{"not_picked":["Turbo","All For One"],"picked":"Melter","floor":7},{"not_picked":["Turbo","Melter"],"picked":"Ball Lightning","floor":12},{"not_picked":["Coolheaded","Auto Shields"],"picked":"Defragment","floor":14}],"player_experience":1764790,"relics_obtained":[{"floor":7,"key":"Centennial Puzzle"},{"floor":9,"key":"Strawberry"}],"event_choices":[{"damage_healed":0,"gold_gain":0,"player_choice":"Entered Light","damage_taken":21,"max_hp_gain":0,"max_hp_loss":0,"event_name":"Shining Light","floor":8,"gold_loss":0,"cards_upgraded":["Defend_B","Defend_B"]},{"damage_healed":0,"gold_gain":0,"player_choice":"Ignored","damage_taken":0,"max_hp_gain":0,"max_hp_loss":0,"event_name":"Liars Game","floor":13,"gold_loss":0}],"is_beta":false,"boss_relics":[],"items_purged_floors":[4],"is_endless":false,"potions_floor_spawned":[1,2,5,12],"killed_by":"Slime Boss","ascension_level":20}