{"gold_per_floor":[114,24,39,54,69,99,114,114,114,114,34,34,109,139,139,239,239,254,353,80,65,65,95,95,125,200,200,250,265,65,80,80,80],"floor_reached":33,"playtime":2332,"items_purged":[],"score":368,"play_id":"36ff25ad-0f2c-487a-8114-0baad1291a15","local_time":"20180803201254","daily_mods":["Heirloom","Time Dilation","Night Terrors"],"is_ascension_mode":false,"campfire_choices":[{"floor":8,"key":"REST"},{"floor":15,"key":"REST"},{"floor":32,"key":"REST"}],"neow_cost":"","seed_source_timestamp":0,"circlet_count":0,"master_deck":["Defend_G","Defend_G","Defend_G","Defend_G","Defend_G","Survivor","Neutralize","PiercingWail","Poisoned Stab","Tactician","Poisoned Stab","Backstab","Poisoned Stab","A Thousand Cuts+1","Setup","Noxious Fumes","Outmaneuver","Wraith Form v2","Crippling Poison","Skewer","Poisoned Stab","A Thousand Cuts","Dodge and Roll","Bite","Bite","Bite","Bite","Bite","Catalyst","Adrenaline"],"special_seed":17746,"relics":["Ring of the Snake","Peace Pipe","Orichalcum","Ornamental Fan","Snake Skull","Lizard Tail","HandDrill","Gremlin Horn","Shuriken","StoneCalendar","Darkstone Periapt","Pen Nib","TheAbacus"],"potions_floor_usage":[14,14,23,23,31,33],"damage_taken":[{"damage":0,"enemies":"2 Louse","floor":1,"turns":3},{"damage":0,"enemies":"Small Slimes","floor":3,"turns":3},{"damage":2,"enemies":"Jaw Worm","floor":4,"turns":4},{"damage":3,"enemies":"2 Fungi Beasts","floor":5,"turns":4},{"damage":21,"enemies":"Gremlin Nob","floor":6,"turns":5},{"damage":3,"enemies":"Large Slime","floor":7,"turns":6},{"damage":14,"enemies":"Lagavulin","floor":14,"turns":7},{"damage":39,"enemies":"The Guardian","floor":16,"turns":9},{"damage":8,"enemies":"Shell Parasite","floor":18,"turns":5},{"damage":0,"enemies":"2 Thieves","floor":21,"turns":4},{"damage":0,"enemies":"Gremlin Leader","floor":23,"turns":6},{"damage":15,"enemies":"Book of Stabbing","floor":25,"turns":6},{"damage":0,"enemies":"Centurion and Healer","floor":29,"turns":7},{"damage":12,"enemies":"Snecko","floor":31,"turns":6},{"damage":29,"enemies":"Collector","floor":33,"turns":5}],"seed_played":"1315967547394537302","potions_obtained":[{"floor":5,"key":"SkillPotion"},{"floor":6,"key":"Strength Potion"},{"floor":7,"key":"Block Potion"},{"floor":16,"key":"Fire Potion"},{"floor":18,"key":"AttackPotion"},{"floor":23,"key":"FearPotion"},{"floor":29,"key":"Swift Potion"},{"floor":31,"key":"AttackPotion"}],"is_trial":false,"path_per_floor":["M","$","M","M","M","E","M","R","T","?","$","?","?","E","R","B",null,"M","?","$","M","?","E","?","E","T","?","T","M","$","M","R"],"character_chosen":"THE_SILENT","items_purchased":["Poisoned Stab","Tactician","Noxious Fumes","HandDrill","Skewer","TheAbacus"],"campfire_rested":3,"item_purchase_floors":[2,2,11,20,20,30],"current_hp_per_floor":[70,70,70,68,65,44,41,65,65,65,65,65,54,40,60,21,60,52,52,52,52,52,52,52,37,37,37,37,41,41,30,37,10],"gold":80,"neow_bonus":"","is_prod":false,"is_daily":true,"chose_seed":false,"campfire_upgraded":0,"win_rate":0.0,"timestamp":1533294774,"path_taken":["M","$","M","M","M","E","M","R","T","?","$","?","?","E","R","BOSS","M","?","$","M","?","E","?","E","T","?","?","?","?","M","R","BOSS"],"build_version":"2018-08-02","purchased_purges":0,"victory":false,"max_hp_per_floor":[70,70,70,70,70,70,70,65,65,65,65,65,65,65,60,60,60,60,60,60,60,60,60,60,60,60,42,42,42,42,42,37,37],"card_choices":[{"not_picked":["Cloak And Dagger","Backflip"],"picked":"PiercingWail","floor":1},{"not_picked":["Blade Dance","Underhanded Strike"],"picked":"Poisoned Stab","floor":3},{"not_picked":["Acrobatics","Blade Dance"],"picked":"Backstab","floor":4},{"not_picked":["Heel Hook","Quick Slash"],"picked":"Poisoned Stab","floor":5},{"not_picked":["Acrobatics","Blade Dance"],"picked":"A Thousand Cuts","floor":6},{"not_picked":["Acrobatics","Underhanded Strike"],"picked":"Setup","floor":7},{"not_picked":["Masterful Stab","Infinite Blades"],"picked":"Outmaneuver","floor":14},{"not_picked":["Adrenaline","Storm of Steel"],"picked":"Wraith Form v2","floor":16},{"not_picked":["Sucker Punch","Distraction+1"],"picked":"Crippling Poison","floor":18},{"not_picked":["Dagger Throw","Heel Hook"],"picked":"Poisoned Stab","floor":21},{"not_picked":["Flying Knee","Poisoned Stab"],"picked":"A Thousand Cuts","floor":23},{"not_picked":["Slice+1","Blade Dance"],"picked":"Dodge and Roll","floor":25},{"not_picked":["Poisoned Stab","Expertise"],"picked":"Catalyst","floor":29},{"not_picked":["Acrobatics","Cloak And Dagger+1"],"picked":"Adrenaline","floor":31}],"player_experience":132485,"relics_obtained":[{"floor":6,"key":"Orichalcum"},{"floor":9,"key":"Ornamental Fan"},{"floor":14,"key":"Snake Skull"},{"floor":23,"key":"Gremlin Horn"},{"floor":25,"key":"StoneCalendar"},{"floor":26,"key":"Darkstone Periapt"},{"floor":28,"key":"Pen Nib"}],"event_choices":[{"event_name":"The Cleric","player_choice":"Leave","floor":10,"damage_taken":0},{"event_name":"Living Wall","player_choice":"Grow","floor":12,"damage_taken":0},{"event_name":"World of Goop","player_choice":"Gather Gold","floor":13,"damage_taken":0},{"event_name":"Nest","player_choice":"Stole From Cult","floor":19,"damage_taken":0},{"event_name":"Back to Basics","player_choice":"Elegance","floor":22,"damage_taken":0},{"event_name":"The Mausoleum","player_choice":"Yes","floor":24,"damage_taken":0},{"event_name":"Vampires","player_choice":"Became a vampire","floor":27,"damage_taken":0}],"is_beta":false,"boss_relics":[{"not_picked":["Ectoplasm","Tiny House"],"picked":"Lizard Tail"}],"items_purged_floors":[],"is_endless":false,"potions_floor_spawned":[5,6,7,16,18,23,29,31],"killed_by":"Collector","ascension_level":0}