{"gold_per_floor":[117,129,129,140,34,69,69,84,129,204,204,229,229,248,248,348,348,368,387,37,37,55,81,98,98,98,115,115,115,115,21,21,126,126,140,160,172,187,187,187,5,23,23,73,73,83,83,83,83,83],"floor_reached":50,"playtime":5654,"items_purged":[],"score":547,"play_id":"52fee2f2-0efd-4e0b-8089-2dd464613da2","local_time":"20190706001442","is_ascension_mode":false,"campfire_choices":[{"data":"Dual Wield","floor":7,"key":"SMITH"},{"data":"Heavy Blade","floor":13,"key":"SMITH"},{"floor":15,"key":"REST"},{"floor":25,"key":"REST"},{"data":"Clash","floor":29,"key":"SMITH"},{"floor":32,"key":"REST"},{"floor":40,"key":"REST"},{"floor":47,"key":"REST"},{"floor":49,"key":"REST"}],"neow_cost":"PERCENT_DAMAGE","seed_source_timestamp":1370693722650500,"circlet_count":0,"master_deck":["Strike_R","Defend_R","Defend_R","Defend_R","Defend_R","Bash+1","Clash+1","Twin Strike","Anger","Heavy Blade+1","Dual Wield+1","Shrug It Off","Anger","Clothesline","Offering","Reaper","Double Tap+1","Rage+1","Pummel+1","Whirlwind","Clothesline+1","Searing Blow+1","Clash","Sword Boomerang","Pommel Strike","Clash+1","Clash+1","Dramatic Entrance","Fiend Fire","Sever Soul+1","Dropkick+1","Perfected Strike+1","Disarm","Carnage","Sword Boomerang+1","Entrench+1","Iron Wave+1"],"relics":["Burning Blood","Ornamental Fan","Bronze Scales","Red Skull","Astrolabe","Incense Burner","Whetstone","PreservedInsect","White Beast Statue","Anchor","Boot","Pocketwatch"],"potions_floor_usage":[12,33,33,33,37,38,42,44,44,46,50],"damage_taken":[{"damage":9,"enemies":"Small Slimes","floor":1,"turns":4},{"damage":1,"enemies":"Cultist","floor":2,"turns":4},{"damage":3,"enemies":"2 Louse","floor":4,"turns":3},{"damage":13,"enemies":"Gremlin Nob","floor":6,"turns":4},{"damage":4,"enemies":"Blue Slaver","floor":8,"turns":2},{"damage":26,"enemies":"Lagavulin","floor":12,"turns":5},{"damage":1,"enemies":"Large Slime","floor":14,"turns":3},{"damage":13,"enemies":"Hexaghost","floor":16,"turns":6},{"damage":8,"enemies":"2 Thieves","floor":18,"turns":4},{"damage":8,"enemies":"3 Byrds","floor":19,"turns":3},{"damage":21,"enemies":"Snake Plant","floor":22,"turns":4},{"damage":17,"enemies":"Book of Stabbing","floor":23,"turns":4},{"damage":13,"enemies":"3 Cultists","floor":24,"turns":3},{"damage":21,"enemies":"Sentry and Sphere","floor":27,"turns":4},{"damage":87,"enemies":"Automaton","floor":33,"turns":7},{"damage":14,"enemies":"3 Shapes","floor":35,"turns":4},{"damage":0,"enemies":"Orb Walker","floor":36,"turns":2},{"damage":45,"enemies":"Spire Growth","floor":37,"turns":4},{"damage":6,"enemies":"Transient","floor":38,"turns":5},{"damage":38,"enemies":"Writhing Mass","floor":42,"turns":5},{"damage":54,"enemies":"2 Orb Walkers","floor":44,"turns":5},{"damage":72,"enemies":"Spire Growth","floor":46,"turns":5},{"damage":106,"enemies":"Awakened One","floor":50,"turns":6}],"seed_played":"-919942042391022390","potions_obtained":[{"floor":2,"key":"SkillPotion"},{"floor":6,"key":"Dexterity Potion"},{"floor":12,"key":"SteroidPotion"},{"floor":16,"key":"GamblersBrew"},{"floor":19,"key":"SteroidPotion"},{"floor":22,"key":"BloodPotion"},{"floor":23,"key":"Explosive Potion"},{"floor":35,"key":"Fire Potion"},{"floor":36,"key":"EssenceOfSteel"},{"floor":37,"key":"SteroidPotion"},{"floor":38,"key":"SkillPotion"},{"floor":42,"key":"Explosive Potion"},{"floor":44,"key":"FearPotion"},{"floor":46,"key":"EssenceOfSteel"}],"is_trial":false,"path_per_floor":["M","M","?","M","$","E","R","M","T","?","?","E","R","M","R","B",null,"M","M","$","?","M","E","M","R","T","M","?","R","?","$","R","B",null,"M","M","M","M","?","R","$","M","T","?","?","M","R","?","R","B"],"character_chosen":"IRONCLAD","items_purchased":["Heavy Blade","Dual Wield","Incense Burner","Searing Blow","Dramatic Entrance","Anchor","Carnage"],"campfire_rested":6,"item_purchase_floors":[5,5,20,20,31,41,41],"current_hp_per_floor":[69,74,74,77,77,70,70,72,72,61,61,41,41,46,74,67,96,94,94,94,75,60,49,42,72,72,57,57,57,57,57,87,31,101,93,99,60,60,60,90,90,58,58,10,101,35,65,65,95,0],"gold":83,"neow_bonus":"TWENTY_PERCENT_HP_BONUS","is_prod":false,"is_daily":false,"chose_seed":false,"campfire_upgraded":3,"win_rate":0.0,"timestamp":1562390082,"path_taken":["M","M","?","M","$","E","R","?","T","?","?","E","R","M","R","BOSS","M","M","$","?","M","E","M","R","T","M","?","R","?","$","R","BOSS","M","?","M","M","?","R","$","M","T","?","?","M","R","?","R","BOSS"],"build_version":"2019-07-05","purchased_purges":0,"victory":false,"max_hp_per_floor":[96,96,96,96,96,96,96,96,96,96,96,96,96,96,96,96,96,96,96,96,101,101,101,101,101,101,101,101,101,101,101,101,101,101,101,101,101,101,101,101,101,101,101,101,101,101,101,101,101,101],"card_choices":[{"not_picked":["Twin Strike","Shockwave"],"picked":"Clash","floor":1},{"not_picked":["Heavy Blade","Pommel Strike"],"picked":"Twin Strike","floor":2},{"not_picked":["Demon Form","Fire Breathing"],"picked":"Anger","floor":4},{"not_picked":["Berserk","Fiend Fire"],"picked":"Shrug It Off","floor":6},{"not_picked":["Reckless Charge","Heavy Blade"],"picked":"Anger","floor":8},{"not_picked":["Intimidate","Pommel Strike"],"picked":"Clothesline","floor":12},{"not_picked":["Headbutt","Rampage"],"picked":"Offering","floor":14},{"not_picked":["Berserk","Feed"],"picked":"Reaper","floor":16},{"not_picked":["Infernal Blade+1","Sword Boomerang"],"picked":"Whirlwind","floor":18},{"not_picked":["Iron Wave","Warcry+1"],"picked":"Clothesline+1","floor":19},{"not_picked":["Sword Boomerang","Searing Blow"],"picked":"Clash","floor":22},{"not_picked":["Juggernaut","Fiend Fire"],"picked":"Sword Boomerang","floor":23},{"not_picked":["Thunderclap","Clothesline"],"picked":"Cleave+1","floor":24},{"not_picked":["Dropkick","Sword Boomerang"],"picked":"Pommel Strike","floor":27},{"not_picked":["Demon Form","Offering"],"picked":"Fiend Fire","floor":33},{"not_picked":["Body Slam+1","Reckless Charge+1"],"picked":"Sever Soul+1","floor":35},{"not_picked":["Perfected Strike","Headbutt"],"picked":"Dropkick+1","floor":36},{"not_picked":["Disarm+1","Entrench"],"picked":"Perfected Strike+1","floor":37},{"not_picked":["Wild Strike","Iron Wave"],"picked":"Disarm","floor":38},{"not_picked":["Metallicize","Thunderclap"],"picked":"Sword Boomerang+1","floor":42},{"not_picked":["Perfected Strike+1","Feed"],"picked":"Entrench+1","floor":44},{"not_picked":["Thunderclap+1","Body Slam+1"],"picked":"Iron Wave+1","floor":46}],"player_experience":30374,"relics_obtained":[{"floor":6,"key":"Ornamental Fan"},{"floor":9,"key":"Bronze Scales"},{"floor":12,"key":"Red Skull"},{"floor":23,"key":"Whetstone"},{"floor":26,"key":"PreservedInsect"},{"floor":43,"key":"Boot"},{"floor":44,"key":"Pocketwatch"}],"event_choices":[{"cards_removed":["Strike_R"],"damage_healed":0,"gold_gain":0,"player_choice":"Offered Basic","damage_taken":0,"max_hp_gain":0,"max_hp_loss":0,"event_name":"Bonfire Elementals","floor":3,"gold_loss":0},{"damage_healed":0,"gold_gain":75,"player_choice":"Gather Gold","damage_taken":11,"max_hp_gain":0,"max_hp_loss":0,"event_name":"World of Goop","floor":10,"gold_loss":0},{"damage_healed":0,"gold_gain":0,"player_choice":"Grow","damage_taken":0,"max_hp_gain":0,"max_hp_loss":0,"event_name":"Living Wall","floor":11,"gold_loss":0,"cards_upgraded":["Clash"]},{"damage_healed":0,"gold_gain":0,"player_choice":"Shed Blood","damage_taken":24,"max_hp_gain":5,"max_hp_loss":0,"event_name":"Forgotten Altar","floor":21,"gold_loss":0},{"damage_healed":0,"gold_gain":0,"player_choice":"Read","damage_taken":0,"max_hp_gain":0,"max_hp_loss":0,"event_name":"The Library","floor":28,"gold_loss":0,"cards_obtained":["Clash"]},{"damage_healed":0,"gold_gain":0,"player_choice":"Copied","damage_taken":0,"max_hp_gain":0,"max_hp_loss":0,"event_name":"Duplicator","floor":30,"gold_loss":0,"cards_obtained":["Clash"]},{"cards_removed":["Cleave"],"damage_healed":0,"gold_gain":0,"player_choice":"Removed Attack","damage_taken":0,"max_hp_gain":0,"max_hp_loss":0,"event_name":"Falling","floor":39,"gold_loss":0},{"damage_healed":0,"gold_gain":0,"player_choice":"Fight","damage_taken":0,"max_hp_gain":0,"max_hp_loss":0,"event_name":"Mysterious Sphere","floor":44,"gold_loss":0},{"damage_healed":91,"gold_gain":0,"player_choice":"Heal","damage_taken":0,"max_hp_gain":0,"max_hp_loss":0,"event_name":"MindBloom","floor":45,"gold_loss":0,"cards_obtained":["Doubt"]},{"cards_removed":["Doubt"],"damage_healed":0,"gold_gain":0,"player_choice":"Removed Curses","damage_taken":0,"max_hp_gain":0,"max_hp_loss":0,"event_name":"Fountain of Cleansing","floor":48,"gold_loss":0}],"is_beta":false,"boss_relics":[{"not_picked":["Busted Crown","Snecko Eye"],"picked":"Astrolabe"},{"not_picked":["Calling Bell","Fusion Hammer"],"picked":"White Beast Statue"}],"items_purged_floors":[],"is_endless":false,"potions_floor_spawned":[2,6,12,16,19,22,23,24,35,36,37,38,42,44,46],"killed_by":"Awakened One","ascension_level":0}