{"gold_per_floor":[119,137,151,164,52,52,67,92,92,92,92,110,110,150,150,249,249,262,64,64,84,102,137,187,237,237,258,258,258,258],"floor_reached":30,"playtime":1081,"items_purged":["Pain","Strike_B"],"score":520,"play_id":"2e5bf9de-d2ec-4cdb-8d80-be3a4214a2b0","local_time":"20181027190814","is_ascension_mode":true,"campfire_choices":[{"data":"Go for the Eyes","floor":6.0,"key":"SMITH"},{"floor":11.0,"key":"REST"},{"floor":13.0,"key":"REST"},{"data":"Zap","floor":15.0,"key":"SMITH"},{"floor":29,"key":"REST"}],"neow_cost":"CURSE","seed_source_timestamp":19308227017929,"circlet_count":0,"master_deck":["Strike_B","Strike_B","Defend_B","Defend_B","Defend_B","Defend_B","Zap+1","Dualcast","AscendersBane","Streamline","Go for the Eyes+1","Reinforced Body","Coolheaded","FTL","Sunder","Auto Shields","Turbo","Sweeping Beam","All For One","Sweeping Beam+1","Glacier","Cold Snap","Blizzard","Hologram","Ghostly","Ghostly","Ghostly"],"special_seed":0,"relics":["Cracked Core","Ice Cream","PreservedInsect","Symbiotic Virus","Golden Idol","Mercury Hourglass","Runic Dome","Oddly Smooth Stone","Dead Branch"],"potions_floor_usage":[23],"damage_taken":[{"damage":3.0,"enemies":"Cultist","floor":1.0,"turns":3.0},{"damage":9.0,"enemies":"Small Slimes","floor":2.0,"turns":4.0},{"damage":4.0,"enemies":"Jaw Worm","floor":3.0,"turns":3.0},{"damage":7.0,"enemies":"Looter","floor":4.0,"turns":4.0},{"damage":2.0,"enemies":"Large Slime","floor":7.0,"turns":6.0},{"damage":37.0,"enemies":"Gremlin Nob","floor":8.0,"turns":6.0},{"damage":9.0,"enemies":"Exordium Thugs","floor":12.0,"turns":4.0},{"damage":8.0,"enemies":"3 Sentries","floor":14.0,"turns":3.0},{"damage":2.0,"enemies":"Slime Boss","floor":16.0,"turns":7.0},{"damage":13,"enemies":"Shell Parasite","floor":18,"turns":5},{"damage":0,"enemies":"Chosen","floor":21,"turns":4},{"damage":15,"enemies":"Centurion and Healer","floor":22,"turns":6},{"damage":15,"enemies":"Slavers","floor":23,"turns":3},{"damage":5,"enemies":"Snecko","floor":27,"turns":4},{"damage":14,"enemies":"Snake Plant","floor":30,"turns":3}],"seed_played":"-3055380705663044773","potions_obtained":[{"floor":1.0,"key":"GamblersBrew"},{"floor":3.0,"key":"LiquidBronze"},{"floor":8.0,"key":"GamblersBrew"},{"floor":16.0,"key":"AttackPotion"},{"floor":18,"key":"PowerPotion"}],"is_trial":false,"path_per_floor":["M","M","M","M","$","R","M","E","T","?","R","M","R","E","R","B",null,"M","$","?","M","M","E","?","?","T","M","?","R"],"character_chosen":"DEFECT","items_purchased":["FTL","Glacier","Cold Snap"],"campfire_rested":3,"item_purchase_floors":[5,19,19],"current_hp_per_floor":[61,52,48,41,41,41,39,2,2,2,21,12,31,23,23,21,53,40,40,40,40,25,10,10,10,10,5,5,14,0],"gold":258,"neow_bonus":"ONE_RARE_RELIC","is_prod":false,"is_daily":false,"chose_seed":false,"campfire_upgraded":2,"win_rate":0,"timestamp":1540681694,"path_taken":["M","M","?","M","$","R","M","E","T","?","R","M","R","E","R","BOSS","M","$","?","M","M","E","?","?","T","M","?","R","?"],"build_version":"2018-10-25v2","purchased_purges":2,"victory":false,"max_hp_per_floor":[71,71,71,71,71,71,71,71,71,64,64,64,64,64,64,64,64,64,64,64,64,64,64,64,64,64,64,32,32,32],"card_choices":[{"not_picked":["Doom and Gloom","BootSequence"],"picked":"Streamline","floor":1.0},{"not_picked":["Turbo","FTL"],"picked":"Go for the Eyes","floor":2.0},{"not_picked":["Go for the Eyes","Sweeping Beam"],"picked":"Reinforced Body","floor":3.0},{"not_picked":["Loop","Fusion"],"picked":"Coolheaded","floor":4.0},{"not_picked":["Stack","Go for the Eyes"],"picked":"Sunder","floor":7.0},{"not_picked":["Coolheaded","Steam"],"picked":"Auto Shields","floor":8.0},{"not_picked":["Skim","Rip and Tear"],"picked":"Turbo","floor":12.0},{"not_picked":["Turbo","Steam Power"],"picked":"Sweeping Beam","floor":14.0},{"not_picked":["Biased Cognition","Reboot"],"picked":"All For One","floor":16.0},{"not_picked":["Melter","Aggregate"],"picked":"Sweeping Beam+1","floor":18},{"not_picked":["Doom and Gloom","Streamline","Melter"],"picked":"SKIP","floor":21},{"not_picked":["Storm","Capacitor"],"picked":"Hologram","floor":22},{"not_picked":["Rip and Tear+1","Chill","Scrape"],"picked":"SKIP","floor":23},{"not_picked":["Beam Cell","Rip and Tear","Leap"],"picked":"SKIP","floor":27}],"player_experience":1003233,"relics_obtained":[{"floor":8.0,"key":"PreservedInsect"},{"floor":9.0,"key":"Symbiotic Virus"},{"floor":14.0,"key":"Mercury Hourglass"},{"floor":23,"key":"Oddly Smooth Stone"},{"floor":26,"key":"Dead Branch"}],"event_choices":[{"damage_healed":0.0,"max_hp_gain":0.0,"max_hp_loss":7.0,"gold_gain":0.0,"event_name":"Golden Idol","player_choice":"Lose Max HP","floor":10.0,"gold_loss":0.0,"damage_taken":0.0,"relics_obtained":["Golden Idol"]},{"damage_healed":0,"gold_gain":0,"cards_transformed":["Strike_B"],"player_choice":"Transformed","damage_taken":0,"max_hp_gain":0,"max_hp_loss":0,"event_name":"Transmorgrifier","floor":20,"gold_loss":0,"cards_obtained":["Blizzard"]},{"damage_healed":0,"gold_gain":100,"player_choice":"Bet on Murderer","damage_taken":0,"max_hp_gain":0,"max_hp_loss":0,"event_name":"The Joust","floor":24,"gold_loss":50},{"damage_healed":0,"gold_gain":50,"player_choice":"Stole From Cult","damage_taken":0,"max_hp_gain":0,"max_hp_loss":0,"event_name":"Nest","floor":25,"gold_loss":0},{"damage_healed":0,"gold_gain":0,"player_choice":"Became a Ghost","damage_taken":0,"max_hp_gain":0,"max_hp_loss":32,"event_name":"Ghosts","floor":28,"gold_loss":0,"cards_obtained":["Ghostly","Ghostly","Ghostly"]}],"is_beta":false,"boss_relics":[{"not_picked":["Calling Bell","Eternal Feather"],"picked":"Runic Dome"}],"items_purged_floors":[5,19],"is_endless":false,"potions_floor_spawned":[1,3,7,8,16,18,21],"killed_by":"Snake Plant","ascension_level":20}