{"gold_per_floor":[115,115,135,154,1,1,51,78,125,139,169,169,26,40,40,40],"floor_reached":16,"playtime":395,"items_purged":["Strike_B"],"score":220,"play_id":"33044da4-b9fc-4719-a0ce-082f7ebbe00a","local_time":"20190524171856","is_ascension_mode":true,"campfire_choices":[{"data":"Zap","floor":6.0,"key":"SMITH"},{"data":"Dualcast","floor":12.0,"key":"SMITH"},{"data":"Sunder","floor":15.0,"key":"SMITH"}],"neow_cost":"NONE","seed_source_timestamp":55712070888229,"circlet_count":0,"master_deck":["AscendersBane","Strike_B","Strike_B","Defend_B","Defend_B","Defend_B","Defend_B","Zap+1","Dualcast+1","Thunder Strike","Hologram","Glacier","Sunder+1","Coolheaded","Conserve Battery+1","Defragment","Defragment"],"special_seed":0,"relics":["Runic Pyramid","PreservedInsect","Pen Nib","Toxic Egg 2"],"potions_floor_usage":[],"damage_taken":[{"damage":4.0,"enemies":"Small Slimes","floor":1.0,"turns":4.0},{"damage":1.0,"enemies":"Cultist","floor":3.0,"turns":4.0},{"damage":2.0,"enemies":"Jaw Worm","floor":4.0,"turns":5.0},{"damage":18.0,"enemies":"3 Sentries","floor":8.0,"turns":15.0},{"damage":1.0,"enemies":"Red Slaver","floor":10.0,"turns":4.0},{"damage":29.0,"enemies":"Gremlin Nob","floor":11.0,"turns":4.0},{"damage":0.0,"enemies":"Looter","floor":14.0,"turns":3.0},{"damage":0,"enemies":"The Guardian","floor":16,"turns":2}],"seed_played":"-722124232139883629","potions_obtained":[{"floor":3.0,"key":"SteroidPotion"},{"floor":11.0,"key":"LiquidBronze"}],"is_trial":false,"path_per_floor":["M","?","M","M","$","R","?","E","T","M","E","R","$","M","R","B"],"character_chosen":"DEFECT","items_purchased":["Glacier","Defragment","Block Potion"],"campfire_rested":0,"item_purchase_floors":[5,13,13],"current_hp_per_floor":[60,60,59,57,57,57,57,39,39,38,9,9,9,9,9,9],"gold":40,"neow_bonus":"BOSS_RELIC","is_prod":false,"is_daily":false,"chose_seed":false,"campfire_upgraded":3,"win_rate":0,"timestamp":1558689536,"path_taken":["M","?","M","?","$","R","?","E","T","?","E","R","$","M","R","BOSS"],"build_version":"2019-01-23","purchased_purges":1,"victory":false,"max_hp_per_floor":[71,71,71,71,71,71,71,71,71,71,71,71,71,71,71,71],"card_choices":[{"not_picked":["Sweeping Beam","Steam Power","Steam"],"picked":"SKIP","floor":1.0},{"not_picked":["Steam","Stack"],"picked":"Hologram","floor":3.0},{"not_picked":["Redo","FTL","Streamline"],"picked":"SKIP","floor":4.0},{"not_picked":["Machine Learning","Leap"],"picked":"Sunder","floor":8.0},{"not_picked":["Streamline","Sweeping Beam"],"picked":"Coolheaded","floor":10.0},{"not_picked":["White Noise","Cold Snap"],"picked":"Conserve Battery","floor":11.0},{"not_picked":["Conserve Battery+1","Go for the Eyes"],"picked":"Defragment","floor":14.0}],"player_experience":1757727,"relics_obtained":[{"floor":8.0,"key":"PreservedInsect"},{"floor":9.0,"key":"Pen Nib"},{"floor":11.0,"key":"Toxic Egg 2"}],"event_choices":[{"damage_healed":0.0,"max_hp_gain":0.0,"max_hp_loss":0.0,"gold_gain":0.0,"cards_transformed":["Strike_B"],"event_name":"Transmorgrifier","player_choice":"Transformed","floor":2.0,"gold_loss":0.0,"damage_taken":0.0,"cards_obtained":["Thunder Strike"]},{"damage_healed":0.0,"max_hp_gain":0.0,"max_hp_loss":0.0,"gold_gain":50.0,"event_name":"Golden Shrine","player_choice":"Pray","floor":7.0,"gold_loss":0.0,"damage_taken":0.0}],"is_beta":false,"boss_relics":[],"items_purged_floors":[5],"is_endless":false,"potions_floor_spawned":[3,11],"killed_by":"The Guardian","ascension_level":20}