{"gold_per_floor":[119,136,136,152,132,132,165,182,182,207,218,234,234,246,246,350,350,369,381,411,191,204,204,204,204,204,215,227,227,238,18,18,113,113,128,140,140,63,63,77,77,77,127,127,139,168,168,183,183,183],"floor_reached":51,"playtime":3119,"items_purged":["Strike_G","Strike_G"],"score":1022,"play_id":"8b67385c-c63b-46de-a6b2-f700b5fccbd3","local_time":"20190717173455","is_ascension_mode":true,"campfire_choices":[{"data":"Neutralize","floor":6.0,"key":"SMITH"},{"data":"Bouncing Flask","floor":15.0,"key":"SMITH"},{"data":"Cloak And Dagger","floor":23.0,"key":"SMITH"},{"data":"Cloak And Dagger","floor":25.0,"key":"SMITH"},{"data":"Blade Dance","floor":29.0,"key":"SMITH"},{"data":"Well Laid Plans","floor":32.0,"key":"SMITH"},{"data":"Footwork","floor":41.0,"key":"SMITH"},{"data":"Deep Breath","floor":44.0,"key":"SMITH"},{"floor":47.0,"key":"REST"},{"data":"Blade Dance","floor":49,"key":"SMITH"}],"neow_cost":"TEN_PERCENT_HP_LOSS","seed_source_timestamp":174875126512113,"circlet_count":0,"master_deck":["AscendersBane","Defend_G","Defend_G","Defend_G","Survivor","Neutralize+1","Backflip","PiercingWail","Cloak And Dagger+1","Leg Sweep","Bouncing Flask+1","Cloak And Dagger+1","Dagger Spray","Venomology","Blade Dance+1","Footwork+1","Neutralize+1","Well Laid Plans+1","Blade Dance+1","Storm of Steel","Masterful Stab+1","Backflip+1","Doppelganger+1","Terror+1","Flash of Steel","Infinite Blades","Neutralize","Deep Breath+1","Backflip+1","Prepared+1"],"special_seed":0,"relics":["Ring of the Snake","Ornamental Fan","Mercury Hourglass","Gambling Chip","Shovel","WristBlade","Tiny Chest","Oddly Smooth Stone","Bottled Lightning","Astrolabe","Bronze Scales","Gremlin Horn"],"potions_floor_usage":[50,50,50],"damage_taken":[{"damage":0.0,"enemies":"Jaw Worm","floor":1.0,"turns":7.0},{"damage":0.0,"enemies":"2 Louse","floor":2.0,"turns":5.0},{"damage":3.0,"enemies":"Small Slimes","floor":4.0,"turns":7.0},{"damage":10.0,"enemies":"Exordium Thugs","floor":5.0,"turns":6.0},{"damage":7.0,"enemies":"3 Sentries","floor":7.0,"turns":13.0},{"damage":0.0,"enemies":"Looter","floor":8.0,"turns":3.0},{"damage":12.0,"enemies":"Gremlin Nob","floor":10.0,"turns":4.0},{"damage":0.0,"enemies":"Large Slime","floor":11.0,"turns":5.0},{"damage":0.0,"enemies":"Gremlin Gang","floor":12.0,"turns":3.0},{"damage":2.0,"enemies":"Red Slaver","floor":14.0,"turns":2.0},{"damage":9.0,"enemies":"Hexaghost","floor":16.0,"turns":8.0},{"damage":0.0,"enemies":"3 Byrds","floor":18.0,"turns":4.0},{"damage":3.0,"enemies":"2 Thieves","floor":19.0,"turns":4.0},{"damage":11.0,"enemies":"3 Cultists","floor":22.0,"turns":6.0},{"damage":0.0,"enemies":"Centurion and Healer","floor":27.0,"turns":6.0},{"damage":2.0,"enemies":"Snecko","floor":28.0,"turns":4.0},{"damage":1.0,"enemies":"3 Cultists","floor":30.0,"turns":4.0},{"damage":21.0,"enemies":"Automaton","floor":33.0,"turns":12.0},{"damage":0.0,"enemies":"3 Shapes","floor":35.0,"turns":4.0},{"damage":3.0,"enemies":"3 Darklings","floor":36.0,"turns":6.0},{"damage":4.0,"enemies":"Jaw Worm Horde","floor":40.0,"turns":4.0},{"damage":9.0,"enemies":"Writhing Mass","floor":45.0,"turns":6.0},{"damage":2.0,"enemies":"Giant Head","floor":46.0,"turns":6.0},{"damage":0,"enemies":"4 Shapes","floor":48,"turns":3},{"damage":22,"enemies":"Awakened One","floor":50,"turns":17}],"seed_played":"-4897096690302452600","potions_obtained":[{"floor":5.0,"key":"GamblersBrew"},{"floor":8.0,"key":"Ancient Potion"},{"floor":11.0,"key":"Strength Potion"},{"floor":12.0,"key":"Swift Potion"},{"floor":19.0,"key":"Energy Potion"},{"floor":28.0,"key":"Swift Potion"},{"floor":33.0,"key":"SpeedPotion"},{"floor":45.0,"key":"AttackPotion"}],"is_trial":false,"path_per_floor":["M","M","?","M","M","R","E","M","T","E","M","M","?","M","R","B",null,"M","M","?","$","M","R","?","R","T","M","M","R","M","$","R","B",null,"M","M","?","$","?","M","R","?","T","R","M","E","R","M","R","B",null],"character_chosen":"THE_SILENT","items_purchased":["Oddly Smooth Stone","Well Laid Plans","Blade Dance","Infinite Blades"],"campfire_rested":1,"item_purchase_floors":[21,31,31,38],"current_hp_per_floor":[63,63,45,42,32,32,25,25,25,13,13,13,13,11,11,2,48,48,45,45,45,34,34,34,34,34,34,32,32,31,31,31,10,50,50,47,37,37,37,33,33,33,33,33,24,22,40,40,40,18],"gold":183,"neow_bonus":"REMOVE_TWO","is_prod":false,"is_daily":false,"chose_seed":false,"campfire_upgraded":9,"win_rate":0,"timestamp":1563352495,"path_taken":["M","M","?","M","M","R","E","M","T","E","M","M","?","M","R","BOSS","M","M","?","$","M","R","?","R","T","M","M","R","?","$","R","BOSS","M","M","?","$","?","M","R","?","T","R","M","E","R","?","R","BOSS"],"build_version":"2019-07-05","purchased_purges":2,"victory":true,"max_hp_per_floor":[63,63,63,63,63,63,63,63,63,63,63,63,63,63,63,63,63,63,63,63,63,63,63,63,63,63,63,63,63,63,63,63,63,63,63,63,63,63,63,63,63,63,63,63,63,63,63,63,63,63],"card_choices":[{"not_picked":["Sucker Punch","Dagger Throw"],"picked":"Backflip","floor":1.0},{"not_picked":["Underhanded Strike","Backflip"],"picked":"PiercingWail","floor":2.0},{"not_picked":["Sucker Punch","Outmaneuver"],"picked":"Cloak And Dagger","floor":4.0},{"not_picked":["Underhanded Strike","Bane"],"picked":"Dagger Throw","floor":5.0},{"not_picked":["Corpse Explosion","Choke"],"picked":"Leg Sweep","floor":7.0},{"not_picked":["Dash","Dodge and Roll"],"picked":"Bouncing Flask","floor":8.0},{"not_picked":["Underhanded Strike","Concentrate"],"picked":"Cloak And Dagger","floor":10.0},{"not_picked":["Backflip","Dagger Throw"],"picked":"Dagger Spray","floor":11.0},{"not_picked":["Underhanded Strike","Dagger Spray","Outmaneuver"],"picked":"SKIP","floor":12.0},{"not_picked":["Sucker Punch","Eviscerate","Expertise"],"picked":"SKIP","floor":14.0},{"not_picked":["Glass Knife","Wraith Form v2"],"picked":"Venomology","floor":16.0},{"not_picked":["Acrobatics","Backflip+1"],"picked":"Blade Dance","floor":18.0},{"not_picked":["PiercingWail","Deflect"],"picked":"Footwork","floor":19.0},{"not_picked":["Choke","Dagger Spray","Quick Slash"],"picked":"SKIP","floor":22.0},{"not_picked":["Backflip","Predator","Catalyst"],"picked":"SKIP","floor":27.0},{"not_picked":["Deadly Poison+1","Riddle With Holes","Caltrops"],"picked":"SKIP","floor":28.0},{"not_picked":["Eviscerate","Sucker Punch+1","Backflip"],"picked":"SKIP","floor":30.0},{"not_picked":["Corpse Explosion","Wraith Form v2"],"picked":"Storm of Steel","floor":33.0},{"not_picked":["Dodge and Roll","Outmaneuver+1","Dagger Throw+1"],"picked":"SKIP","floor":35.0},{"not_picked":["Cloak And Dagger+1","Corpse Explosion"],"picked":"Terror+1","floor":36.0},{"not_picked":["Deep Breath","PanicButton"],"picked":"Flash of Steel","floor":37.0},{"not_picked":["Dagger Throw+1","Skewer","Dagger Spray+1"],"picked":"SKIP","floor":40.0},{"not_picked":["Sucker Punch+1","Reflex+1"],"picked":"Backflip+1","floor":45.0},{"not_picked":["Sucker Punch+1","Blade Dance","Dagger Throw"],"picked":"SKIP","floor":46.0},{"not_picked":["Tactician+1","Dagger Spray"],"picked":"Prepared+1","floor":48}],"player_experience":238014,"relics_obtained":[{"floor":7.0,"key":"Mercury Hourglass"},{"floor":9.0,"key":"Gambling Chip"},{"floor":10.0,"key":"Shovel"},{"floor":26.0,"key":"Bottled Lightning"},{"floor":43.0,"key":"Bronze Scales"},{"floor":46.0,"key":"Gremlin Horn"}],"event_choices":[{"damage_healed":0.0,"max_hp_gain":0.0,"max_hp_loss":0.0,"gold_gain":0.0,"event_name":"Scrap Ooze","player_choice":"Success","floor":3.0,"gold_loss":0.0,"damage_taken":18.0,"relics_obtained":["Ornamental Fan"]},{"damage_healed":0.0,"max_hp_gain":0.0,"max_hp_loss":0.0,"gold_gain":0.0,"event_name":"Golden Wing","player_choice":"Ignored","floor":13.0,"gold_loss":0.0,"damage_taken":0.0},{"damage_healed":0.0,"max_hp_gain":0.0,"max_hp_loss":0.0,"gold_gain":0.0,"event_name":"The Mausoleum","player_choice":"Opened","floor":20.0,"gold_loss":0.0,"damage_taken":0.0,"relics_obtained":["Tiny Chest"]},{"damage_healed":0.0,"max_hp_gain":0.0,"max_hp_loss":0.0,"gold_gain":0.0,"event_name":"Duplicator","player_choice":"Copied","floor":24.0,"gold_loss":0.0,"damage_taken":0.0,"cards_obtained":["Neutralize"]},{"damage_healed":0.0,"max_hp_gain":0.0,"max_hp_loss":0.0,"gold_gain":0.0,"event_name":"SensoryStone","player_choice":"Memory 3","floor":37.0,"gold_loss":0.0,"damage_taken":10.0},{"cards_removed":["Dagger Throw"],"damage_healed":0.0,"max_hp_gain":0.0,"max_hp_loss":0.0,"gold_gain":0.0,"event_name":"Falling","player_choice":"Removed Attack","floor":39.0,"gold_loss":0.0,"damage_taken":0.0},{"damage_healed":0.0,"max_hp_gain":0.0,"max_hp_loss":0.0,"gold_gain":0.0,"event_name":"Match and Keep!","player_choice":"2 cards matched","floor":42.0,"gold_loss":0.0,"damage_taken":0.0,"cards_obtained":["Neutralize","Deep Breath"]}],"is_beta":false,"boss_relics":[{"not_picked":["Snecko Eye","Fusion Hammer"],"picked":"WristBlade"},{"not_picked":["Black Star","Busted Crown"],"picked":"Astrolabe"}],"items_purged_floors":[21,31],"is_endless":false,"potions_floor_spawned":[5,8,11,12,19,28,33,45,46,48],"ascension_level":11}