{"gold_per_floor":[119,132,152,23,198,214,271,271,294,305,305,305,339,13,13,109,109,127,147,147,147,29,29,43,63,87,87,106,131,150,177,177,273,273,289,300,300,315,315,315],"floor_reached":40,"playtime":2483,"items_purged":[],"score":526,"play_id":"ce5c522f-ee80-442f-9450-1f4f573c5af6","local_time":"20190503200801","is_ascension_mode":true,"campfire_choices":[{"data":"Consume","floor":8.0,"key":"SMITH"},{"floor":11.0,"key":"REST"},{"floor":15.0,"key":"REST"},{"data":"Capacitor","floor":23.0,"key":"SMITH"},{"data":"Enlightenment","floor":27.0,"key":"SMITH"},{"data":"Barrage","floor":32.0,"key":"SMITH"}],"neow_cost":"TEN_PERCENT_HP_LOSS","seed_source_timestamp":0,"circlet_count":0,"master_deck":["Strike_B","Strike_B","Strike_B","Strike_B+1","Defend_B","Defend_B","Defend_B","Zap","Dualcast","All For One","Gash","Conserve Battery","FTL","Go for the Eyes","Capacitor+1","Doubt","Cold Snap","Consume+1","Glacier","Self Repair","Enlightenment+1","Core Surge","Cold Snap","Glacier+1","Gash","Defragment","Go for the Eyes","Capacitor+1","BootSequence","Barrage+1","Biased Cognition","Gash","Seek"],"special_seed":0,"relics":["FrozenCore","Oddly Smooth Stone","Kunai","Shuriken","Pen Nib","Bag of Preparation","DataDisk","Inserter"],"potions_floor_usage":[],"damage_taken":[{"damage":7.0,"enemies":"Jaw Worm","floor":1.0,"turns":3.0},{"damage":0.0,"enemies":"Small Slimes","floor":2.0,"turns":2.0},{"damage":6.0,"enemies":"2 Louse","floor":3.0,"turns":2.0},{"damage":0.0,"enemies":"Blue Slaver","floor":6.0,"turns":2.0},{"damage":17.0,"enemies":"3 Sentries","floor":7.0,"turns":5.0},{"damage":0.0,"enemies":"3 Louse","floor":10.0,"turns":1.0},{"damage":25.0,"enemies":"Gremlin Nob","floor":13.0,"turns":4.0},{"damage":9.0,"enemies":"The Guardian","floor":16.0,"turns":11.0},{"damage":2.0,"enemies":"Chosen","floor":18.0,"turns":7.0},{"damage":1.0,"enemies":"Spheric Guardian","floor":19.0,"turns":4.0},{"damage":9.0,"enemies":"Shelled Parasite and Fungi","floor":24.0,"turns":8.0},{"damage":7.0,"enemies":"Cultist and Chosen","floor":25.0,"turns":11.0},{"damage":9.0,"enemies":"Centurion and Healer","floor":28.0,"turns":9.0},{"damage":27.0,"enemies":"Slavers","floor":29.0,"turns":9.0},{"damage":0.0,"enemies":"Chosen and Byrds","floor":30.0,"turns":9.0},{"damage":5.0,"enemies":"Gremlin Leader","floor":31.0,"turns":11.0},{"damage":0.0,"enemies":"Champ","floor":33.0,"turns":14.0},{"damage":9.0,"enemies":"3 Shapes","floor":35.0,"turns":8.0},{"damage":1.0,"enemies":"Orb Walker","floor":36.0,"turns":6.0},{"damage":36.0,"enemies":"4 Shapes","floor":38.0,"turns":8.0},{"damage":41,"enemies":"Reptomancer","floor":40,"turns":2}],"seed_played":"-2396503674052448112","potions_obtained":[{"floor":6.0,"key":"Explosive Potion"},{"floor":7.0,"key":"AttackPotion"},{"floor":13.0,"key":"Block Potion"},{"floor":18.0,"key":"LiquidBronze"},{"floor":24.0,"key":"SmokeBomb"},{"floor":28.0,"key":"PowerPotion"},{"floor":30.0,"key":"FocusPotion"},{"floor":36.0,"key":"Strength Potion"},{"floor":38.0,"key":"Explosive Potion"}],"is_trial":false,"path_per_floor":["M","M","M","$","?","M","?","R","T","M","R","?","E","$","R","B",null,"M","M","?","?","$","R","M","M","T","R","M","E","M","E","R","B",null,"M","M","?","M","?","E"],"character_chosen":"DEFECT","items_purchased":["Go for the Eyes","Capacitor","Shuriken","Enlightenment","Defragment","Go for the Eyes"],"campfire_rested":2,"item_purchase_floors":[4,4,14,14,22,22],"current_hp_per_floor":[61,61,55,55,55,55,38,38,38,38,58,44,19,19,39,37,68,68,67,67,67,67,67,65,65,65,65,63,36,43,45,45,52,68,66,68,68,39,39,0],"gold":315,"neow_bonus":"THREE_RARE_CARDS","is_prod":false,"is_daily":false,"chose_seed":false,"campfire_upgraded":4,"win_rate":0,"timestamp":1556928481,"path_taken":["M","M","M","$","?","M","?","R","T","M","R","?","E","$","R","BOSS","M","M","?","?","$","R","M","M","T","R","?","E","M","E","R","BOSS","M","?","?","M","?","E"],"build_version":"2019-01-23","purchased_purges":0,"victory":false,"max_hp_per_floor":[68,68,68,68,68,68,68,68,68,68,68,68,68,68,68,68,68,68,68,68,68,68,68,68,68,68,68,68,68,68,68,68,68,68,68,68,68,68,68,68],"card_choices":[{"not_picked":["Echo Form","Fission"],"picked":"All For One","floor":0.0},{"not_picked":["Ball Lightning","Static Discharge"],"picked":"Gash","floor":1.0},{"not_picked":["Steam","Barrage"],"picked":"Conserve Battery","floor":2.0},{"not_picked":["Rip and Tear","Force Field"],"picked":"FTL","floor":3.0},{"not_picked":["Stack","Auto Shields"],"picked":"Cold Snap","floor":6.0},{"not_picked":["Cold Snap","Beam Cell"],"picked":"Consume","floor":7.0},{"not_picked":["Leap","Ball Lightning"],"picked":"Glacier","floor":10.0},{"not_picked":["Go for the Eyes","Sweeping Beam"],"picked":"Self Repair","floor":13.0},{"not_picked":["Biased Cognition","Multi-Cast"],"picked":"Core Surge","floor":16.0},{"not_picked":["Turbo","Sunder+1"],"picked":"Cold Snap","floor":18.0},{"not_picked":["Redo","Streamline"],"picked":"Glacier+1","floor":19.0},{"not_picked":["Auto Shields","Streamline"],"picked":"Capacitor+1","floor":24.0},{"not_picked":["Genetic Algorithm","Chill","Conserve Battery"],"picked":"SKIP","floor":25.0},{"not_picked":["Hello World","Beam Cell+1"],"picked":"BootSequence","floor":28.0},{"not_picked":["Turbo","Leap","Double Energy"],"picked":"SKIP","floor":29.0},{"not_picked":["Leap","Compile Driver","Auto Shields"],"picked":"SKIP","floor":30.0},{"not_picked":["Storm","Buffer"],"picked":"Barrage","floor":31.0},{"not_picked":["Meteor Strike","Seek"],"picked":"Biased Cognition","floor":33.0},{"not_picked":["Melter+1","Cold Snap"],"picked":"Gash","floor":35.0},{"not_picked":["Redo+1","Ball Lightning","Beam Cell"],"picked":"SKIP","floor":36.0},{"not_picked":["Beam Cell","Coolheaded+1"],"picked":"Seek","floor":38.0}],"player_experience":940867,"relics_obtained":[{"floor":7.0,"key":"Oddly Smooth Stone"},{"floor":13.0,"key":"Kunai"},{"floor":26.0,"key":"Pen Nib"},{"floor":29.0,"key":"Bag of Preparation"},{"floor":31.0,"key":"DataDisk"}],"event_choices":[{"damage_healed":0.0,"max_hp_gain":0.0,"max_hp_loss":0.0,"gold_gain":175.0,"event_name":"Liars Game","player_choice":"AGREE","floor":5.0,"gold_loss":0.0,"damage_taken":0.0,"cards_obtained":["Doubt"]},{"damage_healed":0.0,"max_hp_gain":0.0,"max_hp_loss":0.0,"gold_gain":0.0,"event_name":"Dead Adventurer","player_choice":"Searched \u00271\u0027 times","floor":7.0,"gold_loss":0.0,"damage_taken":0.0},{"damage_healed":0.0,"max_hp_gain":0.0,"max_hp_loss":0.0,"gold_gain":0.0,"event_name":"Shining Light","player_choice":"Entered Light","floor":12.0,"gold_loss":0.0,"damage_taken":14.0,"cards_upgraded":["Strike_B","Defend_B"]},{"damage_healed":0.0,"max_hp_gain":0.0,"max_hp_loss":0.0,"gold_gain":0.0,"event_name":"The Library","player_choice":"Read","floor":20.0,"gold_loss":0.0,"damage_taken":0.0,"cards_obtained":["Gash"]},{"damage_healed":0.0,"max_hp_gain":0.0,"max_hp_loss":0.0,"gold_gain":0.0,"event_name":"The Woman in Blue","player_choice":"Bought 0 Potions","floor":21.0,"gold_loss":0.0,"damage_taken":0.0},{"cards_removed":["Defend_B"],"damage_healed":0.0,"max_hp_gain":0.0,"max_hp_loss":0.0,"gold_gain":0.0,"event_name":"Falling","player_choice":"Removed Skill","floor":37.0,"gold_loss":0.0,"damage_taken":0.0},{"damage_healed":0.0,"max_hp_gain":0.0,"max_hp_loss":0.0,"gold_gain":0.0,"event_name":"SensoryStone","player_choice":"Memory 1","floor":39.0,"gold_loss":0.0,"damage_taken":0.0}],"is_beta":false,"boss_relics":[{"not_picked":["Busted Crown","Calling Bell"],"picked":"FrozenCore"},{"not_picked":["Philosopher\u0027s Stone","Fusion Hammer"],"picked":"Inserter"}],"items_purged_floors":[],"is_endless":false,"potions_floor_spawned":[6,7,13,18,24,28,30,36,38],"killed_by":"Reptomancer","ascension_level":2}