{"gold_per_floor":[117,117,132,149,167,167,197,272,272,43,73,83,108,123,123,197,197,217,228,248,248,265,265,290,290,290,48,48,48,48,48,48,123,123,133,152,65,85,104,133,133,133,159,192,243,275,292,292,292,292,292,292,292,26,52,52],"floor_reached":57,"playtime":2712,"items_purged":["Strike_B"],"score":3210,"play_id":"4c9632d9-559c-4c8f-9b48-eb6ae87fee6b","local_time":"20190719202907","is_ascension_mode":true,"campfire_choices":[{"data":"Sunder","floor":6.0,"key":"SMITH"},{"data":"Defragment","floor":15.0,"key":"SMITH"},{"data":"Coolheaded","floor":23.0,"key":"SMITH"},{"data":"Defragment","floor":25.0,"key":"SMITH"},{"data":"Seek","floor":30.0,"key":"SMITH"},{"data":"Dualcast","floor":32.0,"key":"SMITH"},{"floor":42.0,"key":"RECALL"},{"data":"Loop","floor":49.0,"key":"SMITH"},{"data":"Skim","floor":53.0,"key":"SMITH"}],"neow_cost":"NONE","seed_source_timestamp":93497307218358,"circlet_count":0,"master_deck":["AscendersBane","Strike_B+1","Strike_B+1","Defend_B+1","Defend_B+1","Defend_B+1","Defend_B+1","Zap+1","Dualcast+1","Sunder+1","Coolheaded+1","Defragment+1","BootSequence+1","Ball Lightning+1","Turbo+1","Multi-Cast+1","Darkness+1","Double Energy+1","Echo Form+1","Cold Snap+1","Coolheaded+1","Stack+1","Turbo+1","Meteor Strike+1","Seek+1","Reinforced Body+1","Undo+1","Defragment+1","Ghostly+1","Ghostly+1","Echo Form+1","Redo+1","Turbo+1","Heatsinks+1","Defragment+1","Undo+1","Echo Form+1","Aggregate+1","Hologram","Loop+1","Skim+1","Heatsinks+1","Hologram"],"special_seed":0,"relics":["Orrery","Pocketwatch","Letter Opener","Chemical X","Question Card","Potion Belt","Coffee Dripper","Shovel","Sundial","Bag of Preparation","Philosopher\u0027s Stone","Mummified Hand","Mark of the Bloom","Whetstone","Peace Pipe","Regal Pillow","DollysMirror","Art of War"],"potions_floor_usage":[56,56],"damage_taken":[{"damage":0.0,"enemies":"2 Louse","floor":1.0,"turns":3.0},{"damage":1.0,"enemies":"Cultist","floor":3.0,"turns":3.0},{"damage":4.0,"enemies":"Small Slimes","floor":4.0,"turns":5.0},{"damage":0.0,"enemies":"3 Louse","floor":5.0,"turns":4.0},{"damage":0.0,"enemies":"3 Sentries","floor":7.0,"turns":6.0},{"damage":4.0,"enemies":"Lagavulin","floor":11.0,"turns":6.0},{"damage":10.0,"enemies":"Exordium Thugs","floor":12.0,"turns":4.0},{"damage":6.0,"enemies":"Gremlin Nob","floor":13.0,"turns":3.0},{"damage":6.0,"enemies":"Looter","floor":14.0,"turns":4.0},{"damage":10.0,"enemies":"Hexaghost","floor":16.0,"turns":10.0},{"damage":4.0,"enemies":"2 Thieves","floor":18.0,"turns":3.0},{"damage":6.0,"enemies":"Shell Parasite","floor":19.0,"turns":4.0},{"damage":5.0,"enemies":"Sentry and Sphere","floor":20.0,"turns":5.0},{"damage":12.0,"enemies":"Snake Plant","floor":22.0,"turns":4.0},{"damage":5.0,"enemies":"Book of Stabbing","floor":24.0,"turns":6.0},{"damage":2.0,"enemies":"Collector","floor":33.0,"turns":8.0},{"damage":0.0,"enemies":"3 Shapes","floor":35.0,"turns":3.0},{"damage":0.0,"enemies":"Orb Walker","floor":36.0,"turns":4.0},{"damage":3.0,"enemies":"3 Darklings","floor":38.0,"turns":4.0},{"damage":0.0,"enemies":"Spire Growth","floor":39.0,"turns":4.0},{"damage":0.0,"enemies":"Nemesis","floor":40.0,"turns":5.0},{"damage":0.0,"enemies":"Reptomancer","floor":44.0,"turns":3.0},{"damage":0.0,"enemies":"2 Orb Walkers","floor":45.0,"turns":4.0},{"damage":0.0,"enemies":"Giant Head","floor":46.0,"turns":8.0},{"damage":0.0,"enemies":"Jaw Worm Horde","floor":47.0,"turns":4.0},{"damage":0.0,"enemies":"Awakened One","floor":50.0,"turns":5.0},{"damage":0.0,"enemies":"Time Eater","floor":51.0,"turns":6.0},{"damage":7.0,"enemies":"Shield and Spear","floor":55.0,"turns":5.0},{"damage":14,"enemies":"The Heart","floor":56,"turns":10}],"seed_played":"8499159718968237744","potions_obtained":[{"floor":3.0,"key":"Poison Potion"},{"floor":4.0,"key":"Regen Potion"},{"floor":7.0,"key":"AttackPotion"},{"floor":13.0,"key":"Ancient Potion"},{"floor":16.0,"key":"Fire Potion"},{"floor":22.0,"key":"Energy Potion"},{"floor":24.0,"key":"Energy Potion"},{"floor":33.0,"key":"Swift Potion"},{"floor":39.0,"key":"PowerPotion"},{"floor":45.0,"key":"FocusPotion"},{"floor":47.0,"key":"Weak Potion"},{"floor":55.0,"key":"Explosive Potion"}],"is_trial":false,"path_per_floor":["M","?","M","M","M","R","E","?","T","$","E","M","E","M","R","B",null,"M","M","M","?","M","R","E","R","T","$","$","?","R","$","R","B",null,"M","M","$","M","M","E","?","R","T","E","?","E","M","?","R","B","B",null,"R","$","E","B",null],"character_chosen":"DEFECT","items_purchased":["Chemical X","Bag of Preparation","Heatsinks","DollysMirror","Block Potion"],"campfire_rested":0,"item_purchase_floors":[10,27,37,54,54],"current_hp_per_floor":[64,64,63,59,59,59,59,48,48,48,44,34,28,22,22,12,56,52,46,41,41,29,29,24,24,24,24,24,24,24,24,24,22,32,32,32,32,29,29,29,29,29,29,29,29,29,29,29,29,29,29,29,29,29,22,8],"gold":52,"neow_bonus":"BOSS_RELIC","is_prod":false,"is_daily":false,"chose_seed":false,"campfire_upgraded":8,"win_rate":0,"timestamp":1563539347,"path_taken":["M","?","?","M","M","R","E","?","T","$","E","M","E","M","R","BOSS","M","M","M","?","M","R","E","R","T","?","$","?","R","?","R","BOSS","M","M","$","M","?","E","?","R","T","E","?","E","?","?","R","BOSS","BOSS","R","$","E","BOSS"],"build_version":"2019-07-17","purchased_purges":1,"victory":true,"max_hp_per_floor":[71,71,71,71,71,71,71,71,71,71,71,71,71,71,71,71,71,71,71,71,71,71,71,71,71,71,71,71,35,35,35,35,35,35,35,35,35,35,35,35,35,35,35,35,35,35,35,35,35,35,35,35,35,35,35,35],"card_choices":[{"not_picked":["Leap","Consume"],"picked":"Sunder","floor":0.0},{"not_picked":["Hologram","Steam Power"],"picked":"Coolheaded","floor":0.0},{"not_picked":["Storm","Steam"],"picked":"Defragment","floor":0.0},{"not_picked":["Redo","Go for the Eyes"],"picked":"BootSequence","floor":0.0},{"not_picked":["BootSequence","Barrage"],"picked":"Ball Lightning","floor":0.0},{"not_picked":["White Noise","Compile Driver"],"picked":"Turbo","floor":1.0},{"not_picked":["Stack","FTL"],"picked":"Darkness","floor":3.0},{"not_picked":["Ball Lightning","Turbo"],"picked":"Double Energy","floor":4.0},{"not_picked":["Turbo","Coolheaded"],"picked":"Echo Form","floor":5.0},{"not_picked":["Multi-Cast","Steam"],"picked":"Cold Snap","floor":7.0},{"not_picked":["White Noise","Hello World"],"picked":"Coolheaded","floor":11.0},{"not_picked":["Double Energy","Steam","Sunder"],"picked":"Stack","floor":12.0},{"not_picked":["Hologram","Stack","Loop"],"picked":"Turbo","floor":13.0},{"not_picked":["Go for the Eyes","Tempest","Turbo"],"picked":"Meteor Strike","floor":14.0},{"not_picked":["Amplify","Machine Learning","Electrodynamics"],"picked":"Seek","floor":16.0},{"not_picked":["FTL+1","Darkness","Cold Snap"],"picked":"Reinforced Body","floor":18.0},{"not_picked":["Steam","Auto Shields","Barrage"],"picked":"Undo","floor":19.0},{"not_picked":["Barrage","Scrape","Ball Lightning","Leap"],"picked":"SKIP","floor":20.0},{"not_picked":["Leap","Conserve Battery+1","Go for the Eyes"],"picked":"Defragment","floor":22.0},{"not_picked":["Storm","Darkness","Steam Power","Coolheaded"],"picked":"SKIP","floor":24.0},{"not_picked":["Electrodynamics","Seek","Core Surge"],"picked":"Echo Form","floor":33.0},{"not_picked":["Go for the Eyes","Compile Driver","Streamline+1"],"picked":"Redo+1","floor":35.0},{"not_picked":["Steam","Cold Snap","Stack"],"picked":"Turbo","floor":36.0},{"not_picked":["Cold Snap","Aggregate","Gash"],"picked":"Defragment","floor":38.0},{"not_picked":["Sunder","Aggregate","Rebound"],"picked":"Undo+1","floor":39.0},{"not_picked":["Barrage+1","Cold Snap","Consume"],"picked":"Echo Form","floor":40.0},{"not_picked":["Coolheaded","Go for the Eyes","Machine Learning"],"picked":"Aggregate+1","floor":44.0},{"not_picked":["Melter","FTL","Redo"],"picked":"Hologram","floor":45.0},{"not_picked":["Gash","Streamline","Turbo+1"],"picked":"Loop","floor":46.0},{"not_picked":["Glacier","Go for the Eyes","Coolheaded"],"picked":"Skim","floor":47.0},{"not_picked":["Go for the Eyes","Conserve Battery","Sweeping Beam+1"],"picked":"Hologram","floor":55.0}],"player_experience":2043267,"relics_obtained":[{"floor":7.0,"key":"Pocketwatch"},{"floor":9.0,"key":"Letter Opener"},{"floor":11.0,"key":"Question Card"},{"floor":13.0,"key":"Potion Belt"},{"floor":24.0,"key":"Shovel"},{"floor":26.0,"key":"Sundial"},{"floor":40.0,"key":"Mummified Hand"},{"floor":44.0,"key":"Whetstone"},{"floor":45.0,"key":"Peace Pipe"},{"floor":46.0,"key":"Regal Pillow"},{"floor":55.0,"key":"Art of War"}],"event_choices":[{"damage_healed":0.0,"max_hp_gain":0.0,"max_hp_loss":0.0,"gold_gain":0.0,"cards_transformed":["Strike_B"],"event_name":"Transmorgrifier","player_choice":"Transformed","floor":2.0,"gold_loss":0.0,"damage_taken":0.0,"cards_obtained":["Multi-Cast"]},{"damage_healed":0.0,"max_hp_gain":0.0,"max_hp_loss":0.0,"gold_gain":75.0,"event_name":"World of Goop","player_choice":"Gather Gold","floor":8.0,"gold_loss":0.0,"damage_taken":11.0},{"damage_healed":0.0,"max_hp_gain":0.0,"max_hp_loss":0.0,"gold_gain":0.0,"event_name":"Upgrade Shrine","player_choice":"Upgraded","floor":21.0,"gold_loss":0.0,"damage_taken":0.0,"cards_upgraded":["Coolheaded"]},{"damage_healed":0.0,"max_hp_gain":0.0,"max_hp_loss":36.0,"gold_gain":0.0,"event_name":"Ghosts","player_choice":"Became a Ghost","floor":29.0,"gold_loss":0.0,"damage_taken":0.0,"cards_obtained":["Ghostly","Ghostly","Ghostly"]},{"damage_healed":0.0,"max_hp_gain":0.0,"max_hp_loss":0.0,"gold_gain":0.0,"event_name":"MindBloom","player_choice":"Upgrade","floor":41.0,"gold_loss":0.0,"damage_taken":0.0,"cards_upgraded":["Strike_B","Strike_B","Defend_B","Defend_B","Defend_B","Defend_B","Zap","BootSequence","Ball Lightning","Turbo","Multi-Cast","Darkness","Double Energy","Echo Form","Cold Snap","Stack","Turbo","Meteor Strike","Reinforced Body","Undo","Ghostly","Ghostly","Ghostly","Echo Form","Turbo","Heatsinks","Defragment","Echo Form"],"relics_obtained":["Mark of the Bloom"]},{"damage_healed":0.0,"max_hp_gain":0.0,"max_hp_loss":0.0,"gold_gain":0.0,"event_name":"Mysterious Sphere","player_choice":"Fight","floor":45.0,"gold_loss":0.0,"damage_taken":0.0},{"cards_removed":["Ghostly"],"damage_healed":0.0,"max_hp_gain":0.0,"max_hp_loss":0.0,"gold_gain":0.0,"event_name":"Falling","player_choice":"Removed Skill","floor":48.0,"gold_loss":0.0,"damage_taken":0.0}],"is_beta":false,"boss_relics":[{"not_picked":["Sozu","Inserter"],"picked":"Coffee Dripper"},{"not_picked":["Snecko Eye","Fusion Hammer"],"picked":"Philosopher\u0027s Stone"}],"items_purged_floors":[27],"is_endless":false,"potions_floor_spawned":[3,4,7,13,16,22,24,33,39,45,47,55],"ascension_level":20}