{"gold_per_floor":[113,129,129,147,215,215,234,234,234,234,264,281,257,257,257,353,353,373,384,133,133,149,149],"floor_reached":23,"playtime":1722,"items_purged":[],"score":191,"play_id":"ed8e24b2-318c-417d-9ef2-6fed6ba43350","local_time":"20190203142122","is_ascension_mode":false,"campfire_choices":[{"data":"Armaments","floor":6,"key":"SMITH"},{"data":"Heavy Blade","floor":8,"key":"SMITH"},{"floor":15,"key":"REST"}],"neow_cost":"NONE","seed_source_timestamp":103505619603671,"circlet_count":0,"master_deck":["Strike_R","Strike_R","Strike_R","Strike_R","Defend_R","Defend_R","Defend_R","Bash","Armaments+1","Flex","Heavy Blade+1","Warcry","Cleave","Warcry","Immolate","Twin Strike","Heavy Blade+1","Armaments+1"],"relics":["Burning Blood","StoneCalendar","Pocketwatch","Mark of Pain","Molten Egg 2"],"potions_floor_usage":[11,23,23,23],"damage_taken":[{"damage":8,"enemies":"Small Slimes","floor":1,"turns":3},{"damage":5,"enemies":"Cultist","floor":2,"turns":4},{"damage":3,"enemies":"2 Louse","floor":4,"turns":2},{"damage":11,"enemies":"2 Fungi Beasts","floor":7,"turns":4},{"damage":31,"enemies":"Lagavulin","floor":11,"turns":5},{"damage":30,"enemies":"Exordium Thugs","floor":12,"turns":5},{"damage":33,"enemies":"Slime Boss","floor":16,"turns":7},{"damage":30,"enemies":"2 Thieves","floor":18,"turns":4},{"damage":10,"enemies":"Spheric Guardian","floor":19,"turns":3},{"damage":31,"enemies":"Cultist and Chosen","floor":22,"turns":6},{"damage":33,"enemies":"Gremlin Leader","floor":23,"turns":4}],"seed_played":"9137226251712096196","potions_obtained":[{"floor":1,"key":"Energy Potion"},{"floor":12,"key":"GamblersBrew"},{"floor":16,"key":"EssenceOfSteel"},{"floor":22,"key":"EssenceOfSteel"}],"is_trial":false,"path_per_floor":["M","M","?","M","?","R","M","R","T","$","E","M","?","?","R","B",null,"M","M","$","?","M","E"],"character_chosen":"IRONCLAD","items_purchased":["Molten Egg 2"],"campfire_rested":1,"item_purchase_floors":[20],"current_hp_per_floor":[78,79,79,80,80,80,75,75,75,75,50,26,26,26,50,23,80,56,52,52,52,27,0],"gold":149,"neow_bonus":"TRANSFORM_CARD","is_prod":false,"is_daily":false,"chose_seed":false,"campfire_upgraded":2,"win_rate":0,"timestamp":1549221682,"path_taken":["M","M","?","?","?","R","M","R","T","$","E","M","?","?","R","BOSS","M","M","$","?","?","E"],"build_version":"2019-01-23","purchased_purges":0,"victory":false,"max_hp_per_floor":[80,80,80,80,80,80,80,80,80,80,80,80,80,80,80,80,80,80,80,80,80,80,80],"card_choices":[{"not_picked":["Bloodletting","Havoc"],"picked":"Armaments","floor":1},{"not_picked":["Headbutt","Sever Soul"],"picked":"Flex","floor":2},{"not_picked":["Clothesline","Iron Wave"],"picked":"Heavy Blade","floor":4},{"not_picked":["Armaments","Sword Boomerang"],"picked":"Warcry","floor":7},{"not_picked":["Uppercut","Headbutt","True Grit"],"picked":"SKIP","floor":11},{"not_picked":["Twin Strike","Reckless Charge"],"picked":"Cleave","floor":12},{"not_picked":["Impervious","Berserk"],"picked":"Immolate","floor":16},{"not_picked":["Body Slam+1","Clothesline"],"picked":"Twin Strike","floor":18},{"not_picked":["Fire Breathing","Twin Strike"],"picked":"Heavy Blade","floor":19},{"not_picked":["Dropkick+1","Combust+1"],"picked":"Armaments+1","floor":22}],"player_experience":541372,"relics_obtained":[{"floor":9,"key":"StoneCalendar"},{"floor":11,"key":"Pocketwatch"}],"event_choices":[{"cards_removed":["Strike_R"],"damage_healed":0,"gold_gain":0,"player_choice":"Purged","damage_taken":0,"max_hp_gain":0,"max_hp_loss":0,"event_name":"Purifier","floor":3,"gold_loss":0},{"damage_healed":0,"gold_gain":68,"player_choice":"Gained Gold","damage_taken":0,"max_hp_gain":0,"max_hp_loss":0,"event_name":"Golden Wing","floor":5,"gold_loss":0},{"damage_healed":0,"gold_gain":0,"player_choice":"Left Gold","damage_taken":0,"max_hp_gain":0,"max_hp_loss":0,"event_name":"World of Goop","floor":13,"gold_loss":24},{"cards_removed":["Shockwave"],"damage_healed":0,"gold_gain":0,"player_choice":"Took Card","damage_taken":0,"max_hp_gain":0,"max_hp_loss":0,"event_name":"NoteForYourself","floor":14,"gold_loss":0,"cards_obtained":["Warcry"]},{"damage_healed":0,"gold_gain":0,"player_choice":"Forge","damage_taken":0,"max_hp_gain":0,"max_hp_loss":0,"event_name":"Accursed Blacksmith","floor":21,"gold_loss":0,"cards_upgraded":["Heavy Blade"]}],"is_beta":false,"boss_relics":[{"not_picked":["Tiny House","White Beast Statue"],"picked":"Mark of Pain"}],"items_purged_floors":[],"is_endless":false,"potions_floor_spawned":[1,12,16,22],"killed_by":"Gremlin Leader","ascension_level":0}