{"gold_per_floor":[114,130,130,21,35,35,91,91,166,14,14,48,60,80,80,80],"floor_reached":16,"playtime":459,"items_purged":["Strike_G"],"score":193,"play_id":"2a8b8ead-2e56-4824-9f3f-59360541a9e2","local_time":"20190730144736","is_ascension_mode":true,"campfire_choices":[{"data":"Dagger Spray","floor":6,"key":"SMITH"},{"data":"Neutralize","floor":8,"key":"SMITH"},{"data":"Glass Knife","floor":11,"key":"SMITH"},{"floor":15,"key":"REST"}],"neow_cost":"NONE","seed_source_timestamp":311376956364333,"circlet_count":0,"master_deck":["AscendersBane","Strike_G","Strike_G","Strike_G","Defend_G","Defend_G","Defend_G","Defend_G","Defend_G","Survivor","Neutralize+1","Dagger Spray+1","Escape Plan","Glass Knife+1","Dash","Adrenaline","PiercingWail","Corpse Explosion","Night Terror","Noxious Fumes","Catalyst"],"relics":["Ring of the Snake","Tiny Chest","Ornamental Fan"],"potions_floor_usage":[7,12],"damage_taken":[{"damage":0,"enemies":"Cultist","floor":1,"turns":5},{"damage":3,"enemies":"Jaw Worm","floor":2,"turns":5},{"damage":0,"enemies":"2 Louse","floor":5,"turns":2},{"damage":24,"enemies":"Lagavulin","floor":7,"turns":7},{"damage":31,"enemies":"Gremlin Nob","floor":12,"turns":5},{"damage":0,"enemies":"Exordium Wildlife","floor":13,"turns":4},{"damage":0,"enemies":"Looter","floor":14,"turns":3},{"damage":36,"enemies":"The Guardian","floor":16,"turns":2}],"seed_played":"-3218408520375174467","potions_obtained":[{"floor":0,"key":"EssenceOfSteel"},{"floor":0,"key":"Block Potion"},{"floor":0,"key":"SteroidPotion"},{"floor":13,"key":"SpeedPotion"},{"floor":14,"key":"SpeedPotion"}],"is_trial":false,"path_per_floor":["M","M","?","$","M","R","E","R","T","$","R","E","M","M","R","B"],"character_chosen":"THE_SILENT","items_purchased":["Dash","Corpse Explosion"],"campfire_rested":1,"item_purchase_floors":[4,10],"current_hp_per_floor":[59,56,56,56,56,56,32,32,32,32,32,1,1,1,20,0],"gold":80,"neow_bonus":"THREE_SMALL_POTIONS","is_prod":false,"is_daily":false,"chose_seed":false,"campfire_upgraded":3,"win_rate":0,"timestamp":1564512456,"path_taken":["M","?","?","$","M","R","E","R","T","$","R","E","M","?","R","BOSS"],"build_version":"2019-07-17","purchased_purges":1,"victory":false,"max_hp_per_floor":[66,66,66,66,66,66,66,66,66,66,66,66,66,66,66,66],"card_choices":[{"not_picked":["Underhanded Strike","Outmaneuver"],"picked":"Dagger Spray","floor":1},{"not_picked":["Blade Dance","Masterful Stab"],"picked":"Escape Plan","floor":2},{"not_picked":["Backflip","Caltrops"],"picked":"Adrenaline","floor":5},{"not_picked":["Endless Agony","Sucker Punch"],"picked":"PiercingWail","floor":7},{"not_picked":["PiercingWail","Blur"],"picked":"Night Terror","floor":12},{"not_picked":["Prepared","PiercingWail"],"picked":"Noxious Fumes","floor":13},{"not_picked":["Deflect","Deadly Poison"],"picked":"Catalyst","floor":14}],"player_experience":1594517,"relics_obtained":[{"floor":7,"key":"Tiny Chest"},{"floor":12,"key":"Ornamental Fan"}],"event_choices":[{"damage_healed":0,"gold_gain":0,"cards_transformed":["Strike_G"],"player_choice":"Transformed","damage_taken":0,"max_hp_gain":0,"max_hp_loss":0,"event_name":"Transmorgrifier","floor":3,"gold_loss":0,"cards_obtained":["Glass Knife"]}],"is_beta":false,"boss_relics":[],"items_purged_floors":[4],"is_endless":false,"potions_floor_spawned":[13,14],"killed_by":"The Guardian","ascension_level":15}