{"gold_per_floor":[117,67,142,156,156,156,167,15,96,96,112,126,152,166,166,266,266,282,294,313,326,340,340,352,352,404,419,419,87,87,87,87,87],"floor_reached":33,"playtime":1033,"items_purged":["Strike_R","Strike_R"],"score":251,"play_id":"c5cfb129-41fe-4dc0-b115-8fd49d3b6f17","local_time":"20190805060359","is_ascension_mode":false,"campfire_choices":[{"data":"Metallicize","floor":6.0,"key":"SMITH"},{"data":"Armaments","floor":15,"key":"SMITH"},{"data":"Searing Blow","floor":23,"key":"SMITH"},{"data":"Searing Blow+1","floor":25,"key":"SMITH"},{"data":"Searing Blow+2","floor":30,"key":"SMITH"},{"data":"Searing Blow+3","floor":32,"key":"SMITH"}],"neow_cost":"NONE","seed_source_timestamp":12096043420151,"circlet_count":0,"master_deck":["Strike_R","Strike_R","Strike_R","Defend_R","Defend_R","Defend_R","Bash","Metallicize+1","Flame Barrier","Disarm","Searing Blow+4","Headbutt","Armaments+1","Offering","Warcry+1","Shrug It Off+1","Metallicize","Trip"],"special_seed":0,"relics":["Burning Blood","NeowsBlessing","Meat on the Bone","Letter Opener","Coffee Dripper","Anchor","Pen Nib"],"potions_floor_usage":[11,16,19,33,33],"damage_taken":[{"damage":0.0,"enemies":"2 Louse","floor":1.0,"turns":1.0},{"damage":0.0,"enemies":"Jaw Worm","floor":4.0,"turns":1.0},{"damage":0.0,"enemies":"Small Slimes","floor":7.0,"turns":1.0},{"damage":4,"enemies":"Gremlin Gang","floor":11,"turns":4},{"damage":6,"enemies":"2 Fungi Beasts","floor":12,"turns":4},{"damage":46,"enemies":"Gremlin Nob","floor":13,"turns":6},{"damage":1,"enemies":"Large Slime","floor":14,"turns":6},{"damage":42,"enemies":"Hexaghost","floor":16,"turns":15},{"damage":7,"enemies":"3 Byrds","floor":18,"turns":4},{"damage":8,"enemies":"Spheric Guardian","floor":19,"turns":4},{"damage":23,"enemies":"Snecko","floor":20,"turns":6},{"damage":6,"enemies":"Centurion and Healer","floor":21,"turns":7},{"damage":14,"enemies":"Chosen and Byrds","floor":22,"turns":6},{"damage":12,"enemies":"3 Cultists","floor":24,"turns":5},{"damage":15,"enemies":"Cultist and Chosen","floor":27,"turns":6},{"damage":54,"enemies":"Automaton","floor":33,"turns":6}],"seed_played":"-2276425021114333046","potions_obtained":[{"floor":1.0,"key":"AttackPotion"},{"floor":11,"key":"Dexterity Potion"},{"floor":12,"key":"Block Potion"},{"floor":14,"key":"FearPotion"},{"floor":21,"key":"SmokeBomb"},{"floor":24,"key":"SkillPotion"},{"floor":27,"key":"Strength Potion"}],"is_trial":false,"path_per_floor":["M","?","?","M","?","R","M","$","T","$","M","M","E","M","R","B",null,"M","M","M","M","M","R","M","R","T","M","?","$","R","?","R","B"],"character_chosen":"IRONCLAD","items_purchased":["Searing Blow","Pen Nib","Trip"],"campfire_rested":0,"item_purchase_floors":[8,29,29],"current_hp_per_floor":[80,80,69,75,75,75,80,80,80,80,80,80,52,57,57,33,80,79,77,60,60,52,52,58,58,58,49,49,49,49,49,49,0],"gold":87,"neow_bonus":"THREE_ENEMY_KILL","is_prod":false,"is_daily":false,"chose_seed":false,"campfire_upgraded":6,"win_rate":0,"timestamp":1564952639,"path_taken":["M","?","?","M","?","R","M","$","T","$","M","M","E","M","R","BOSS","M","?","M","?","M","R","M","R","T","M","?","$","R","?","R","BOSS"],"build_version":"2019-07-17","purchased_purges":2,"victory":false,"max_hp_per_floor":[80,80,80,80,80,80,80,80,80,80,80,80,80,80,80,80,80,80,80,80,80,80,80,80,80,80,80,80,80,80,80,80,80],"card_choices":[{"not_picked":["Fire Breathing","Shrug It Off"],"picked":"Metallicize","floor":1.0},{"not_picked":["Entrench","Blood for Blood"],"picked":"Flame Barrier","floor":4.0},{"not_picked":["Dual Wield","Pummel"],"picked":"Disarm","floor":7.0},{"not_picked":["Clothesline","Heavy Blade"],"picked":"Headbutt","floor":11},{"not_picked":["Sword Boomerang","Uppercut"],"picked":"Armaments","floor":12},{"not_picked":["Rage","Thunderclap","Dropkick"],"picked":"SKIP","floor":13},{"not_picked":["Thunderclap","Clothesline","Body Slam"],"picked":"SKIP","floor":14},{"not_picked":["Brutality","Berserk"],"picked":"Offering","floor":16},{"not_picked":["Wild Strike","Metallicize","Twin Strike"],"picked":"SKIP","floor":18},{"not_picked":["Uppercut","Sword Boomerang"],"picked":"Warcry+1","floor":19},{"not_picked":["Twin Strike","Wild Strike","Pummel+1"],"picked":"SKIP","floor":20},{"not_picked":["Sword Boomerang","Clash","Power Through"],"picked":"SKIP","floor":21},{"not_picked":["Exhume","Searing Blow"],"picked":"Shrug It Off+1","floor":22},{"not_picked":["Combust","Heavy Blade+1","Seeing Red"],"picked":"SKIP","floor":24},{"not_picked":["Havoc","Thunderclap","Clothesline+1"],"picked":"SKIP","floor":27}],"player_experience":258498,"relics_obtained":[{"floor":9.0,"key":"Meat on the Bone"},{"floor":13,"key":"Letter Opener"},{"floor":26,"key":"Anchor"}],"event_choices":[{"cards_removed":["Defend_R"],"damage_healed":0.0,"max_hp_gain":0.0,"max_hp_loss":0.0,"gold_gain":0.0,"event_name":"The Cleric","player_choice":"Card Removal","floor":2.0,"gold_loss":50.0,"damage_taken":0.0},{"damage_healed":0.0,"max_hp_gain":0.0,"max_hp_loss":0.0,"gold_gain":75.0,"event_name":"World of Goop","player_choice":"Gather Gold","floor":3.0,"gold_loss":0.0,"damage_taken":11.0},{"damage_healed":0.0,"max_hp_gain":0.0,"max_hp_loss":0.0,"gold_gain":0.0,"event_name":"The Woman in Blue","player_choice":"Bought 0 Potions","floor":5.0,"gold_loss":0.0,"damage_taken":0.0},{"damage_healed":0,"gold_gain":0,"player_choice":"Read","damage_taken":0,"max_hp_gain":0,"max_hp_loss":0,"event_name":"The Library","floor":28,"gold_loss":0,"cards_obtained":["Metallicize"]},{"damage_healed":0,"gold_gain":0,"player_choice":"Ignored","damage_taken":0,"max_hp_gain":0,"max_hp_loss":0,"event_name":"Vampires","floor":31,"gold_loss":0}],"is_beta":false,"boss_relics":[{"not_picked":["Calling Bell","Lizard Tail"],"picked":"Coffee Dripper"}],"items_purged_floors":[8,29],"is_endless":false,"potions_floor_spawned":[1,11,12,14,21,24,27],"killed_by":"Automaton","ascension_level":0}