{"gold_per_floor":[114,114,114,129,144,144,159,159,159,189,204,234,302,317,317,417,417,432,417,117,117,117,117,117,117],"floor_reached":25,"playtime":1725,"items_purged":[],"score":211,"play_id":"fcb4aba0-79d5-4cfa-ab29-2067b6d77ca7","local_time":"20180803222202","daily_mods":["Heirloom","Time Dilation","Night Terrors"],"is_ascension_mode":false,"campfire_choices":[{"data":"Strike_G","floor":6,"key":"PURGE"},{"data":"Strike_G","floor":8,"key":"PURGE"},{"floor":15,"key":"REST"},{"floor":23,"key":"REST"}],"neow_cost":"","seed_source_timestamp":481062424538733,"circlet_count":0,"master_deck":["Defend_G","Defend_G","Defend_G","Defend_G","Defend_G+1","Strike_G+1","Strike_G","Survivor","Neutralize","Cloak And Dagger","Accuracy","Calculated Gamble","Unload","Acrobatics","Cloak And Dagger","After Image","Blade Dance","Acrobatics","Night Terror","Distraction+1","Blade Dance","Writhe"],"special_seed":17746,"relics":["Ring of the Snake","Peace Pipe","Ornamental Fan","Orichalcum","Lizard Tail","Bird Faced Urn","Gremlin Horn","Nloth\u0027s Gift"],"potions_floor_usage":[16,16,18],"damage_taken":[{"damage":0,"enemies":"2 Louse","floor":1,"turns":3},{"damage":0,"enemies":"Small Slimes","floor":4,"turns":3},{"damage":0,"enemies":"Jaw Worm","floor":5,"turns":3},{"damage":1,"enemies":"2 Fungi Beasts","floor":7,"turns":5},{"damage":6,"enemies":"Gremlin Nob","floor":10,"turns":4},{"damage":5,"enemies":"Large Slime","floor":11,"turns":7},{"damage":2,"enemies":"Lagavulin","floor":12,"turns":8},{"damage":2,"enemies":"3 Louse","floor":14,"turns":4},{"damage":62,"enemies":"The Guardian","floor":16,"turns":17},{"damage":1,"enemies":"Shell Parasite","floor":18,"turns":8},{"damage":11,"enemies":"2 Thieves","floor":19,"turns":4},{"damage":108,"enemies":"Gremlin Leader","floor":25,"turns":8}],"seed_played":"1315967547394537302","potions_obtained":[{"floor":7,"key":"GhostInAJar"},{"floor":11,"key":"SneckoOil"},{"floor":12,"key":"Strength Potion"},{"floor":14,"key":"Block Potion"},{"floor":16,"key":"Energy Potion"}],"is_trial":false,"path_per_floor":["M","?","?","M","M","R","M","R","T","E","M","E","?","M","R","B",null,"M","M","$","?","?","R","?"],"character_chosen":"THE_SILENT","items_purchased":["Bird Faced Urn"],"campfire_rested":2,"item_purchase_floors":[20],"current_hp_per_floor":[70,56,56,56,56,56,55,55,55,49,44,42,42,40,65,3,65,64,53,53,42,42,65,65,0],"gold":117,"neow_bonus":"","is_prod":false,"is_daily":true,"chose_seed":false,"campfire_upgraded":0,"win_rate":0.0,"timestamp":1533302522,"path_taken":["M","?","?","M","M","R","M","R","T","E","M","E","?","M","R","BOSS","M","M","$","?","?","R","?","E"],"build_version":"2018-08-02","purchased_purges":0,"victory":false,"max_hp_per_floor":[70,70,70,70,70,70,70,70,70,70,70,70,70,70,65,65,65,65,65,65,70,70,65,65,65],"card_choices":[{"not_picked":["PiercingWail","Backflip"],"picked":"Cloak And Dagger","floor":1},{"not_picked":["Poisoned Stab","Outmaneuver"],"picked":"Calculated Gamble","floor":4},{"not_picked":["Flechettes","Dodge and Roll"],"picked":"Unload","floor":5},{"not_picked":["Sucker Punch","Reflex"],"picked":"Acrobatics","floor":7},{"not_picked":["Dagger Throw","Heel Hook"],"picked":"Cloak And Dagger","floor":10},{"not_picked":["Bouncing Flask","Well Laid Plans"],"picked":"After Image","floor":11},{"not_picked":["Eviscerate","Acrobatics"],"picked":"Blade Dance","floor":12},{"not_picked":["PiercingWail","Flying Knee"],"picked":"Acrobatics","floor":14},{"not_picked":["Envenom","Bullet Time"],"picked":"Night Terror","floor":16},{"not_picked":["Crippling Poison","Sucker Punch"],"picked":"Distraction+1","floor":18},{"not_picked":["Terror","Deflect+1"],"picked":"Blade Dance","floor":19}],"player_experience":140475,"relics_obtained":[{"floor":9,"key":"Ornamental Fan"},{"floor":10,"key":"Orichalcum"},{"floor":12,"key":"Snake Skull"}],"event_choices":[{"event_name":"Shining Light","player_choice":"Entered Light","floor":2,"damage_taken":0},{"event_name":"Living Wall","player_choice":"Change","floor":3,"damage_taken":0},{"event_name":"Golden Wing","player_choice":"Gained Gold","floor":13,"damage_taken":0},{"event_name":"Forgotten Altar","player_choice":"Shed Blood","floor":21,"damage_taken":0},{"event_name":"The Mausoleum","player_choice":"Yes","floor":22,"damage_taken":0},{"event_name":"N\u0027loth","player_choice":"Traded a Snake Skull","floor":24,"damage_taken":0}],"is_beta":false,"boss_relics":[{"not_picked":["Ectoplasm","Tiny House"],"picked":"Lizard Tail"}],"items_purged_floors":[],"is_endless":false,"potions_floor_spawned":[7,11,12,14,16],"killed_by":"Gremlin Leader","ascension_level":0}