{"gold_per_floor":[117,42,58,58,58,58,89,55,55,55,68,80,99,125,125,202,202,218,218,143,143,168,84,84,103,103,103,203,101,136,154,154,226,226,237,254,174,174,396,425,425,525,525,540,540,556,566,594,594,594,594,594,594,19,52,52],"floor_reached":57,"playtime":2531,"items_purged":["Strike_G","Predator+1","Defend_G"],"score":3372,"play_id":"96d9aa60-c225-436f-b8d7-e3796940efe1","local_time":"20190527165031","is_ascension_mode":true,"campfire_choices":[{"data":"Neutralize","floor":6.0,"key":"SMITH"},{"data":"Footwork","floor":10.0,"key":"SMITH"},{"data":"Calculated Gamble","floor":15.0,"key":"SMITH"},{"data":"Noxious Fumes","floor":24.0,"key":"SMITH"},{"data":"Well Laid Plans","floor":32.0,"key":"SMITH"},{"data":"Acrobatics","floor":41.0,"key":"SMITH"},{"floor":49.0,"key":"RECALL"},{"data":"Well Laid Plans","floor":53.0,"key":"SMITH"}],"neow_cost":"NONE","seed_source_timestamp":164255969533710,"circlet_count":0,"master_deck":["AscendersBane","Defend_G","Survivor","Neutralize+1","Terror","Backstab","Footwork+1","Noxious Fumes+1","Grand Finale","Calculated Gamble+1","Adrenaline","Ghostly","Ghostly","Ghostly","Well Laid Plans+1","Backflip","After Image","Backstab+1","Infinite Blades+1","Acrobatics+1","Well Laid Plans+1","Secret Technique","Flash of Steel","Well Laid Plans"],"special_seed":0,"relics":["Ring of the Snake","NeowsBlessing","Sundial","The Courier","Potion Belt","Pear","Eternal Feather","Red Mask","Thread and Needle","Pantograph","Du-Vu Doll","Meat on the Bone","Bird Faced Urn","Astrolabe","Shuriken","Prayer Wheel","Mercury Hourglass","Membership Card","Calipers","Pen Nib","Paper Crane","Ornamental Fan"],"potions_floor_usage":[56,56,56,56],"damage_taken":[{"damage":0.0,"enemies":"Small Slimes","floor":1.0,"turns":1.0},{"damage":0.0,"enemies":"2 Louse","floor":3.0,"turns":1.0},{"damage":0.0,"enemies":"3 Sentries","floor":7.0,"turns":2.0},{"damage":0.0,"enemies":"Jaw Worm","floor":11.0,"turns":4.0},{"damage":2.0,"enemies":"Red Slaver","floor":12.0,"turns":4.0},{"damage":13.0,"enemies":"Looter","floor":13.0,"turns":4.0},{"damage":2.0,"enemies":"Gremlin Nob","floor":14.0,"turns":3.0},{"damage":20.0,"enemies":"Hexaghost","floor":16.0,"turns":11.0},{"damage":15.0,"enemies":"3 Byrds","floor":18.0,"turns":5.0},{"damage":31.0,"enemies":"Masked Bandits","floor":22.0,"turns":7.0},{"damage":0.0,"enemies":"Spheric Guardian","floor":25.0,"turns":6.0},{"damage":9.0,"enemies":"Colosseum Slavers","floor":28.0,"turns":7.0},{"damage":0.0,"enemies":"Colosseum Nobs","floor":28.0,"turns":4.0},{"damage":0.0,"enemies":"Gremlin Leader","floor":30.0,"turns":6.0},{"damage":7.0,"enemies":"Snecko","floor":31.0,"turns":7.0},{"damage":0.0,"enemies":"Collector","floor":33.0,"turns":5.0},{"damage":0.0,"enemies":"3 Shapes","floor":35.0,"turns":3.0},{"damage":0.0,"enemies":"3 Darklings","floor":36.0,"turns":4.0},{"damage":0.0,"enemies":"Giant Head","floor":40.0,"turns":5.0},{"damage":0.0,"enemies":"Mind Bloom Boss Battle","floor":42.0,"turns":4.0},{"damage":0.0,"enemies":"Sphere and 2 Shapes","floor":44.0,"turns":3.0},{"damage":0.0,"enemies":"4 Shapes","floor":46.0,"turns":5.0},{"damage":0.0,"enemies":"Transient","floor":47.0,"turns":4.0},{"damage":0.0,"enemies":"Reptomancer","floor":48.0,"turns":4.0},{"damage":0.0,"enemies":"Time Eater","floor":50.0,"turns":7.0},{"damage":0.0,"enemies":"Awakened One","floor":51.0,"turns":5.0},{"damage":3.0,"enemies":"Shield and Spear","floor":55.0,"turns":5.0},{"damage":22,"enemies":"The Heart","floor":56,"turns":7}],"seed_played":"5509204612881371675","potions_obtained":[{"floor":1.0,"key":"Energy Potion"},{"floor":11.0,"key":"Fire Potion"},{"floor":13.0,"key":"Fire Potion"},{"floor":16.0,"key":"Poison Potion"},{"floor":22.0,"key":"Ancient Potion"},{"floor":28.0,"key":"SpeedPotion"},{"floor":30.0,"key":"AttackPotion"},{"floor":33.0,"key":"Ancient Potion"},{"floor":44.0,"key":"Swift Potion"}],"is_trial":false,"path_per_floor":["M","?","M","?","?","R","E","$","T","R","M","M","M","E","R","B",null,"M","?","?","?","?","?","R","M","T","?","?","$","E","M","R","B",null,"M","M","$","?","?","E","R","?","T","M","?","M","M","E","R","B","B",null,"R","$","E","B",null],"character_chosen":"THE_SILENT","items_purchased":["Footwork","Swift Potion","Membership Card","Calipers","Swift Potion","Pen Nib","Paper Crane","Well Laid Plans"],"campfire_rested":0,"item_purchase_floors":[8,29,54,54,54,54,54,54],"current_hp_per_floor":[59,59,59,41,41,41,41,41,41,41,41,39,26,34,34,14,61,46,38,38,38,7,7,16,16,16,16,7,7,19,30,38,38,38,38,38,38,33,33,38,38,38,38,38,36,38,38,38,38,38,38,38,38,38,38,30],"gold":52,"neow_bonus":"THREE_ENEMY_KILL","is_prod":false,"is_daily":false,"chose_seed":false,"campfire_upgraded":7,"win_rate":0,"timestamp":1558947031,"path_taken":["M","?","M","?","?","R","E","$","T","R","?","M","M","E","R","BOSS","M","?","?","?","?","?","R","?","T","?","?","$","E","M","R","BOSS","M","M","$","?","?","E","R","?","T","M","?","M","?","E","R","BOSS","BOSS","R","$","E","BOSS"],"build_version":"2019-01-23","purchased_purges":3,"victory":true,"max_hp_per_floor":[66,66,66,66,66,66,66,66,66,66,66,66,66,76,76,76,76,76,38,38,38,38,38,38,38,38,38,38,38,38,38,38,38,38,38,38,38,38,38,38,38,38,38,38,38,38,38,38,38,38,38,38,38,38,38,38],"card_choices":[{"not_picked":["Heel Hook","Finisher","Slice"],"picked":"SKIP","floor":1.0},{"not_picked":["PiercingWail","Poisoned Stab","Outmaneuver"],"picked":"SKIP","floor":3.0},{"not_picked":["Accuracy","Bane"],"picked":"Backstab","floor":7.0},{"not_picked":["Well Laid Plans","Flying Knee"],"picked":"Noxious Fumes","floor":11.0},{"not_picked":["Bane","Dagger Spray"],"picked":"Grand Finale","floor":12.0},{"not_picked":["Underhanded Strike","Setup"],"picked":"Calculated Gamble","floor":13.0},{"not_picked":["Dagger Spray","PiercingWail","Dodge and Roll"],"picked":"SKIP","floor":14.0},{"not_picked":["After Image","Malaise"],"picked":"Adrenaline","floor":16.0},{"not_picked":["Flechettes","Setup+1","Dash"],"picked":"SKIP","floor":18.0},{"not_picked":["Cloak And Dagger","PiercingWail+1","Skewer"],"picked":"SKIP","floor":25.0},{"not_picked":["All Out Attack","Bouncing Flask","Prepared"],"picked":"SKIP","floor":30.0},{"not_picked":["Cloak And Dagger+1","A Thousand Cuts"],"picked":"Backflip","floor":31.0},{"not_picked":["Grand Finale","Die Die Die"],"picked":"After Image","floor":33.0},{"not_picked":["Distraction","Cloak And Dagger"],"picked":"Acrobatics","floor":35.0},{"not_picked":["Dagger Spray","Choke+1"],"picked":"Well Laid Plans","floor":36.0},{"not_picked":["Trip","Swift Strike"],"picked":"Secret Technique","floor":38.0},{"not_picked":["Mayhem","Swift Strike"],"picked":"Flash of Steel","floor":38.0},{"not_picked":["Concentrate","Dagger Spray","Flechettes+1"],"picked":"SKIP","floor":40.0},{"not_picked":["Deflect+1","All Out Attack","Dodge and Roll"],"picked":"SKIP","floor":44.0},{"not_picked":["Poisoned Stab","Outmaneuver","Backflip"],"picked":"SKIP","floor":44.0},{"not_picked":["Poisoned Stab","Dagger Throw","Dagger Spray+1"],"picked":"SKIP","floor":46.0},{"not_picked":["Dodge and Roll","Eviscerate","Terror"],"picked":"SKIP","floor":46.0},{"not_picked":["Backstab","Deflect","Flying Knee+1"],"picked":"SKIP","floor":47.0},{"not_picked":["Riddle With Holes","Eviscerate","Dash+1"],"picked":"SKIP","floor":47.0},{"not_picked":["Slice","Dagger Throw+1","Backstab"],"picked":"SKIP","floor":48.0},{"not_picked":["Sucker Punch+1","Slice","PiercingWail"],"picked":"SKIP","floor":55.0}],"player_experience":1771758,"relics_obtained":[{"floor":7.0,"key":"The Courier"},{"floor":9.0,"key":"Potion Belt"},{"floor":14.0,"key":"Pear"},{"floor":22.0,"key":"Red Mask"},{"floor":26.0,"key":"Pantograph"},{"floor":28.0,"key":"Du-Vu Doll"},{"floor":28.0,"key":"Meat on the Bone"},{"floor":30.0,"key":"Bird Faced Urn"},{"floor":40.0,"key":"Shuriken"},{"floor":42.0,"key":"Prayer Wheel"},{"floor":48.0,"key":"Mercury Hourglass"},{"floor":55.0,"key":"Ornamental Fan"}],"event_choices":[{"cards_removed":["Strike_G"],"damage_healed":0.0,"max_hp_gain":0.0,"max_hp_loss":0.0,"gold_gain":0.0,"event_name":"The Cleric","player_choice":"Card Removal","floor":2.0,"gold_loss":75.0,"damage_taken":0.0},{"damage_healed":0.0,"max_hp_gain":0.0,"max_hp_loss":0.0,"gold_gain":0.0,"event_name":"Scrap Ooze","player_choice":"Success","floor":4.0,"gold_loss":0.0,"damage_taken":18.0,"relics_obtained":["Sundial"]},{"damage_healed":0.0,"max_hp_gain":0.0,"max_hp_loss":0.0,"gold_gain":0.0,"cards_transformed":["Strike_G"],"event_name":"Transmorgrifier","player_choice":"Transformed","floor":5.0,"gold_loss":0.0,"damage_taken":0.0,"cards_obtained":["Terror"]},{"damage_healed":0.0,"max_hp_gain":0.0,"max_hp_loss":38.0,"gold_gain":0.0,"event_name":"Ghosts","player_choice":"Became a Ghost","floor":19.0,"gold_loss":0.0,"damage_taken":0.0,"cards_obtained":["Ghostly","Ghostly","Ghostly"]},{"cards_removed":["Strike_G"],"damage_healed":0.0,"max_hp_gain":0.0,"max_hp_loss":0.0,"gold_gain":0.0,"event_name":"Beggar","player_choice":"Gave Gold","floor":20.0,"gold_loss":75.0,"damage_taken":0.0},{"cards_removed":["Strike_G"],"damage_healed":0.0,"max_hp_gain":0.0,"max_hp_loss":0.0,"gold_gain":0.0,"event_name":"Back to Basics","player_choice":"Elegance","floor":21.0,"gold_loss":0.0,"damage_taken":0.0},{"damage_healed":0.0,"max_hp_gain":0.0,"max_hp_loss":0.0,"gold_gain":0.0,"event_name":"Masked Bandits","player_choice":"Fought Bandits","floor":22.0,"gold_loss":0.0,"damage_taken":0.0},{"damage_healed":0.0,"max_hp_gain":0.0,"max_hp_loss":0.0,"gold_gain":0.0,"event_name":"WeMeetAgain","player_choice":"Paid Gold","floor":23.0,"gold_loss":84.0,"damage_taken":0.0,"relics_obtained":["Thread and Needle"]},{"damage_healed":0.0,"max_hp_gain":0.0,"max_hp_loss":0.0,"gold_gain":0.0,"event_name":"The Library","player_choice":"Read","floor":27.0,"gold_loss":0.0,"damage_taken":0.0,"cards_obtained":["Well Laid Plans"]},{"damage_healed":0.0,"max_hp_gain":0.0,"max_hp_loss":0.0,"gold_gain":0.0,"event_name":"Colosseum","player_choice":"Fight","floor":28.0,"gold_loss":0.0,"damage_taken":0.0},{"damage_healed":0.0,"max_hp_gain":0.0,"max_hp_loss":0.0,"gold_gain":0.0,"event_name":"Colosseum","player_choice":"Fought Nobs","floor":28.0,"gold_loss":0.0,"damage_taken":0.0},{"damage_healed":0.0,"max_hp_gain":0.0,"max_hp_loss":0.0,"gold_gain":0.0,"event_name":"SensoryStone","player_choice":"Memory 2","floor":38.0,"gold_loss":0.0,"damage_taken":5.0},{"damage_healed":0.0,"max_hp_gain":0.0,"max_hp_loss":0.0,"gold_gain":222.0,"event_name":"Tomb of Lord Red Mask","player_choice":"Wore Mask","floor":39.0,"gold_loss":0.0,"damage_taken":0.0},{"damage_healed":0.0,"max_hp_gain":0.0,"max_hp_loss":0.0,"gold_gain":0.0,"event_name":"MindBloom","player_choice":"Fight","floor":42.0,"gold_loss":0.0,"damage_taken":0.0},{"damage_healed":0.0,"max_hp_gain":0.0,"max_hp_loss":0.0,"gold_gain":0.0,"event_name":"The Woman in Blue","player_choice":"Bought 0 Potions","floor":45.0,"gold_loss":0.0,"damage_taken":0.0}],"is_beta":false,"boss_relics":[{"not_picked":["WristBlade","Sozu"],"picked":"Eternal Feather"},{"not_picked":["Fusion Hammer","Lizard Tail"],"picked":"Astrolabe"}],"items_purged_floors":[29,37,54],"is_endless":false,"potions_floor_spawned":[1,11,13,16,22,28,30,33,35,44,46,47],"ascension_level":20}