{"gold_per_floor":[16,16,16,36,86,86,105,120,120,139,139,139,152,177,177,177],"floor_reached":16,"playtime":450,"items_purged":[],"score":188,"play_id":"033da092-3b89-4bf1-984a-0a6eca0564f8","local_time":"20190722203505","is_ascension_mode":true,"campfire_choices":[{"data":"Escape Plan","floor":6,"key":"SMITH"},{"data":"Deadly Poison","floor":12,"key":"SMITH"},{"data":"Crippling Poison","floor":15,"key":"SMITH"}],"neow_cost":"NO_GOLD","seed_source_timestamp":355711101400724,"circlet_count":0,"master_deck":["AscendersBane","Strike_G","Strike_G","Strike_G","Strike_G","Strike_G","Defend_G","Defend_G","Defend_G","Defend_G","Defend_G","Survivor+1","Neutralize+1","Escape Plan+1","Deadly Poison+1","Well Laid Plans","Acrobatics","Decay","Crippling Poison+1"],"special_seed":0,"relics":["Ring of the Snake","Bird Faced Urn","Golden Idol","Pen Nib"],"potions_floor_usage":[10,16,16],"damage_taken":[{"damage":1.0,"enemies":"Small Slimes","floor":1.0,"turns":4.0},{"damage":0.0,"enemies":"Jaw Worm","floor":4.0,"turns":4.0},{"damage":0,"enemies":"Cultist","floor":7,"turns":4},{"damage":1,"enemies":"3 Louse","floor":8,"turns":5},{"damage":15,"enemies":"Gremlin Gang","floor":10,"turns":8},{"damage":0,"enemies":"Looter","floor":13,"turns":5},{"damage":18,"enemies":"Exordium Thugs","floor":14,"turns":5},{"damage":0,"enemies":"Slime Boss","floor":16,"turns":4}],"seed_played":"-377936384104787491","potions_obtained":[{"floor":7,"key":"GamblersBrew"},{"floor":13,"key":"Fire Potion"},{"floor":14,"key":"Energy Potion"}],"is_trial":false,"path_per_floor":["M","?","?","M","?","R","M","M","T","M","?","R","M","M","R","B"],"character_chosen":"THE_SILENT","items_purchased":[],"campfire_rested":0,"item_purchase_floors":[],"current_hp_per_floor":[58,58,40,40,34,34,34,33,33,20,20,20,22,6,6,8],"gold":177,"neow_bonus":"ONE_RARE_RELIC","is_prod":false,"is_daily":false,"chose_seed":false,"campfire_upgraded":3,"win_rate":0,"timestamp":1563798905,"path_taken":["M","?","?","M","?","R","M","M","T","?","?","R","?","M","R","BOSS"],"build_version":"2019-07-17","purchased_purges":0,"victory":false,"max_hp_per_floor":[66,60,60,60,60,60,60,60,60,60,60,60,60,60,60,60],"card_choices":[{"not_picked":["Dodge and Roll","Predator"],"picked":"Escape Plan","floor":1.0},{"not_picked":["Dodge and Roll","Distraction","Quick Slash"],"picked":"SKIP","floor":4.0},{"not_picked":["Accuracy","Sucker Punch"],"picked":"Deadly Poison","floor":7},{"not_picked":["Prepared","Dagger Throw"],"picked":"Well Laid Plans","floor":8},{"not_picked":["Dagger Throw","All Out Attack"],"picked":"Acrobatics","floor":10},{"not_picked":["Blade Dance","Slice"],"picked":"Crippling Poison","floor":13},{"not_picked":["Blur","Blade Dance","Concentrate"],"picked":"SKIP","floor":14}],"player_experience":2059088,"relics_obtained":[{"floor":9,"key":"Pen Nib"}],"event_choices":[{"damage_healed":0.0,"max_hp_gain":0.0,"max_hp_loss":6.0,"gold_gain":0.0,"event_name":"Golden Idol","player_choice":"Lose Max HP","floor":2.0,"gold_loss":0.0,"damage_taken":0.0,"relics_obtained":["Golden Idol"]},{"damage_healed":0.0,"max_hp_gain":0.0,"max_hp_loss":0.0,"gold_gain":0.0,"event_name":"Shining Light","player_choice":"Entered Light","floor":3.0,"gold_loss":0.0,"damage_taken":18.0,"cards_upgraded":["Neutralize","Survivor"]},{"damage_healed":0,"gold_gain":50,"player_choice":"Touch","damage_taken":6,"max_hp_gain":0,"max_hp_loss":0,"event_name":"FaceTrader","floor":5,"gold_loss":0},{"damage_healed":0,"gold_gain":0,"player_choice":"Cursed","damage_taken":0,"max_hp_gain":0,"max_hp_loss":0,"event_name":"Wheel of Change","floor":11,"gold_loss":0,"cards_obtained":["Decay"]}],"is_beta":false,"boss_relics":[],"items_purged_floors":[],"is_endless":false,"potions_floor_spawned":[7,13,14],"killed_by":"Slime Boss","ascension_level":20}