{"gold_per_floor":[111,111,61,136,152,152,182,182,182,182,198,208,55,68,68,68],"floor_reached":16,"playtime":374,"items_purged":["Strike_G"],"score":200,"play_id":"71029e18-a596-4875-a9bd-29337f01e732","local_time":"20190717174739","is_ascension_mode":true,"campfire_choices":[{"data":"Neutralize","floor":6,"key":"SMITH"},{"data":"Terror","floor":8,"key":"SMITH"},{"data":"Backflip","floor":10,"key":"SMITH"},{"data":"Crippling Poison","floor":15,"key":"SMITH"}],"neow_cost":"NONE","seed_source_timestamp":178804365889574,"circlet_count":0,"master_deck":["AscendersBane","Strike_G","Strike_G","Strike_G","Defend_G","Defend_G","Defend_G","Defend_G","Defend_G","Survivor","Neutralize+1","Acrobatics","Terror+1","Backflip+1","Dagger Spray","Footwork","Footwork","Crippling Poison+1"],"special_seed":0,"relics":["Ring of the Snake","NeowsBlessing","Letter Opener","Pantograph"],"potions_floor_usage":[],"damage_taken":[{"damage":0.0,"enemies":"2 Louse","floor":1.0,"turns":1.0},{"damage":0,"enemies":"Jaw Worm","floor":5,"turns":1},{"damage":0,"enemies":"3 Sentries","floor":7,"turns":2},{"damage":0,"enemies":"Small Slimes","floor":11,"turns":3},{"damage":0,"enemies":"Blue Slaver","floor":12,"turns":3},{"damage":0,"enemies":"Looter","floor":14,"turns":3},{"damage":47,"enemies":"Slime Boss","floor":16,"turns":14}],"seed_played":"5957830484623372543","potions_obtained":[{"floor":5,"key":"Ancient Potion"},{"floor":7,"key":"FearPotion"}],"is_trial":false,"path_per_floor":["M","?","?","?","M","R","E","R","T","R","M","M","$","M","R","B"],"character_chosen":"THE_SILENT","items_purchased":["Footwork"],"campfire_rested":0,"item_purchase_floors":[13],"current_hp_per_floor":[63,63,63,52,52,52,52,52,52,52,52,52,52,52,52,23],"gold":68,"neow_bonus":"THREE_ENEMY_KILL","is_prod":false,"is_daily":false,"chose_seed":false,"campfire_upgraded":4,"win_rate":0,"timestamp":1563353259,"path_taken":["M","?","?","?","M","R","E","R","T","R","M","M","$","M","R","BOSS"],"build_version":"2019-07-05","purchased_purges":1,"victory":false,"max_hp_per_floor":[70,70,70,70,70,70,70,70,70,70,70,70,70,70,70,70],"card_choices":[{"not_picked":["Dagger Spray","Deflect"],"picked":"Acrobatics","floor":1.0},{"not_picked":["Flechettes","All Out Attack"],"picked":"Terror","floor":5},{"not_picked":["Backstab","Underhanded Strike"],"picked":"Backflip","floor":7},{"not_picked":["Deflect","Reflex"],"picked":"Dagger Spray","floor":11},{"not_picked":["Sucker Punch","Terror"],"picked":"Footwork","floor":12},{"not_picked":["Bane","Underhanded Strike"],"picked":"Crippling Poison","floor":14}],"player_experience":241352,"relics_obtained":[{"floor":7,"key":"Letter Opener"},{"floor":9,"key":"Pantograph"}],"event_choices":[{"damage_healed":0,"gold_gain":0,"player_choice":"Fled","damage_taken":0,"max_hp_gain":0,"max_hp_loss":0,"event_name":"Scrap Ooze","floor":2,"gold_loss":0},{"cards_removed":["Strike_G"],"damage_healed":0,"gold_gain":0,"player_choice":"Card Removal","damage_taken":0,"max_hp_gain":0,"max_hp_loss":0,"event_name":"The Cleric","floor":3,"gold_loss":50},{"damage_healed":0,"gold_gain":75,"player_choice":"Gather Gold","damage_taken":11,"max_hp_gain":0,"max_hp_loss":0,"event_name":"World of Goop","floor":4,"gold_loss":0}],"is_beta":false,"boss_relics":[],"items_purged_floors":[13],"is_endless":false,"potions_floor_spawned":[5,7,12],"killed_by":"Slime Boss","ascension_level":12}