{"gold_per_floor":[115,125,145,320,331,347,358,51,76,93,93],"floor_reached":11,"playtime":476,"items_purged":["Doubt"],"score":69,"play_id":"4568dd1b-5a6c-445a-bbd0-5631e8f04c6c","local_time":"20190317004103","is_ascension_mode":false,"campfire_choices":[],"neow_cost":"NONE","seed_source_timestamp":336471658974280,"circlet_count":0,"master_deck":["Strike_B","Strike_B","Strike_B","Strike_B","Defend_B","Defend_B","Defend_B","Defend_B","Zap","Dualcast","Steam","Gash","Conserve Battery","Loop","Amplify","Loop","Redo"],"relics":["Cracked Core","Potion Belt","PreservedInsect"],"potions_floor_usage":[],"damage_taken":[{"damage":8,"enemies":"Jaw Worm","floor":1,"turns":3},{"damage":0,"enemies":"2 Louse","floor":2,"turns":3},{"damage":5,"enemies":"Small Slimes","floor":3,"turns":3},{"damage":17,"enemies":"Exordium Thugs","floor":5,"turns":5},{"damage":0,"enemies":"2 Fungi Beasts","floor":6,"turns":3},{"damage":9,"enemies":"Exordium Wildlife","floor":7,"turns":5},{"damage":15,"enemies":"Exordium Thugs","floor":10,"turns":6},{"damage":34,"enemies":"Gremlin Nob","floor":11,"turns":3}],"seed_played":"-951316434356908879","potions_obtained":[{"floor":2,"key":"SpeedPotion"},{"floor":5,"key":"Energy Potion"},{"floor":7,"key":"EssenceOfSteel"},{"floor":10,"key":"FearPotion"}],"is_trial":false,"path_per_floor":["M","M","M","?","M","M","M","$","T","M","E"],"character_chosen":"DEFECT","items_purchased":["PreservedInsect","Loop"],"campfire_rested":0,"item_purchase_floors":[8,8],"current_hp_per_floor":[67,67,62,62,45,45,36,36,36,21,0],"gold":93,"neow_bonus":"RANDOM_COMMON_RELIC","is_prod":false,"is_daily":false,"chose_seed":false,"campfire_upgraded":0,"win_rate":0,"timestamp":1552797663,"path_taken":["M","M","M","?","M","M","M","$","T","M","E"],"build_version":"2019-01-23","purchased_purges":1,"victory":false,"max_hp_per_floor":[75,75,75,75,75,75,75,75,75,75,75],"card_choices":[{"not_picked":["Beam Cell","Compile Driver"],"picked":"Steam","floor":1},{"not_picked":["Steam","Conserve Battery"],"picked":"Gash","floor":2},{"not_picked":["Hello World","Compile Driver","Rip and Tear"],"picked":"SKIP","floor":3},{"not_picked":["Barrage","Steam"],"picked":"Conserve Battery","floor":5},{"not_picked":["BootSequence","Barrage"],"picked":"Loop","floor":6},{"not_picked":["Ball Lightning","Undo"],"picked":"Amplify","floor":7},{"not_picked":["Blizzard","Hologram"],"picked":"Redo","floor":10}],"player_experience":732529,"relics_obtained":[],"event_choices":[{"damage_healed":0,"gold_gain":175,"player_choice":"AGREE","damage_taken":0,"max_hp_gain":0,"max_hp_loss":0,"event_name":"Liars Game","floor":4,"gold_loss":0,"cards_obtained":["Doubt"]}],"is_beta":false,"boss_relics":[],"items_purged_floors":[8],"is_endless":false,"potions_floor_spawned":[2,5,7,10],"killed_by":"Gremlin Nob","ascension_level":0}