{"gold_per_floor":[110,185,205,218,237,257,277,277,346,346,361,392,392,116,116,215,215,226,238,6,21,21,21,21,34,82,82],"floor_reached":27,"playtime":1837,"items_purged":["Strike_R"],"score":242,"play_id":"082bf5f7-7d3e-4e85-8bcc-8e34901e2983","local_time":"20190802121206","is_ascension_mode":false,"campfire_choices":[{"data":"Armaments","floor":8,"key":"SMITH"},{"data":"Anger","floor":10,"key":"SMITH"},{"data":"Anger","floor":15,"key":"SMITH"},{"floor":24,"key":"REST"}],"neow_cost":"NONE","seed_source_timestamp":39829499075093,"circlet_count":0,"master_deck":["Strike_R","Strike_R","Strike_R","Strike_R","Defend_R","Defend_R","Defend_R","Defend_R","Bash","Cleave","Iron Wave","Anger+1","Armaments+1","Anger+1","Anger+1","Cleave","Pommel Strike","Fire Breathing","Panache","Reaper","Anger","Armaments","Thinking Ahead","Iron Wave","RitualDagger"],"relics":["Burning Blood","NeowsBlessing","Dodecahedron","PreservedInsect","Anchor"],"potions_floor_usage":[19],"damage_taken":[{"damage":0,"enemies":"Jaw Worm","floor":1,"turns":1},{"damage":0,"enemies":"Small Slimes","floor":3,"turns":1},{"damage":0,"enemies":"2 Louse","floor":4,"turns":1},{"damage":15,"enemies":"Looter","floor":5,"turns":3},{"damage":3,"enemies":"3 Louse","floor":6,"turns":4},{"damage":4,"enemies":"Gremlin Gang","floor":7,"turns":3},{"damage":0,"enemies":"Lots of Slimes","floor":11,"turns":2},{"damage":10,"enemies":"3 Sentries","floor":12,"turns":6},{"damage":27,"enemies":"Slime Boss","floor":16,"turns":9},{"damage":27,"enemies":"Spheric Guardian","floor":18,"turns":4},{"damage":37,"enemies":"Shell Parasite","floor":19,"turns":6},{"damage":16,"enemies":"Chosen and Byrds","floor":21,"turns":6},{"damage":41,"enemies":"Sentry and Sphere","floor":25,"turns":6},{"damage":34,"enemies":"Book of Stabbing","floor":27,"turns":3}],"seed_played":"2146548759952215287","potions_obtained":[{"floor":4,"key":"Energy Potion"},{"floor":5,"key":"Weak Potion"},{"floor":6,"key":"Ancient Potion"},{"floor":18,"key":"BloodPotion"},{"floor":19,"key":"SkillPotion"}],"is_trial":false,"path_per_floor":["M","?","M","M","M","M","M","R","T","R","M","E","?","$","R","B",null,"M","M","$","M","?","?","R","M","T","E"],"character_chosen":"IRONCLAD","items_purchased":["Fire Breathing","Panache","Thinking Ahead","Iron Wave"],"campfire_rested":1,"item_purchase_floors":[14,14,20,20],"current_hp_per_floor":[80,69,75,80,71,74,76,76,76,76,80,76,76,76,76,55,80,59,52,52,42,42,36,60,25,25,0],"gold":82,"neow_bonus":"THREE_ENEMY_KILL","is_prod":false,"is_daily":false,"chose_seed":false,"campfire_upgraded":3,"win_rate":0.0,"timestamp":1564740726,"path_taken":["M","?","M","M","M","M","M","R","T","R","M","E","?","$","R","BOSS","M","M","$","M","?","?","R","M","T","E"],"build_version":"2019-07-17","purchased_purges":1,"victory":false,"max_hp_per_floor":[80,80,80,80,80,80,80,80,80,80,80,80,80,80,80,80,80,80,80,80,80,80,80,80,80,80,80],"card_choices":[{"not_picked":["Clothesline","Flex"],"picked":"Cleave","floor":1},{"not_picked":["Combust","Flex"],"picked":"Iron Wave","floor":3},{"not_picked":["Hemokinesis","Clothesline"],"picked":"Anger","floor":4},{"not_picked":["Dropkick","Shockwave"],"picked":"Armaments","floor":5},{"not_picked":["Sever Soul","Offering"],"picked":"Anger","floor":6},{"not_picked":["Flex","True Grit"],"picked":"Anger","floor":7},{"not_picked":["Ghostly Armor","Sever Soul"],"picked":"Cleave","floor":11},{"not_picked":["Armaments","Clash"],"picked":"Pommel Strike","floor":12},{"not_picked":["Dark Embrace","Berserk"],"picked":"Reaper","floor":16},{"not_picked":["Perfected Strike","Feel No Pain"],"picked":"Anger","floor":18},{"not_picked":["Disarm","True Grit"],"picked":"Armaments","floor":19},{"not_picked":["Power Through","True Grit","Warcry"],"picked":"SKIP","floor":21},{"not_picked":["Headbutt","True Grit","Perfected Strike"],"picked":"SKIP","floor":25}],"player_experience":9636,"relics_obtained":[{"floor":9,"key":"Dodecahedron"},{"floor":12,"key":"PreservedInsect"},{"floor":26,"key":"Anchor"}],"event_choices":[{"damage_healed":0,"gold_gain":75,"player_choice":"Gather Gold","damage_taken":11,"max_hp_gain":0,"max_hp_loss":0,"event_name":"World of Goop","floor":2,"gold_loss":0},{"damage_healed":0,"gold_gain":0,"player_choice":"Grow","damage_taken":0,"max_hp_gain":0,"max_hp_loss":0,"event_name":"Living Wall","floor":13,"gold_loss":0,"cards_upgraded":["Anger"]},{"damage_healed":0,"gold_gain":0,"player_choice":"Ignored","damage_taken":0,"max_hp_gain":0,"max_hp_loss":0,"event_name":"Vampires","floor":22,"gold_loss":0},{"damage_healed":0,"gold_gain":0,"player_choice":"Joined the Cult","damage_taken":6,"max_hp_gain":0,"max_hp_loss":0,"event_name":"Nest","floor":23,"gold_loss":0,"cards_obtained":["RitualDagger"]}],"is_beta":false,"boss_relics":[{"not_picked":["Cursed Key","Mark of Pain","Sozu"]}],"items_purged_floors":[14],"is_endless":false,"potions_floor_spawned":[4,5,6,11,16,18,19],"killed_by":"Book of Stabbing","ascension_level":0}