{"gold_per_floor":[112,129,57,71,91,91,111,111,111,140,140,155,155,173,173,173],"floor_reached":16,"playtime":875,"items_purged":[],"score":135,"play_id":"4c128945-d381-46fd-9162-2f04ea7eac47","local_time":"20190530001104","is_ascension_mode":true,"campfire_choices":[{"data":"Barricade","floor":6,"key":"SMITH"},{"data":"Shrug It Off","floor":8,"key":"SMITH"},{"data":"Body Slam","floor":13,"key":"SMITH"},{"floor":15,"key":"REST"}],"neow_cost":"TEN_PERCENT_HP_LOSS","seed_source_timestamp":309637105409633,"circlet_count":0,"master_deck":["Strike_R","Strike_R","Strike_R","Strike_R","Strike_R","Defend_R","Defend_R","Defend_R","Defend_R","Bash","Barricade+1","Inflame","Rage","Wild Strike","Perfected Strike","Shrug It Off+1","Body Slam+1","Wild Strike"],"relics":["Burning Blood","Vajra","Omamori"],"potions_floor_usage":[7,12,16,16],"damage_taken":[{"damage":6,"enemies":"Cultist","floor":1,"turns":4},{"damage":12,"enemies":"2 Louse","floor":2,"turns":4},{"damage":5,"enemies":"Jaw Worm","floor":4,"turns":3},{"damage":11,"enemies":"Blue Slaver","floor":5,"turns":4},{"damage":17,"enemies":"Gremlin Gang","floor":7,"turns":6},{"damage":21,"enemies":"Lagavulin","floor":10,"turns":5},{"damage":3,"enemies":"Exordium Wildlife","floor":12,"turns":6},{"damage":0,"enemies":"3 Louse","floor":14,"turns":3},{"damage":70,"enemies":"The Guardian","floor":16,"turns":10}],"seed_played":"8137608477399402968","potions_obtained":[{"floor":1,"key":"Fire Potion"},{"floor":2,"key":"Dexterity Potion"},{"floor":4,"key":"GamblersBrew"},{"floor":10,"key":"Swift Potion"}],"is_trial":false,"path_per_floor":["M","M","$","M","M","R","M","R","T","E","?","M","R","M","R","B"],"character_chosen":"IRONCLAD","items_purchased":["Rage"],"campfire_rested":1,"item_purchase_floors":[3],"current_hp_per_floor":[72,66,66,67,62,62,51,51,51,36,36,39,39,45,66,0],"gold":173,"neow_bonus":"THREE_RARE_CARDS","is_prod":false,"is_daily":false,"chose_seed":false,"campfire_upgraded":3,"win_rate":0,"timestamp":1559189464,"path_taken":["M","M","$","M","M","R","?","R","T","E","?","M","R","M","R","BOSS"],"build_version":"2019-01-23","purchased_purges":0,"victory":false,"max_hp_per_floor":[72,72,72,72,72,72,72,72,72,72,72,72,72,72,72,72],"card_choices":[{"not_picked":["Immolate","Demon Form"],"picked":"Barricade","floor":0},{"not_picked":["Searing Blow","Battle Trance","Carnage"],"picked":"SKIP","floor":1},{"not_picked":["Sword Boomerang","Pummel"],"picked":"Inflame","floor":2},{"not_picked":["Havoc","Twin Strike"],"picked":"Wild Strike","floor":4},{"not_picked":["Inflame","Twin Strike"],"picked":"Perfected Strike","floor":5},{"not_picked":["Warcry","Ghostly Armor"],"picked":"Shrug It Off","floor":7},{"not_picked":["Pommel Strike","Power Through"],"picked":"Body Slam","floor":10},{"not_picked":["Hemokinesis","Sever Soul"],"picked":"Wild Strike","floor":12},{"not_picked":["Havoc","Thunderclap","Cleave"],"picked":"SKIP","floor":14}],"player_experience":1038843,"relics_obtained":[{"floor":9,"key":"Vajra"},{"floor":10,"key":"Omamori"}],"event_choices":[{"damage_healed":0,"gold_gain":0,"player_choice":"Ignored","damage_taken":0,"max_hp_gain":0,"max_hp_loss":0,"event_name":"Shining Light","floor":11,"gold_loss":0}],"is_beta":false,"boss_relics":[],"items_purged_floors":[],"is_endless":false,"potions_floor_spawned":[1,2,4,10],"killed_by":"The Guardian","ascension_level":6}