{"gold_per_floor":[118,118,137,137,137,170,170,194,194,47,72,247,35,110,110,234,234,249,164,164,164,89,89,114,114,114,114,150,13,34,55,55,174,174,190,190,209,229,248,248,279,279,279,291,337,375,387,524,536,548],"floor_reached":50,"playtime":4054,"items_purged":["Regret","Writhe"],"score":798,"play_id":"cdece154-28f7-42ed-a40b-94734b11abeb","local_time":"20181121135005","is_ascension_mode":true,"campfire_choices":[{"floor":7.0,"key":"REST"},{"floor":15.0,"key":"REST"},{"data":"Accuracy","floor":23.0,"key":"SMITH"},{"data":"Concentrate","floor":25.0,"key":"SMITH"},{"data":"Blade Dance","floor":27.0,"key":"SMITH"},{"data":"Cloak And Dagger","floor":32.0,"key":"SMITH"},{"data":"Tools of the Trade","floor":40.0,"key":"SMITH"},{"data":"Reflex","floor":42.0,"key":"SMITH"},{"data":"Neutralize","floor":44.0,"key":"SMITH"},{"floor":49.0,"key":"REST"}],"neow_cost":"TEN_PERCENT_HP_LOSS","seed_source_timestamp":0,"circlet_count":0,"master_deck":["Defend_G","Defend_G","Defend_G","Strike_G","Strike_G","Strike_G","Strike_G","Survivor","Neutralize+1","All Out Attack","Concentrate+1","Blade Dance+1","Skewer+1","Underhanded Strike+1","Accuracy+1","Endless Agony+1","Tools of the Trade+1","Cloak And Dagger+1","Flying Knee+1","Corpse Explosion","Reflex+1","Dagger Spray+1","Riddle With Holes+1","Dash+1","Underhanded Strike+1","After Image","Caltrops+1","Dagger Spray+1","Masterful Stab+1","Parasite","Crippling Poison+1","Decay","Caltrops","Clumsy","Madness","Madness","Noxious Fumes"],"special_seed":0,"relics":["Ring of the Snake","Golden Idol","FossilizedHelix","Molten Egg 2","Ice Cream","Torii","Cursed Key","Singing Bowl","Letter Opener","MutagenicStrength","Paper Crane","Pen Nib","Empty Cage","Centennial Puzzle","MawBank","Peace Pipe","Vajra","StoneCalendar"],"potions_floor_usage":[50],"damage_taken":[{"damage":0.0,"enemies":"Cultist","floor":1.0,"turns":3.0},{"damage":3.0,"enemies":"Jaw Worm","floor":3.0,"turns":3.0},{"damage":50.0,"enemies":"Lagavulin","floor":6.0,"turns":8.0},{"damage":3.0,"enemies":"Small Slimes","floor":8.0,"turns":2.0},{"damage":0.0,"enemies":"Blue Slaver","floor":11.0,"turns":2.0},{"damage":0.0,"enemies":"Gremlin Nob","floor":14.0,"turns":4.0},{"damage":15.0,"enemies":"Hexaghost","floor":16.0,"turns":9.0},{"damage":0.0,"enemies":"Chosen","floor":18.0,"turns":5.0},{"damage":0.0,"enemies":"3 Byrds","floor":24.0,"turns":3.0},{"damage":0.0,"enemies":"Gremlin Leader","floor":28.0,"turns":4.0},{"damage":2.0,"enemies":"Snake Plant","floor":30.0,"turns":3.0},{"damage":0.0,"enemies":"Centurion and Healer","floor":31.0,"turns":2.0},{"damage":19.0,"enemies":"Champ","floor":33.0,"turns":9.0},{"damage":0.0,"enemies":"3 Darklings","floor":35.0,"turns":3.0},{"damage":5.0,"enemies":"3 Shapes","floor":37.0,"turns":2.0},{"damage":0.0,"enemies":"Jaw Worm Horde","floor":38.0,"turns":2.0},{"damage":0.0,"enemies":"Writhing Mass","floor":39.0,"turns":5.0},{"damage":7.0,"enemies":"Reptomancer","floor":41.0,"turns":4.0},{"damage":5.0,"enemies":"Nemesis","floor":45.0,"turns":5.0},{"damage":0.0,"enemies":"Mind Bloom Boss Battle","floor":48.0,"turns":5.0},{"damage":60,"enemies":"Time Eater","floor":50,"turns":7}],"seed_played":"-7463358636995327880","potions_obtained":[{"floor":3.0,"key":"EssenceOfSteel"},{"floor":8.0,"key":"SpeedPotion"},{"floor":16.0,"key":"SpeedPotion"},{"floor":18.0,"key":"Strength Potion"},{"floor":28.0,"key":"AttackPotion"},{"floor":38.0,"key":"GhostInAJar"},{"floor":39.0,"key":"Swift Potion"},{"floor":41.0,"key":"FearPotion"}],"is_trial":false,"path_per_floor":["M","$","M","?","?","E","R","M","T","$","M","?","$","?","R","B",null,"M","?","?","?","?","R","M","R","T","R","E","$","M","M","R","B",null,"M","?","M","M","M","R","E","R","T","R","E","T","?","?","R","B"],"character_chosen":"THE_SILENT","items_purchased":["Accuracy","Tools of the Trade","Cloak And Dagger","Riddle With Holes+1"],"campfire_rested":3,"item_purchase_floors":[10,13,13,29],"current_hp_per_floor":[63,63,60,58,58,8,25,22,22,22,22,22,22,22,39,24,58,58,58,58,58,58,58,60,60,60,60,60,60,58,58,58,39,60,60,60,55,55,57,57,50,50,50,50,45,45,37,37,55,0],"gold":548,"neow_bonus":"TRANSFORM_TWO_CARDS","is_prod":false,"is_daily":false,"chose_seed":false,"campfire_upgraded":7,"win_rate":0,"timestamp":1542826205,"path_taken":["M","?","M","?","?","E","R","M","T","?","?","?","$","?","R","BOSS","M","?","?","?","?","R","M","R","T","R","E","?","M","M","R","BOSS","M","?","?","?","M","R","E","R","T","R","E","?","?","?","R","BOSS"],"build_version":"2018-11-15","purchased_purges":2,"victory":false,"max_hp_per_floor":[63,63,63,58,58,58,58,58,58,58,58,58,58,58,58,58,58,58,58,58,58,58,58,60,60,60,60,60,60,60,60,60,60,60,60,60,60,60,62,62,62,62,62,62,62,62,62,62,62,62],"card_choices":[{"not_picked":["Bane","PiercingWail"],"picked":"Blade Dance","floor":1.0},{"not_picked":["Bouncing Flask","Quick Slash"],"picked":"Flechettes","floor":3.0},{"not_picked":["Slice","Quick Slash"],"picked":"Skewer","floor":6.0},{"not_picked":["Poisoned Stab+1","PiercingWail"],"picked":"Underhanded Strike+1","floor":8.0},{"not_picked":["All Out Attack+1","Sucker Punch+1"],"picked":"Endless Agony+1","floor":11.0},{"not_picked":["Masterful Stab+1","Outmaneuver"],"picked":"Flying Knee+1","floor":14.0},{"not_picked":["Die Die Die+1","Venomology"],"picked":"Corpse Explosion","floor":16.0},{"not_picked":["Flying Knee+1","Dagger Throw+1"],"picked":"Reflex","floor":18.0},{"not_picked":["Slice+1","Backflip","Dagger Spray+1"],"picked":"Singing Bowl","floor":24.0},{"not_picked":["Reflex+1","Sucker Punch+1"],"picked":"Dagger Spray+1","floor":28.0},{"not_picked":["Escape Plan","Finisher+1"],"picked":"Dash+1","floor":30.0},{"not_picked":["PiercingWail","Acrobatics+1"],"picked":"Underhanded Strike+1","floor":31.0},{"not_picked":["Grand Finale+1","Wraith Form v2"],"picked":"After Image","floor":33.0},{"not_picked":["Expertise","Deadly Poison+1"],"picked":"Caltrops+1","floor":35.0},{"not_picked":["Acrobatics+1","Slice+1"],"picked":"Dagger Spray+1","floor":37.0},{"not_picked":["Acrobatics+1","Poisoned Stab+1"],"picked":"Masterful Stab+1","floor":38.0},{"not_picked":["Poisoned Stab+1","Sucker Punch+1","Deflect"],"picked":"Singing Bowl","floor":39.0},{"not_picked":["Outmaneuver+1","Bane+1"],"picked":"Crippling Poison+1","floor":41.0},{"not_picked":["Die Die Die+1","Outmaneuver"],"picked":"Caltrops","floor":45.0},{"not_picked":["Prepared","Catalyst+1"],"picked":"Noxious Fumes","floor":48.0}],"player_experience":326208,"relics_obtained":[{"floor":6.0,"key":"Molten Egg 2"},{"floor":9.0,"key":"Ice Cream"},{"floor":14.0,"key":"Torii"},{"floor":26.0,"key":"Paper Crane"},{"floor":28.0,"key":"Pen Nib"},{"floor":41.0,"key":"Centennial Puzzle"},{"floor":43.0,"key":"MawBank"},{"floor":45.0,"key":"Peace Pipe"},{"floor":46.0,"key":"Vajra"},{"floor":48.0,"key":"StoneCalendar"}],"event_choices":[{"damage_healed":0.0,"max_hp_gain":0.0,"max_hp_loss":5.0,"gold_gain":0.0,"event_name":"Golden Idol","player_choice":"Lose Max HP","floor":4.0,"gold_loss":0.0,"damage_taken":0.0,"relics_obtained":["Golden Idol"]},{"damage_healed":0.0,"max_hp_gain":0.0,"max_hp_loss":0.0,"gold_gain":0.0,"event_name":"Big Fish","player_choice":"Box","floor":5.0,"gold_loss":0.0,"damage_taken":0.0,"relics_obtained":["FossilizedHelix"],"cards_obtained":["Regret"]},{"damage_healed":0.0,"max_hp_gain":0.0,"max_hp_loss":0.0,"gold_gain":175.0,"event_name":"Liars Game","player_choice":"AGREE","floor":12.0,"gold_loss":0.0,"damage_taken":0.0,"cards_obtained":["Doubt"]},{"damage_healed":0.0,"max_hp_gain":0.0,"max_hp_loss":0.0,"gold_gain":0.0,"event_name":"Dead Adventurer","player_choice":"Searched \u00272\u0027 times","floor":14.0,"gold_loss":0.0,"damage_taken":0.0},{"damage_healed":0.0,"max_hp_gain":0.0,"max_hp_loss":0.0,"gold_gain":0.0,"event_name":"Addict","player_choice":"Obtained Relic","floor":19.0,"gold_loss":85.0,"damage_taken":0.0,"relics_obtained":["Singing Bowl"]},{"damage_healed":0.0,"max_hp_gain":0.0,"max_hp_loss":0.0,"gold_gain":0.0,"event_name":"The Mausoleum","player_choice":"Opened","floor":20.0,"gold_loss":0.0,"damage_taken":0.0,"relics_obtained":["Letter Opener"],"cards_obtained":["Writhe"]},{"damage_healed":0.0,"max_hp_gain":0.0,"max_hp_loss":0.0,"gold_gain":0.0,"event_name":"Drug Dealer","player_choice":"Inject Mutagens","floor":21.0,"gold_loss":0.0,"damage_taken":0.0,"relics_obtained":["MutagenicStrength"]},{"cards_removed":["Doubt"],"damage_healed":0.0,"max_hp_gain":0.0,"max_hp_loss":0.0,"gold_gain":0.0,"event_name":"Beggar","player_choice":"Gave Gold","floor":22.0,"gold_loss":75.0,"damage_taken":0.0},{"cards_removed":["Strike_G"],"damage_healed":0.0,"max_hp_gain":0.0,"max_hp_loss":0.0,"gold_gain":0.0,"event_name":"Wheel of Change","player_choice":"Card Removal","floor":36.0,"gold_loss":0.0,"damage_taken":0.0},{"damage_healed":0.0,"max_hp_gain":0.0,"max_hp_loss":0.0,"gold_gain":0.0,"event_name":"Winding Halls","player_choice":"Embrace Madness","floor":47.0,"gold_loss":0.0,"damage_taken":8.0,"cards_obtained":["Madness","Madness"]},{"damage_healed":0.0,"max_hp_gain":0.0,"max_hp_loss":0.0,"gold_gain":0.0,"event_name":"MindBloom","player_choice":"Fight","floor":48.0,"gold_loss":0.0,"damage_taken":0.0}],"is_beta":false,"boss_relics":[{"not_picked":["Astrolabe","Orrery"],"picked":"Cursed Key"},{"not_picked":["Ring of the Serpent","Tiny House"],"picked":"Empty Cage"}],"items_purged_floors":[10,29],"is_endless":false,"potions_floor_spawned":[3,8,16,18,28,38,39,41],"killed_by":"Time Eater","ascension_level":1}