{"gold_per_floor":[119,135,150,150,166,166,185,185,260,273,79,79,179,192,192,289,289,304,304,322,109,109,109,0,0,0,14,14,30,30,30,30,30],"floor_reached":33,"playtime":2649,"items_purged":["Defend_R","Demon Form"],"score":262,"play_id":"712cc1b7-428c-41ab-8ccb-edfd20d66913","local_time":"20190802112329","is_ascension_mode":false,"campfire_choices":[{"data":"Anger","floor":6,"key":"SMITH"},{"data":"Armaments","floor":8,"key":"SMITH"},{"data":"Anger","floor":15,"key":"SMITH"},{"floor":23,"key":"REST"},{"floor":28,"key":"REST"},{"data":"Rage","floor":32,"key":"SMITH"}],"neow_cost":"NONE","seed_source_timestamp":36099862885355,"circlet_count":0,"master_deck":["Defend_R","Defend_R","Defend_R","Bash","Trip","Inflame","Iron Wave","Bloodletting","Anger+1","Armaments+1","Anger+1","Finesse","Blood for Blood","Twin Strike","Offering","Sword Boomerang","Battle Trance","Rage+1","Battle Trance","Seeing Red","Whirlwind+1","Ghostly Armor","Battle Trance","Shrug It Off","Offering","Bite","Bite","Bite","Bite","Bite"],"relics":["Burning Blood","Self Forming Clay","Orrery","MutagenicStrength","Nilry\u0027s Codex","Bottled Lightning"],"potions_floor_usage":[],"damage_taken":[{"damage":2,"enemies":"2 Louse","floor":1,"turns":3},{"damage":6,"enemies":"Cultist","floor":2,"turns":3},{"damage":7,"enemies":"Small Slimes","floor":3,"turns":3},{"damage":0,"enemies":"Looter","floor":5,"turns":4},{"damage":10,"enemies":"3 Louse","floor":7,"turns":3},{"damage":9,"enemies":"2 Fungi Beasts","floor":10,"turns":4},{"damage":0,"enemies":"Large Slime","floor":14,"turns":5},{"damage":36,"enemies":"Slime Boss","floor":16,"turns":7},{"damage":10,"enemies":"Chosen","floor":18,"turns":5},{"damage":23,"enemies":"2 Thieves","floor":20,"turns":4},{"damage":3,"enemies":"Centurion and Healer","floor":27,"turns":3},{"damage":34,"enemies":"Snecko","floor":29,"turns":5},{"damage":69,"enemies":"Automaton","floor":33,"turns":6}],"seed_played":"2807577280457344757","potions_obtained":[{"floor":1,"key":"Weak Potion"},{"floor":4,"key":"EntropicBrew"},{"floor":4,"key":"BloodPotion"}],"is_trial":false,"path_per_floor":["M","M","M","?","M","R","M","R","T","M","$","?","?","M","R","B",null,"M","?","M","$","?","R","?","?","T","M","R","M","$","?","R","B"],"character_chosen":"IRONCLAD","items_purchased":["Finesse","Blood for Blood","Ghostly Armor","Battle Trance"],"campfire_rested":2,"item_purchase_floors":[11,11,21,21],"current_hp_per_floor":[80,80,79,79,80,80,76,76,76,73,73,66,66,72,72,42,80,76,76,59,59,43,67,67,52,52,55,80,52,52,52,52,0],"gold":30,"neow_bonus":"RANDOM_COLORLESS","is_prod":false,"is_daily":false,"chose_seed":false,"campfire_upgraded":4,"win_rate":0.0,"timestamp":1564737809,"path_taken":["M","M","M","?","?","R","M","R","T","M","?","?","?","M","R","BOSS","M","?","M","$","?","R","?","?","T","M","R","M","$","?","R","BOSS"],"build_version":"2019-07-17","purchased_purges":2,"victory":false,"max_hp_per_floor":[80,80,80,80,80,80,80,80,80,80,80,80,80,80,80,80,80,80,80,80,80,80,80,80,85,85,85,85,85,85,59,59,59],"card_choices":[{"not_picked":["Heavy Blade","Body Slam"],"picked":"Inflame","floor":1},{"not_picked":["Disarm","Intimidate"],"picked":"Iron Wave","floor":2},{"not_picked":["Intimidate","Perfected Strike"],"picked":"Bloodletting","floor":3},{"not_picked":["Spot Weakness","Iron Wave"],"picked":"Anger","floor":5},{"not_picked":["Power Through","Shrug It Off"],"picked":"Armaments","floor":7},{"not_picked":["Cleave","True Grit"],"picked":"Anger","floor":10},{"not_picked":["Second Wind","Corruption"],"picked":"Twin Strike","floor":14},{"not_picked":["Limit Break","Dark Embrace"],"picked":"Offering","floor":16},{"not_picked":["Rupture","Cleave"],"picked":"Sword Boomerang","floor":17},{"not_picked":["Shrug It Off","Disarm"],"picked":"Battle Trance","floor":17},{"not_picked":["Thunderclap","Headbutt"],"picked":"Rage","floor":17},{"not_picked":["Infernal Blade","Armaments"],"picked":"Battle Trance","floor":17},{"not_picked":["Clash","Body Slam"],"picked":"Demon Form","floor":17},{"not_picked":["Iron Wave","Shrug It Off"],"picked":"Seeing Red","floor":18},{"not_picked":["Clash+1","Clothesline"],"picked":"Whirlwind+1","floor":20},{"not_picked":["Warcry","Second Wind"],"picked":"Shrug It Off","floor":27},{"not_picked":["Clothesline","Shrug It Off"],"picked":"Offering","floor":29}],"player_experience":6232,"relics_obtained":[{"floor":9,"key":"Self Forming Clay"},{"floor":22,"key":"Nilry\u0027s Codex"},{"floor":26,"key":"Bottled Lightning"}],"event_choices":[{"damage_healed":0,"gold_gain":0,"player_choice":"Got Potions","damage_taken":0,"max_hp_gain":0,"max_hp_loss":0,"event_name":"Lab","floor":4,"gold_loss":0},{"cards_removed":["Strike_R"],"damage_healed":0,"gold_gain":0,"player_choice":"Card Removal","damage_taken":7,"max_hp_gain":0,"max_hp_loss":0,"event_name":"Golden Wing","floor":12,"gold_loss":0},{"damage_healed":0,"gold_gain":100,"player_choice":"Gold","damage_taken":0,"max_hp_gain":0,"max_hp_loss":0,"event_name":"Wheel of Change","floor":13,"gold_loss":0},{"damage_healed":0,"gold_gain":0,"player_choice":"Inject Mutagens","damage_taken":0,"relics_obtained":["MutagenicStrength"],"max_hp_gain":0,"max_hp_loss":0,"event_name":"Drug Dealer","floor":19,"gold_loss":0},{"damage_healed":0,"gold_gain":0,"player_choice":"Obtained Book","damage_taken":16,"max_hp_gain":0,"max_hp_loss":0,"event_name":"Cursed Tome","floor":22,"gold_loss":0},{"damage_healed":0,"gold_gain":0,"player_choice":"Paid Fearfully","damage_taken":0,"max_hp_gain":0,"max_hp_loss":0,"event_name":"Masked Bandits","floor":24,"gold_loss":109},{"damage_healed":0,"gold_gain":0,"player_choice":"Shed Blood","damage_taken":20,"max_hp_gain":5,"max_hp_loss":0,"event_name":"Forgotten Altar","floor":25,"gold_loss":0},{"damage_healed":0,"gold_gain":0,"player_choice":"Became a vampire","damage_taken":0,"max_hp_gain":0,"max_hp_loss":26,"event_name":"Vampires","floor":31,"gold_loss":0,"cards_obtained":["Bite","Bite","Bite","Bite","Bite"]}],"is_beta":false,"boss_relics":[{"not_picked":["Snecko Eye","Lizard Tail"],"picked":"Orrery"}],"items_purged_floors":[11,21],"is_endless":false,"potions_floor_spawned":[1,10,14,29],"killed_by":"Automaton","ascension_level":0}