{"gold_per_floor":[362,289,306,73,91,91,120,120,120,139,163,220,220,255,255,350,350,370,383,383,395,193,193,225,225,225,259,259],"floor_reached":28,"playtime":2282,"items_purged":["Strike_G","Strike_G"],"score":393,"play_id":"ed8fdce8-ed6c-4a1d-a98e-68742d07efe0","local_time":"20180723013703","is_ascension_mode":true,"campfire_choices":[{"data":"Footwork","floor":6,"key":"SMITH"},{"data":"Neutralize","floor":8,"key":"SMITH"},{"data":"Caltrops","floor":15,"key":"SMITH"},{"floor":23,"key":"REST"},{"floor":25,"key":"REST"}],"neow_cost":"FIFTY_PERCENT_DAMAGE","seed_source_timestamp":124114078459588,"circlet_count":0,"master_deck":["Defend_G","Defend_G+1","Defend_G","Defend_G","Defend_G","Strike_G","Strike_G","Strike_G","Survivor","Neutralize+1","Deflect","Well Laid Plans","Dagger Throw","Adrenaline","Footwork+1","Deflect","Flying Knee","Well Laid Plans","Caltrops+1","Glass Knife","Deadly Poison+1","Terror","Prepared+1","Noxious Fumes","Dodge and Roll","Dodge and Roll+1","Backflip"],"relics":["Ring of the Snake","Pear","Omamori","Odd Mushroom","Matryoshka","Anchor","WristBlade","War Paint","Bronze Scales","Blue Candle","Mercury Hourglass"],"potions_floor_usage":[7,11,12,12,12,16,16,24,24],"damage_taken":[{"damage":0,"enemies":"Small Slimes","floor":1,"turns":3},{"damage":2,"enemies":"2 Louse","floor":3,"turns":3},{"damage":0,"enemies":"Cultist","floor":5,"turns":4},{"damage":13,"enemies":"Lagavulin","floor":7,"turns":15},{"damage":3,"enemies":"Blue Slaver","floor":10,"turns":5},{"damage":6,"floor":11,"turns":4},{"damage":12,"enemies":"Gremlin Nob","floor":12,"turns":5},{"damage":12,"enemies":"Gremlin Nob","floor":14,"turns":5},{"damage":0,"enemies":"Hexaghost","floor":16,"turns":12},{"damage":19,"enemies":"Chosen","floor":18,"turns":7},{"damage":6,"enemies":"2 Thieves","floor":19,"turns":5},{"damage":33,"enemies":"Snecko","floor":21,"turns":5},{"damage":18,"enemies":"Slavers","floor":24,"turns":6},{"damage":6,"enemies":"Book of Stabbing","floor":27,"turns":6},{"damage":32,"enemies":"Cultist and Chosen","floor":28,"turns":4}],"seed_played":"-8075320421857658400","potions_obtained":[{"floor":3,"key":"FearPotion"},{"floor":5,"key":"EntropicBrew"},{"floor":7,"key":"Strength Potion"},{"floor":14,"key":"AttackPotion"},{"floor":19,"key":"GamblersBrew"},{"floor":21,"key":"Swift Potion"}],"is_trial":false,"path_per_floor":["M","$","M","$","M","R","E","R","T","M","?","?","?","E","R","B",null,"M","M","$","M","$","R","E","R","T","E"],"character_chosen":"THE_SILENT","items_purchased":["Well Laid Plans","Adrenaline","Footwork","Noxious Fumes","Dodge and Roll"],"campfire_rested":2,"item_purchase_floors":[2,4,4,22,22],"current_hp_per_floor":[35,35,33,33,33,33,30,30,30,27,21,9,35,23,23,23,66,47,41,41,8,8,32,14,38,38,32,0],"gold":259,"neow_bonus":"TWO_FIFTY_GOLD","is_prod":false,"is_daily":false,"chose_seed":false,"campfire_upgraded":3,"win_rate":0,"timestamp":1532324223,"path_taken":["M","$","M","$","M","R","E","R","T","M","?","?","?","E","R","BOSS","M","M","$","M","$","R","E","R","T","E","M"],"build_version":"2018-07-19v2","purchased_purges":2,"victory":false,"max_hp_per_floor":[70,70,70,70,70,70,80,80,80,80,80,80,80,80,80,80,80,80,80,80,80,80,80,80,80,80,80,80],"card_choices":[{"not_picked":["Deadly Poison","Sucker Punch"],"picked":"Deflect","floor":1},{"not_picked":["Eviscerate","Deadly Poison"],"picked":"Dagger Throw","floor":3},{"not_picked":["Poisoned Stab","Sucker Punch"],"picked":"Deflect","floor":5},{"not_picked":["Blade Dance","Sucker Punch"],"picked":"Flying Knee","floor":7},{"not_picked":["Outmaneuver","Quick Slash","Phantasmal Killer"],"picked":"SKIP","floor":10},{"not_picked":["Dagger Spray","Crippling Poison"],"picked":"Well Laid Plans","floor":11},{"not_picked":["Poisoned Stab","Dodge and Roll"],"picked":"Caltrops","floor":14},{"not_picked":["Envenom","Corpse Explosion"],"picked":"Glass Knife","floor":16},{"not_picked":["Underhanded Strike","Outmaneuver"],"picked":"Deadly Poison","floor":18},{"not_picked":["Expertise","Dagger Throw"],"picked":"Terror","floor":19},{"not_picked":["Dodge and Roll","Acrobatics"],"picked":"Prepared+1","floor":21},{"not_picked":["Expertise","Quick Slash"],"picked":"Dodge and Roll+1","floor":24},{"not_picked":["Well Laid Plans","Sucker Punch"],"picked":"Backflip","floor":27}],"player_experience":253045,"relics_obtained":[{"floor":7,"key":"Pear"},{"floor":9,"key":"Omamori"},{"floor":11,"key":"Odd Mushroom"},{"floor":12,"key":"Matryoshka"},{"floor":14,"key":"Anchor"},{"floor":24,"key":"War Paint"},{"floor":26,"key":"Bronze Scales"},{"floor":26,"key":"Blue Candle"},{"floor":27,"key":"Mercury Hourglass"}],"event_choices":[{"event_name":"Mushrooms","player_choice":"Fought Mushrooms","floor":11,"damage_taken":0},{"event_name":"Dead Adventurer","player_choice":"Searched \u00272\u0027 times","floor":12,"damage_taken":0},{"event_name":"Big Fish","player_choice":"Banana","floor":13,"damage_taken":0}],"is_beta":false,"boss_relics":[{"not_picked":["White Beast Statue","Snecko Eye"],"picked":"WristBlade"}],"items_purged_floors":[4,22],"is_endless":false,"potions_floor_spawned":[3,5,7,14,19,21],"killed_by":"Cultist and Chosen","ascension_level":5}