{"gold_per_floor":[112,112,3,20,0,32,32,57,57,57,85,85,114,126,126,227,227,242,258,357,53,53,83,83,113,113,133,53,71,71,88,88,188,188,200,219,230,247,247,280,280,293,361,371,87,87,0,20,20,20,20,20,20,48,48],"floor_reached":56,"playtime":3659,"items_purged":["Strike_G","Injury"],"score":1399,"play_id":"f072c835-3307-4acc-bc86-d8177b5f7029","local_time":"20190806104545","is_ascension_mode":true,"campfire_choices":[{"floor":7.0,"key":"RECALL"},{"data":"Neutralize","floor":12.0,"key":"SMITH"},{"floor":15.0,"key":"REST"},{"data":"Footwork","floor":30,"key":"SMITH"},{"data":"Leg Sweep","floor":32,"key":"SMITH"},{"data":"Noxious Fumes","floor":41,"key":"SMITH"},{"data":"Leg Sweep","floor":46,"key":"SMITH"},{"data":"PiercingWail","floor":49,"key":"SMITH"},{"data":"PiercingWail","floor":52,"key":"SMITH"}],"neow_cost":"NONE","seed_source_timestamp":0,"circlet_count":0,"master_deck":["Strike_G","Strike_G","Defend_G","Defend_G","Defend_G","Defend_G","Defend_G","Survivor","Neutralize+1","Corpse Explosion","PiercingWail+1","Dash","Deadly Poison","Leg Sweep+1","Crippling Poison","Bouncing Flask","Adrenaline","Outmaneuver","Adrenaline","Caltrops","Bane","Necronomicurse","Escape Plan+1","Footwork+1","Noxious Fumes+1","Burst","PiercingWail+1","PiercingWail+1","After Image","Noxious Fumes","Blur","Leg Sweep+1","Deadly Poison+1"],"special_seed":0,"relics":["Ring of the Snake","The Specimen","Kunai","Mango","FossilizedHelix","Paper Crane","Dead Branch","Sozu","Ice Cream","Necronomicon","Ancient Tea Set","Blood Vial","Bottled Tornado","Cursed Key","Centennial Puzzle","Singing Bowl","Happy Flower","Red Mask","Ornamental Fan"],"potions_floor_usage":[55,55],"damage_taken":[{"damage":10.0,"enemies":"Small Slimes","floor":1.0,"turns":3.0},{"damage":0.0,"enemies":"Cultist","floor":4.0,"turns":4.0},{"damage":13.0,"enemies":"3 Sentries","floor":6.0,"turns":4.0},{"damage":18.0,"enemies":"Lagavulin","floor":8.0,"turns":8.0},{"damage":16.0,"enemies":"Gremlin Nob","floor":11.0,"turns":6.0},{"damage":2.0,"enemies":"Lagavulin","floor":13.0,"turns":6.0},{"damage":0.0,"enemies":"2 Louse","floor":14.0,"turns":2.0},{"damage":18.0,"enemies":"Hexaghost","floor":16.0,"turns":9.0},{"damage":0.0,"enemies":"Spheric Guardian","floor":18.0,"turns":3.0},{"damage":0.0,"enemies":"Chosen","floor":19.0,"turns":5.0},{"damage":0,"enemies":"Gremlin Leader","floor":23,"turns":4},{"damage":0,"enemies":"Slavers","floor":25,"turns":2},{"damage":0,"enemies":"Centurion and Healer","floor":27,"turns":5},{"damage":0,"enemies":"Shelled Parasite and Fungi","floor":29,"turns":4},{"damage":0,"enemies":"Snecko","floor":31,"turns":5},{"damage":54,"enemies":"Collector","floor":33,"turns":11},{"damage":0,"enemies":"3 Shapes","floor":35,"turns":3},{"damage":0,"enemies":"Orb Walker","floor":36,"turns":4},{"damage":0,"enemies":"Sphere and 2 Shapes","floor":37,"turns":4},{"damage":0,"enemies":"Transient","floor":38,"turns":5},{"damage":13,"enemies":"Reptomancer","floor":40,"turns":6},{"damage":0,"enemies":"Maw","floor":42,"turns":8},{"damage":10,"enemies":"3 Darklings","floor":44,"turns":3},{"damage":0,"enemies":"Transient","floor":48,"turns":5},{"damage":0,"enemies":"Awakened One","floor":50,"turns":10},{"damage":0,"enemies":"Shield and Spear","floor":54,"turns":6},{"damage":28,"enemies":"The Heart","floor":55,"turns":10}],"seed_played":"1250158601551015953","potions_obtained":[{"floor":1.0,"key":"Dexterity Potion"},{"floor":8.0,"key":"Strength Potion"},{"floor":16.0,"key":"PowerPotion"}],"is_trial":false,"path_per_floor":["M","?","$","M","?","E","R","E","T","T","E","R","E","M","R","B",null,"M","M","?","$","?","E","?","E","T","M","$","M","R","M","R","B",null,"M","M","M","M","?","E","R","M","T","M","$","R","?","M","R","B",null,"R","$","E","B",null],"character_chosen":"THE_SILENT","items_purchased":["Dash","Ice Cream","Footwork","Leg Sweep","Happy Flower"],"campfire_rested":1,"item_purchase_floors":[3,21,28,45,45],"current_hp_per_floor":[60,60,60,60,60,47,47,43,43,43,27,27,25,25,50,32,84,84,84,84,84,68,68,68,68,68,70,70,72,72,74,74,22,84,84,84,84,84,84,71,71,73,73,65,65,65,65,67,67,69,84,84,84,86,58],"gold":48,"neow_bonus":"ONE_RANDOM_RARE_CARD","is_prod":false,"is_daily":false,"chose_seed":false,"campfire_upgraded":7,"win_rate":0,"timestamp":1565081145,"path_taken":["M","?","$","?","?","E","R","E","T","?","E","R","E","M","R","BOSS","M","?","?","$","?","E","?","E","T","M","$","M","R","?","R","BOSS","M","M","M","?","?","E","R","M","T","M","$","R","?","M","R","BOSS","R","$","E","BOSS"],"build_version":"2019-07-17","purchased_purges":2,"victory":true,"max_hp_per_floor":[70,70,70,70,70,70,70,84,84,84,84,84,84,84,84,84,84,84,84,84,84,84,84,84,84,84,84,84,84,84,84,84,84,84,84,84,84,84,84,84,84,84,84,84,84,84,84,84,84,84,84,84,84,86,86],"card_choices":[{"not_picked":["Blade Dance","Dodge and Roll"],"picked":"PiercingWail","floor":1.0},{"not_picked":["Distraction","Endless Agony"],"picked":"Deadly Poison","floor":4.0},{"not_picked":["Cloak And Dagger","Blade Dance"],"picked":"Leg Sweep","floor":6.0},{"not_picked":["Grand Finale","Distraction"],"picked":"Crippling Poison","floor":8.0},{"not_picked":["Deflect","Riddle With Holes"],"picked":"Bouncing Flask","floor":11.0},{"not_picked":["Bane","Storm of Steel"],"picked":"Adrenaline","floor":13.0},{"not_picked":["Bouncing Flask","Finisher"],"picked":"Outmaneuver","floor":14.0},{"not_picked":["Grand Finale","Die Die Die"],"picked":"Adrenaline","floor":16.0},{"not_picked":["Eviscerate","Dagger Throw"],"picked":"Caltrops","floor":18.0},{"not_picked":["Escape Plan","Infinite Blades"],"picked":"Bane","floor":19.0},{"not_picked":["Finisher+1","Distraction","Setup"],"picked":"SKIP","floor":23},{"not_picked":["Dagger Spray","Bane"],"picked":"Escape Plan+1","floor":25},{"not_picked":["Acrobatics","Masterful Stab","Concentrate+1"],"picked":"SKIP","floor":27},{"not_picked":["Masterful Stab","Flying Knee+1"],"picked":"Noxious Fumes","floor":29},{"not_picked":["Blade Dance","Dodge and Roll","Distraction+1"],"picked":"SKIP","floor":31},{"not_picked":["Night Terror","Adrenaline"],"picked":"Burst","floor":33},{"not_picked":["Sucker Punch+1","Outmaneuver"],"picked":"PiercingWail","floor":35},{"not_picked":["Well Laid Plans+1","Masterful Stab"],"picked":"PiercingWail+1","floor":36},{"not_picked":["Flying Knee","Prepared","Tactician"],"picked":"SKIP","floor":37},{"not_picked":["Deadly Poison","Prepared"],"picked":"After Image","floor":38},{"not_picked":["Infinite Blades+1","Blade Dance+1"],"picked":"Noxious Fumes","floor":40},{"not_picked":["Cloak And Dagger","Bane","Backflip"],"picked":"SKIP","floor":42},{"not_picked":["Concentrate+1","Flying Knee"],"picked":"Blur","floor":44},{"not_picked":["Reflex","Infinite Blades"],"picked":"Deadly Poison+1","floor":48},{"not_picked":["Caltrops+1","Bane","Dagger Throw+1"],"picked":"Singing Bowl","floor":54}],"player_experience":211225,"relics_obtained":[{"floor":6.0,"key":"Kunai"},{"floor":8.0,"key":"Mango"},{"floor":10.0,"key":"FossilizedHelix"},{"floor":11.0,"key":"Paper Crane"},{"floor":13.0,"key":"Dead Branch"},{"floor":22,"key":"Necronomicon"},{"floor":23,"key":"Ancient Tea Set"},{"floor":25,"key":"Blood Vial"},{"floor":26,"key":"Bottled Tornado"},{"floor":40,"key":"Centennial Puzzle"},{"floor":43,"key":"Singing Bowl"},{"floor":54,"key":"Ornamental Fan"}],"event_choices":[{"damage_healed":0.0,"max_hp_gain":0.0,"max_hp_loss":0.0,"gold_gain":0.0,"event_name":"WeMeetAgain","player_choice":"Gave Potion","floor":2.0,"gold_loss":0.0,"damage_taken":0.0,"relics_obtained":["The Specimen"]},{"damage_healed":0.0,"max_hp_gain":0.0,"max_hp_loss":0.0,"gold_gain":0.0,"event_name":"World of Goop","player_choice":"Left Gold","floor":5.0,"gold_loss":20.0,"damage_taken":0.0},{"damage_healed":0.0,"max_hp_gain":0.0,"max_hp_loss":0.0,"gold_gain":99.0,"event_name":"Nest","player_choice":"Stole From Cult","floor":20.0,"gold_loss":0.0,"damage_taken":0.0},{"damage_healed":0,"gold_gain":0,"player_choice":"Obtained Book","damage_taken":16,"max_hp_gain":0,"max_hp_loss":0,"event_name":"Cursed Tome","floor":22,"gold_loss":0},{"cards_removed":["Strike_G"],"damage_healed":0,"gold_gain":0,"player_choice":"Offered Basic","damage_taken":0,"max_hp_gain":0,"max_hp_loss":0,"event_name":"Bonfire Elementals","floor":24,"gold_loss":0},{"cards_removed":["Strike_G"],"damage_healed":0,"gold_gain":0,"player_choice":"Removed Attack","damage_taken":0,"max_hp_gain":0,"max_hp_loss":0,"event_name":"Falling","floor":39,"gold_loss":0},{"damage_healed":0,"gold_gain":0,"player_choice":"Paid","damage_taken":0,"relics_obtained":["Red Mask"],"max_hp_gain":0,"max_hp_loss":0,"event_name":"Tomb of Lord Red Mask","floor":47,"gold_loss":87}],"is_beta":false,"boss_relics":[{"not_picked":["Empty Cage","Ring of the Serpent"],"picked":"Sozu"},{"not_picked":["White Beast Statue","Calling Bell"],"picked":"Cursed Key"}],"items_purged_floors":[3,45],"is_endless":false,"potions_floor_spawned":[1,8,16,18,27,29,36,38,40,42,44],"ascension_level":1}