{"gold_per_floor":[118,134,150,150,150,177,177,208,208,208,224,224,241,241,241,241],"floor_reached":16,"playtime":491,"items_purged":[],"score":143,"play_id":"3c1bd478-be65-4441-9a96-f3d3e22c0619","local_time":"20190806000611","is_ascension_mode":true,"campfire_choices":[{"floor":7,"key":"REST"},{"floor":10,"key":"REST"},{"floor":12,"key":"REST"},{"data":"Whirlwind","floor":15,"key":"SMITH"}],"neow_cost":"NONE","seed_source_timestamp":79594653500500,"circlet_count":0,"master_deck":["Strike_R","Strike_R","Strike_R","Strike_R","Strike_R+1","Defend_R","Defend_R","Defend_R+1","Defend_R","Bash","Clash","Thunderclap","Flex","Clothesline","Shrug It Off","Spot Weakness","Whirlwind+1","Regret"],"relics":["Burning Blood","NeowsBlessing","Art of War","Blue Candle","Centennial Puzzle","Bronze Scales","Lantern"],"potions_floor_usage":[6,16,16,16],"damage_taken":[{"damage":0,"enemies":"Cultist","floor":1,"turns":1},{"damage":0,"enemies":"Jaw Worm","floor":2,"turns":1},{"damage":0,"enemies":"2 Louse","floor":3,"turns":1},{"damage":30,"enemies":"3 Sentries","floor":6,"turns":9},{"damage":27,"enemies":"Lagavulin","floor":8,"turns":6},{"damage":1,"enemies":"Looter","floor":11,"turns":4},{"damage":10,"enemies":"Lots of Slimes","floor":13,"turns":4},{"damage":75,"enemies":"Hexaghost","floor":16,"turns":9}],"seed_played":"4735915666581735679","potions_obtained":[{"floor":2,"key":"Block Potion"},{"floor":6,"key":"Explosive Potion"},{"floor":8,"key":"Poison Potion"},{"floor":11,"key":"Swift Potion"}],"is_trial":false,"path_per_floor":["M","M","M","?","?","E","R","E","T","R","M","R","M","?","R","B"],"character_chosen":"IRONCLAD","items_purchased":[],"campfire_rested":3,"item_purchase_floors":[],"current_hp_per_floor":[78,80,80,64,46,22,46,25,25,49,54,78,74,74,74,0],"gold":241,"neow_bonus":"THREE_ENEMY_KILL","is_prod":false,"is_daily":false,"chose_seed":false,"campfire_upgraded":1,"win_rate":0,"timestamp":1565067971,"path_taken":["M","M","M","?","?","E","R","E","T","R","M","R","M","?","R","BOSS"],"build_version":"2019-07-17","purchased_purges":0,"victory":false,"max_hp_per_floor":[80,80,80,80,80,80,80,80,80,80,80,80,80,80,80,80],"card_choices":[{"not_picked":["Shrug It Off","Heavy Blade"],"picked":"Clash","floor":1},{"not_picked":["Clash","Pummel"],"picked":"Thunderclap","floor":2},{"not_picked":["Burning Pact","Carnage"],"picked":"Flex","floor":3},{"not_picked":["Second Wind","Warcry"],"picked":"Clothesline","floor":6},{"not_picked":["Clothesline","Havoc"],"picked":"Shrug It Off","floor":8},{"not_picked":["Body Slam","Armaments"],"picked":"Spot Weakness","floor":11},{"not_picked":["Reckless Charge","Rage"],"picked":"Whirlwind","floor":13}],"player_experience":241452,"relics_obtained":[{"floor":6,"key":"Blue Candle"},{"floor":8,"key":"Centennial Puzzle"},{"floor":9,"key":"Bronze Scales"}],"event_choices":[{"damage_healed":0,"gold_gain":0,"player_choice":"Entered Light","damage_taken":16,"max_hp_gain":0,"max_hp_loss":0,"event_name":"Shining Light","floor":4,"gold_loss":0,"cards_upgraded":["Strike_R","Defend_R"]},{"damage_healed":0,"gold_gain":0,"player_choice":"Success","damage_taken":18,"relics_obtained":["Art of War"],"max_hp_gain":0,"max_hp_loss":0,"event_name":"Scrap Ooze","floor":5,"gold_loss":0},{"damage_healed":0,"gold_gain":0,"player_choice":"Box","damage_taken":0,"relics_obtained":["Lantern"],"max_hp_gain":0,"max_hp_loss":0,"event_name":"Big Fish","floor":14,"gold_loss":0,"cards_obtained":["Regret"]}],"is_beta":false,"boss_relics":[],"items_purged_floors":[],"is_endless":false,"potions_floor_spawned":[2,6,8,11],"killed_by":"Hexaghost","ascension_level":6}