{"gold_per_floor":[111,127,140,140,215,215,243,275,311,323],"floor_reached":10,"playtime":315,"items_purged":[],"score":78,"play_id":"ac5e8202-f67b-4b4a-9fb1-090bb7de3f0c","local_time":"20190511192951","is_ascension_mode":true,"campfire_choices":[{"data":"Concentrate","floor":6,"key":"SMITH"}],"neow_cost":"NONE","seed_source_timestamp":261996491782640,"circlet_count":0,"master_deck":["Defend_G","Defend_G","Defend_G","Defend_G","Strike_G","Strike_G","Strike_G","Strike_G","Strike_G","Survivor","Neutralize","Concentrate+1","PiercingWail","Cloak And Dagger"],"relics":["Ring of the Snake","NeowsBlessing","MawBank","Art of War"],"potions_floor_usage":[7,7],"damage_taken":[{"damage":0,"enemies":"Cultist","floor":1,"turns":1},{"damage":0,"enemies":"Jaw Worm","floor":2,"turns":1},{"damage":0,"enemies":"Small Slimes","floor":3,"turns":1},{"damage":31,"enemies":"Gremlin Nob","floor":7,"turns":6},{"damage":11,"enemies":"Blue Slaver","floor":8,"turns":4},{"damage":12,"enemies":"Large Slime","floor":10,"turns":6}],"seed_played":"3101822069674820591","potions_obtained":[{"floor":2,"key":"GamblersBrew"},{"floor":3,"key":"GhostInAJar"}],"is_trial":false,"path_per_floor":["M","M","M","?","?","R","E","M","T","M"],"character_chosen":"THE_SILENT","items_purchased":[],"campfire_rested":0,"item_purchase_floors":[],"current_hp_per_floor":[70,70,70,63,52,52,21,10,10,0],"gold":323,"neow_bonus":"THREE_ENEMY_KILL","is_prod":false,"is_daily":false,"chose_seed":false,"campfire_upgraded":1,"win_rate":0,"timestamp":1557617391,"path_taken":["M","?","M","?","?","R","E","M","T","M"],"build_version":"2019-01-23","purchased_purges":0,"victory":false,"max_hp_per_floor":[70,70,70,70,70,70,70,70,70,70],"card_choices":[{"not_picked":["Prepared","Sucker Punch"],"picked":"Concentrate","floor":1},{"not_picked":["Leg Sweep","Quick Slash"],"picked":"PiercingWail","floor":2},{"not_picked":["Dagger Spray","Poisoned Stab"],"picked":"Cloak And Dagger","floor":3},{"not_picked":["Leg Sweep","Backflip","Unload"],"picked":"SKIP","floor":7},{"not_picked":["Heel Hook","Acrobatics","Choke"],"picked":"SKIP","floor":8}],"player_experience":980151,"relics_obtained":[{"floor":7,"key":"MawBank"},{"floor":9,"key":"Art of War"}],"event_choices":[{"cards_removed":["Defend_G"],"damage_healed":0,"gold_gain":0,"player_choice":"Card Removal","damage_taken":7,"max_hp_gain":0,"max_hp_loss":0,"event_name":"Golden Wing","floor":4,"gold_loss":0},{"damage_healed":0,"gold_gain":75,"player_choice":"Gather Gold","damage_taken":11,"max_hp_gain":0,"max_hp_loss":0,"event_name":"World of Goop","floor":5,"gold_loss":0}],"is_beta":false,"boss_relics":[],"items_purged_floors":[],"is_endless":false,"potions_floor_spawned":[2,3],"killed_by":"Large Slime","ascension_level":3}