{"gold_per_floor":[115,133,147,159,173,173,206,206,206,8,35,92,92,92,92,189,189,202,218,17,29,42,70,70,104,128,128,157,169,195,222,234,349,361,387,130,130,141,141,172,172,172,198,198,231,245,5,22,22,22],"floor_reached":51,"playtime":5362,"items_purged":[],"score":1339,"play_id":"407ae81c-efba-4512-b0ec-24126f54b634","local_time":"20180722131001","is_ascension_mode":true,"campfire_choices":[{"data":"Bullet Time","floor":6.0,"key":"SMITH"},{"data":"Terror","floor":8.0,"key":"SMITH"},{"data":"Noxious Fumes","floor":13.0,"key":"SMITH"},{"data":"Neutralize","floor":15.0,"key":"SMITH"},{"data":"Bullet Time","floor":24.0,"key":"SMITH"},{"floor":27.0,"key":"REST"},{"floor":32.0,"key":"REST"},{"data":"Leg Sweep","floor":42.0,"key":"SMITH"},{"data":"Accuracy","floor":44.0,"key":"SMITH"},{"data":"Footwork","floor":49,"key":"SMITH"}],"neow_cost":"TEN_PERCENT_HP_LOSS","seed_source_timestamp":0,"circlet_count":0,"master_deck":["Defend_G+1","Defend_G","Defend_G","Defend_G+1","Defend_G","Strike_G+1","Strike_G+1","Strike_G","Strike_G","Survivor","Neutralize+1","Bullet Time+1","Dagger Throw","Terror+1","Backflip","Leg Sweep+1","Adrenaline","Infinite Blades","Noxious Fumes+1","Accuracy+1","Infinite Blades","Glass Knife","Bullet Time+1","Footwork+1","Dodge and Roll","Dodge and Roll+1","Prepared+1","Backflip+1","Deflect+1","Blur+1","Cloak And Dagger+1","Deadly Poison+1","Backstab","Tools of the Trade","Sucker Punch+1","Outmaneuver+1","Writhe","Calculated Gamble+1","Deadly Poison+1","Cloak And Dagger+1","Malaise+1"],"special_seed":0,"relics":["Ring of the Serpent","The Courier","Pantograph","TwistedFunnel","Paper Crane","Matryoshka","Toxic Egg 2","Dodecahedron","Ninja Scroll","Letter Opener","War Paint","Singing Bowl","MawBank","HoveringKite","Snake Skull","Frozen Eye","Juzu Bracelet","FaceOfCleric","Mummified Hand","Strawberry","Whetstone","Calipers"],"potions_floor_usage":[50,50],"damage_taken":[{"damage":0.0,"enemies":"Cultist","floor":1.0,"turns":5.0},{"damage":11.0,"enemies":"Small Slimes","floor":2.0,"turns":5.0},{"damage":1.0,"enemies":"2 Louse","floor":3.0,"turns":3.0},{"damage":0.0,"enemies":"Looter","floor":4.0,"turns":3.0},{"damage":5.0,"enemies":"Lots of Slimes","floor":5.0,"turns":5.0},{"damage":3.0,"enemies":"Lagavulin","floor":7.0,"turns":7.0},{"damage":14.0,"enemies":"Gremlin Nob","floor":11.0,"turns":4.0},{"damage":3.0,"enemies":"3 Sentries","floor":12.0,"turns":8.0},{"damage":9.0,"enemies":"The Guardian","floor":16.0,"turns":8.0},{"damage":2.0,"enemies":"Shell Parasite","floor":18.0,"turns":5.0},{"damage":17.0,"enemies":"2 Thieves","floor":19.0,"turns":3.0},{"damage":16.0,"enemies":"Chosen and Byrds","floor":21.0,"turns":6.0},{"damage":3.0,"enemies":"Centurion and Healer","floor":22.0,"turns":9.0},{"damage":1.0,"enemies":"Book of Stabbing","floor":23.0,"turns":6.0},{"damage":17.0,"enemies":"Slavers","floor":25.0,"turns":7.0},{"damage":4.0,"enemies":"Gremlin Leader","floor":28.0,"turns":6.0},{"damage":0.0,"enemies":"Snake Plant","floor":29.0,"turns":6.0},{"damage":0.0,"enemies":"Slavers","floor":30.0,"turns":7.0},{"damage":0.0,"enemies":"Sentry and Sphere","floor":31.0,"turns":5.0},{"damage":2.0,"enemies":"Automaton","floor":33.0,"turns":10.0},{"damage":0.0,"enemies":"3 Darklings","floor":35.0,"turns":5.0},{"damage":0.0,"enemies":"Orb Walker","floor":38.0,"turns":4.0},{"damage":0.0,"enemies":"Giant Head","floor":40.0,"turns":9.0},{"damage":0.0,"enemies":"Nemesis","floor":45.0,"turns":7.0},{"damage":0.0,"enemies":"Spire Growth","floor":46.0,"turns":5.0},{"damage":0.0,"floor":47.0,"turns":6.0},{"damage":0,"enemies":"Giant Head","floor":48,"turns":9},{"damage":32,"enemies":"Donu and Deca","floor":50,"turns":11}],"seed_played":"1363736256547902044","potions_obtained":[{"floor":4.0,"key":"Explosive Potion"},{"floor":11.0,"key":"FearPotion"},{"floor":12.0,"key":"Fire Potion"},{"floor":16.0,"key":"Strength Potion"},{"floor":19.0,"key":"FearPotion"},{"floor":23.0,"key":"Dexterity Potion"},{"floor":25.0,"key":"GhostInAJar"},{"floor":28.0,"key":"Dexterity Potion"},{"floor":30.0,"key":"Ancient Potion"},{"floor":31.0,"key":"GhostInAJar"},{"floor":45.0,"key":"EssenceOfSteel"},{"floor":46.0,"key":"SmokeBomb"}],"is_trial":false,"path_per_floor":["M","M","M","M","M","R","E","R","T","$","E","?","R","?","R","B",null,"M","M","$","M","M","E","R","E","T","R","E","M","E","M","R","B",null,"M","$","?","M","?","E","?","R","T","R","E","M","$","E","R","B"],"character_chosen":"THE_SILENT","items_purchased":["TwistedFunnel","Noxious Fumes","Toxic Egg 2","Snake Skull","Frozen Eye","Calipers"],"campfire_rested":2,"item_purchase_floors":[10,10,20,36,36,47],"current_hp_per_floor":[63,52,51,51,46,46,43,43,43,43,29,26,26,26,26,42,63,61,44,44,28,25,24,24,7,7,25,21,21,21,21,39,61,63,63,63,63,63,63,63,63,63,70,70,71,72,73,74,74,43],"gold":22,"neow_bonus":"THREE_RARE_CARDS","is_prod":false,"is_daily":false,"chose_seed":false,"campfire_upgraded":8,"win_rate":0,"timestamp":1532279401,"path_taken":["M","M","?","M","M","R","E","R","T","$","E","?","R","?","R","BOSS","M","M","$","M","M","E","R","E","T","R","E","M","E","M","R","BOSS","M","$","?","M","?","E","?","R","T","R","E","M","?","E","R","BOSS"],"build_version":"2018-07-19v2","purchased_purges":0,"victory":true,"max_hp_per_floor":[63,63,63,63,63,63,63,63,63,63,63,63,63,63,63,63,63,63,63,63,63,63,63,63,63,63,63,63,63,63,63,63,63,63,63,63,63,63,63,63,63,63,70,70,71,72,73,74,74,75],"card_choices":[{"not_picked":["Unload","Malaise"],"picked":"Bullet Time","floor":0.0},{"not_picked":["Backflip","PiercingWail"],"picked":"Dagger Throw","floor":1.0},{"not_picked":["Dodge and Roll","Deadly Poison"],"picked":"Terror","floor":2.0},{"not_picked":["Riddle With Holes","PiercingWail"],"picked":"Backflip","floor":3.0},{"not_picked":["Poisoned Stab","Flying Knee"],"picked":"Leg Sweep","floor":4.0},{"not_picked":["Dodge and Roll","Reflex"],"picked":"Adrenaline","floor":5.0},{"not_picked":["Deadly Poison","Distraction"],"picked":"Infinite Blades","floor":7.0},{"not_picked":["Underhanded Strike","All Out Attack"],"picked":"Accuracy","floor":11.0},{"not_picked":["Bouncing Flask","Underhanded Strike"],"picked":"Infinite Blades","floor":12.0},{"not_picked":["Doppelganger","Storm of Steel"],"picked":"Bullet Time","floor":16.0},{"not_picked":["PiercingWail","Outmaneuver"],"picked":"Footwork","floor":18.0},{"not_picked":["Finisher","Flying Knee"],"picked":"Dodge and Roll","floor":19.0},{"not_picked":["Reflex+1","Bane+1"],"picked":"Dodge and Roll+1","floor":21.0},{"not_picked":["Escape Plan+1","Slice"],"picked":"Prepared+1","floor":22.0},{"not_picked":["Finisher+1","Expertise+1"],"picked":"Backflip+1","floor":23.0},{"not_picked":["Deadly Poison+1","Concentrate+1"],"picked":"Deflect+1","floor":25.0},{"not_picked":["Backflip+1","Underhanded Strike+1"],"picked":"Blur+1","floor":28.0},{"not_picked":["Flying Knee","Deflect+1"],"picked":"Cloak And Dagger+1","floor":29.0},{"not_picked":["Quick Slash","Poisoned Stab"],"picked":"Deadly Poison+1","floor":30.0},{"not_picked":["Concentrate+1","Predator"],"picked":"Backstab","floor":31.0},{"not_picked":["Die Die Die","Phantasmal Killer+1"],"picked":"Tools of the Trade","floor":33.0},{"not_picked":["Outmaneuver+1","Flying Knee+1"],"picked":"Sucker Punch+1","floor":35.0},{"not_picked":["Distraction+1","Skewer"],"picked":"Outmaneuver+1","floor":38.0},{"not_picked":["Unload","Reflex+1"],"picked":"Calculated Gamble+1","floor":40.0},{"not_picked":["Dagger Spray+1","Bane+1"],"picked":"Deadly Poison+1","floor":45.0},{"not_picked":["Backflip+1","Slice+1"],"picked":"Cloak And Dagger+1","floor":46.0},{"not_picked":["Dagger Spray","Distraction+1"],"picked":"Malaise+1","floor":48}],"player_experience":223599,"relics_obtained":[{"floor":7.0,"key":"The Courier"},{"floor":9.0,"key":"Pantograph"},{"floor":11.0,"key":"Paper Crane"},{"floor":23.0,"key":"Dodecahedron"},{"floor":25.0,"key":"Ninja Scroll"},{"floor":26.0,"key":"Letter Opener"},{"floor":26.0,"key":"War Paint"},{"floor":28.0,"key":"Singing Bowl"},{"floor":30.0,"key":"MawBank"},{"floor":40.0,"key":"Juzu Bracelet"},{"floor":43.0,"key":"Mummified Hand"},{"floor":43.0,"key":"Strawberry"},{"floor":45.0,"key":"Whetstone"}],"event_choices":[{"event_name":"Dead Adventurer","player_choice":"Searched \u00273\u0027 times","floor":12.0,"damage_taken":0.0},{"event_name":"Living Wall","player_choice":"Change","floor":14.0,"damage_taken":0.0},{"event_name":"The Lab","player_choice":"Got Potions","floor":37.0,"damage_taken":0.0},{"event_name":"Winding Halls","player_choice":"Writhe","floor":39.0,"damage_taken":0.0},{"event_name":"FaceTrader","player_choice":"Trade","floor":41.0,"damage_taken":0.0},{"event_name":"MindBloom","player_choice":"Fight","floor":47.0,"damage_taken":0.0}],"is_beta":false,"boss_relics":[{"not_picked":["Snecko Eye","Fusion Hammer"],"picked":"Ring of the Serpent"},{"not_picked":["Runic Dome","Lizard Tail"],"picked":"HoveringKite"}],"items_purged_floors":[],"is_endless":false,"potions_floor_spawned":[4,11,12,16,19,23,25,28,30,31,38,45,46,47],"ascension_level":4}