{"gold_per_floor":[99,99,99,99,99,99,99,99,99,99,99,99,99,99,99,99,99,99,99,99,99,99,99,99,99,99,99,99,99,99,99,99,99],"floor_reached":33,"playtime":4026,"items_purged":[],"score":281,"play_id":"2563e6e6-1bd9-496a-af85-755b06fc6581","local_time":"20180929165307","is_ascension_mode":false,"campfire_choices":[{"data":"Outmaneuver","floor":6,"key":"SMITH"},{"data":"Choke","floor":8,"key":"SMITH"},{"data":"Survivor","floor":10,"key":"SMITH"},{"floor":12,"key":"REST"},{"floor":15,"key":"REST"},{"floor":23,"key":"REST"},{"data":"Dash","floor":25,"key":"SMITH"},{"floor":32,"key":"REST"}],"neow_cost":"NONE","seed_source_timestamp":1306680655508311,"circlet_count":0,"master_deck":["Defend_G","Defend_G","Defend_G+1","Defend_G","Defend_G","Strike_G","Strike_G","Strike_G","Strike_G+1","Strike_G","Survivor+1","Neutralize","Riddle With Holes+1","Outmaneuver+1","Prepared","Choke+1","Dash+1","Slice","Terror","Storm of Steel","Slice+1","Masterful Stab+1","Dagger Spray","Caltrops","All Out Attack+1","Backflip","Quick Slash+1"],"relics":["Ectoplasm","MawBank","Boot","Ancient Tea Set","Snecko Eye","GremlinMask","Nilry\u0027s Codex","Mummified Hand","Bottled Flame"],"potions_floor_usage":[7,11,16,24,29,33,33],"damage_taken":[{"damage":1,"enemies":"Jaw Worm","floor":1,"turns":5},{"damage":0,"enemies":"Cultist","floor":4,"turns":3},{"damage":1,"enemies":"Small Slimes","floor":5,"turns":2},{"damage":1,"enemies":"2 Fungi Beasts","floor":7,"turns":2},{"damage":8,"enemies":"Lagavulin","floor":11,"turns":7},{"damage":17,"enemies":"Gremlin Nob","floor":13,"turns":4},{"damage":0,"enemies":"Exordium Thugs","floor":14,"turns":3},{"damage":29,"enemies":"Hexaghost","floor":16,"turns":8},{"damage":10,"enemies":"3 Byrds","floor":18,"turns":3},{"damage":1,"enemies":"Chosen","floor":19,"turns":4},{"damage":0,"enemies":"Snecko","floor":21,"turns":3},{"damage":8,"enemies":"Gremlin Leader","floor":24,"turns":4},{"damage":18,"enemies":"Snake Plant","floor":27,"turns":3},{"damage":5,"enemies":"Chosen and Byrds","floor":28,"turns":3},{"damage":22,"enemies":"Centurion and Healer","floor":29,"turns":5},{"damage":9,"enemies":"3 Cultists","floor":30,"turns":4},{"damage":1,"enemies":"Cultist and Chosen","floor":31,"turns":4},{"damage":42,"enemies":"Automaton","floor":33,"turns":6}],"seed_played":"1042313853738745995","potions_obtained":[{"floor":4,"key":"SteroidPotion"},{"floor":5,"key":"Ancient Potion"},{"floor":11,"key":"Dexterity Potion"},{"floor":19,"key":"Weak Potion"},{"floor":28,"key":"Swift Potion"},{"floor":30,"key":"Ancient Potion"},{"floor":31,"key":"Ancient Potion"}],"is_trial":false,"path_per_floor":["M","?","?","M","M","R","M","R","T","R","E","R","E","M","R","B",null,"M","M","?","M","?","R","E","R","T","M","M","M","M","M","R"],"character_chosen":"THE_SILENT","items_purchased":[],"campfire_rested":4,"item_purchase_floors":[],"current_hp_per_floor":[69,69,55,55,54,54,53,53,53,53,45,66,49,49,70,41,70,60,59,59,59,43,64,56,56,56,38,33,11,2,1,22,0],"gold":99,"neow_bonus":"BOSS_RELIC","is_prod":false,"is_daily":false,"chose_seed":false,"campfire_upgraded":4,"win_rate":0,"timestamp":1538254387,"path_taken":["M","?","?","M","M","R","M","R","T","R","E","R","E","M","R","BOSS","M","M","?","M","?","R","E","R","T","M","M","M","M","?","R","BOSS"],"build_version":"2018-09-27","purchased_purges":0,"victory":false,"max_hp_per_floor":[70,70,70,70,70,70,70,70,70,70,70,70,70,70,70,70,70,70,70,70,70,70,70,70,70,70,70,70,70,70,70,70,70],"card_choices":[{"not_picked":["Quick Slash","Caltrops"],"picked":"Riddle With Holes","floor":1},{"not_picked":["Backflip","Cloak And Dagger"],"picked":"Outmaneuver","floor":4},{"not_picked":["Dodge and Roll","Quick Slash"],"picked":"Prepared","floor":5},{"not_picked":["Flying Knee","Outmaneuver"],"picked":"Choke","floor":7},{"not_picked":["Dagger Throw","Choke"],"picked":"Dash","floor":11},{"not_picked":["Bane","Acrobatics"],"picked":"Slice","floor":13},{"not_picked":["Quick Slash","Accuracy"],"picked":"Terror","floor":14},{"not_picked":["After Image","Die Die Die"],"picked":"Storm of Steel","floor":16},{"not_picked":["Bane","Flying Knee"],"picked":"Slice+1","floor":18},{"not_picked":["Masterful Stab","Sucker Punch","Skewer"],"picked":"SKIP","floor":19},{"not_picked":["Blade Dance","Bouncing Flask"],"picked":"Masterful Stab+1","floor":21},{"not_picked":["Terror","Dodge and Roll"],"picked":"Dagger Spray","floor":24},{"not_picked":["Dagger Throw","Poisoned Stab"],"picked":"Caltrops","floor":27},{"not_picked":["Outmaneuver+1","Deflect"],"picked":"All Out Attack+1","floor":28},{"not_picked":["Bane","Underhanded Strike","Backflip+1"],"picked":"SKIP","floor":29},{"not_picked":["Slice+1","Reflex"],"picked":"Backflip","floor":30},{"not_picked":["Die Die Die","PiercingWail+1"],"picked":"Quick Slash+1","floor":31}],"player_experience":131039,"relics_obtained":[{"floor":9,"key":"MawBank"},{"floor":11,"key":"Boot"},{"floor":13,"key":"Ancient Tea Set"},{"floor":22,"key":"Nilry\u0027s Codex"},{"floor":24,"key":"Mummified Hand"},{"floor":26,"key":"Bottled Flame"}],"event_choices":[{"event_name":"Upgrade Shrine","player_choice":"Upgraded","floor":2,"damage_taken":0},{"event_name":"Shining Light","player_choice":"Entered Light","floor":3,"damage_taken":0},{"event_name":"FaceTrader","player_choice":"Trade","floor":20,"damage_taken":0},{"event_name":"Cursed Tome","player_choice":"Obtained Book","floor":22,"damage_taken":0}],"is_beta":false,"boss_relics":[{"not_picked":["Orrery","Empty Cage"],"picked":"Snecko Eye"}],"items_purged_floors":[],"is_endless":false,"potions_floor_spawned":[4,5,11,19,28,30,31],"killed_by":"Automaton","ascension_level":0}