{"gold_per_floor":[113,113,73,90,0,28,43,77,131,151,167,167,197,229,229,327,327,340,265,265,280,7,7,27,54,103,116,133,133,4,4,4,4],"floor_reached":33,"playtime":1820,"items_purged":[],"score":397,"play_id":"4bb943ba-d42a-4de5-a55f-9db60174f1ba","local_time":"20190723180214","is_ascension_mode":true,"campfire_choices":[{"data":"Enlightenment","floor":12,"key":"SMITH"},{"data":"Bash","floor":15,"key":"SMITH"},{"floor":23,"key":"REST"},{"floor":32,"key":"REST"}],"neow_cost":"NONE","seed_source_timestamp":1105610002018299,"circlet_count":0,"master_deck":["Strike_R","Strike_R","Strike_R","Defend_R","Defend_R","Defend_R","Defend_R","Bash+1","Flex","Uppercut","Enlightenment+1","Clash","Flex","Flex","Anger","Bludgeon","Intimidate","Carnage","Cleave","Spot Weakness","Wild Strike+1","Flex","Twin Strike","Enlightenment+1","Sword Boomerang+1"],"relics":["Burning Blood","NeowsBlessing","Dream Catcher","PreservedInsect","Tiny Chest","Bag of Preparation","Lizard Tail","Chemical X","Singing Bowl","Pen Nib","Regal Pillow"],"potions_floor_usage":[8,8,8,10,14,14,16,25,28,33,33],"damage_taken":[{"damage":0,"enemies":"Cultist","floor":1,"turns":1},{"damage":0,"enemies":"Small Slimes","floor":4,"turns":1},{"damage":0,"enemies":"3 Sentries","floor":6,"turns":1},{"damage":4,"enemies":"Jaw Worm","floor":7,"turns":3},{"damage":6,"enemies":"Gremlin Nob","floor":8,"turns":3},{"damage":10,"enemies":"3 Louse","floor":10,"turns":2},{"damage":7,"enemies":"Looter","floor":11,"turns":3},{"damage":15,"enemies":"3 Sentries","floor":14,"turns":6},{"damage":54,"enemies":"The Guardian","floor":16,"turns":7},{"damage":25,"enemies":"2 Thieves","floor":18,"turns":4},{"damage":65,"enemies":"3 Byrds","floor":21,"turns":7},{"damage":14,"enemies":"3 Cultists","floor":24,"turns":4},{"damage":33,"enemies":"Gremlin Leader","floor":25,"turns":5},{"damage":8,"enemies":"Snecko","floor":27,"turns":3},{"damage":30,"enemies":"Sentry and Sphere","floor":28,"turns":5},{"damage":74,"enemies":"Collector","floor":33,"turns":5}],"seed_played":"2578098179083585059","potions_obtained":[{"floor":3,"key":"EntropicBrew"},{"floor":3,"key":"Poison Potion"},{"floor":3,"key":"Ancient Potion"},{"floor":4,"key":"Poison Potion"},{"floor":11,"key":"SkillPotion"},{"floor":24,"key":"LiquidBronze"},{"floor":25,"key":"Block Potion"},{"floor":28,"key":"EssenceOfSteel"}],"is_trial":false,"path_per_floor":["M","?","?","M","$","E","M","E","T","M","M","R","?","E","R","B",null,"M","?","?","M","$","R","M","E","T","M","M","T","$","?","R","B"],"character_chosen":"IRONCLAD","items_purchased":["Enlightenment","Chemical X","Carnage","Fruit Juice","Twin Strike"],"campfire_rested":2,"item_purchase_floors":[5,22,22,30,30],"current_hp_per_floor":[80,73,73,79,79,80,80,80,80,76,75,75,75,66,66,18,80,61,61,80,21,21,45,37,10,10,8,26,26,26,26,65,0],"gold":4,"neow_bonus":"THREE_ENEMY_KILL","is_prod":false,"is_daily":false,"chose_seed":false,"campfire_upgraded":2,"win_rate":0,"timestamp":1563922934,"path_taken":["M","?","?","M","$","E","?","E","T","M","M","R","?","E","R","BOSS","M","?","?","M","$","R","M","E","T","?","M","?","?","?","R","BOSS"],"build_version":"2019-07-17","purchased_purges":0,"victory":false,"max_hp_per_floor":[80,80,80,80,80,80,80,80,80,80,80,80,80,80,80,80,80,80,80,80,80,80,80,80,80,80,80,82,82,82,82,82,87],"card_choices":[{"not_picked":["Shrug It Off","Uppercut"],"picked":"Flex","floor":1},{"not_picked":["Shrug It Off","Bloodletting"],"picked":"Uppercut","floor":4},{"not_picked":["Shrug It Off","Wild Strike","Feel No Pain"],"picked":"SKIP","floor":6},{"not_picked":["Shockwave","Metallicize"],"picked":"Clash","floor":7},{"not_picked":["Searing Blow","Heavy Blade","True Grit"],"picked":"SKIP","floor":8},{"not_picked":["Clothesline","Pommel Strike"],"picked":"Flex","floor":10},{"not_picked":["Heavy Blade","Fire Breathing"],"picked":"Flex","floor":11},{"not_picked":["Iron Wave","Armaments"],"picked":"Anger","floor":14},{"not_picked":["Offering","Feed"],"picked":"Bludgeon","floor":16},{"not_picked":["Fire Breathing","Perfected Strike"],"picked":"Rupture+1","floor":18},{"not_picked":["Metallicize+1","Dual Wield"],"picked":"Intimidate","floor":21},{"not_picked":["Clash","True Grit"],"picked":"Cleave","floor":23},{"not_picked":["Havoc","Battle Trance"],"picked":"Spot Weakness","floor":24},{"not_picked":["Carnage","Ghostly Armor"],"picked":"Wild Strike+1","floor":25},{"not_picked":["Havoc+1","Uppercut"],"picked":"Flex","floor":27},{"not_picked":["Perfected Strike","Disarm+1","Brutality"],"picked":"Singing Bowl","floor":28},{"not_picked":["Heavy Blade","Perfected Strike+1"],"picked":"Sword Boomerang+1","floor":32}],"player_experience":136405,"relics_obtained":[{"floor":6,"key":"Dream Catcher"},{"floor":8,"key":"PreservedInsect"},{"floor":9,"key":"Tiny Chest"},{"floor":14,"key":"Bag of Preparation"},{"floor":25,"key":"Singing Bowl"},{"floor":26,"key":"Pen Nib"},{"floor":29,"key":"Regal Pillow"}],"event_choices":[{"cards_removed":["Strike_R"],"damage_healed":0,"gold_gain":0,"player_choice":"Card Removal","damage_taken":7,"max_hp_gain":0,"max_hp_loss":0,"event_name":"Golden Wing","floor":2,"gold_loss":0},{"damage_healed":0,"gold_gain":0,"player_choice":"Bought 3 Potions","damage_taken":0,"max_hp_gain":0,"max_hp_loss":0,"event_name":"The Woman in Blue","floor":3,"gold_loss":0},{"damage_healed":0,"gold_gain":30,"player_choice":"Searched \u00272\u0027 times","damage_taken":0,"max_hp_gain":0,"max_hp_loss":0,"event_name":"Dead Adventurer","floor":13,"gold_loss":0},{"cards_removed":["Strike_R"],"damage_healed":0,"gold_gain":0,"player_choice":"Gave Gold","damage_taken":0,"max_hp_gain":0,"max_hp_loss":0,"event_name":"Beggar","floor":19,"gold_loss":75},{"cards_removed":["Rupture"],"damage_healed":19,"gold_gain":0,"player_choice":"Offered Uncommon","damage_taken":0,"max_hp_gain":0,"max_hp_loss":0,"event_name":"Bonfire Elementals","floor":20,"gold_loss":0},{"damage_healed":0,"gold_gain":0,"player_choice":"Copied","damage_taken":0,"max_hp_gain":0,"max_hp_loss":0,"event_name":"Duplicator","floor":31,"gold_loss":0,"cards_obtained":["Enlightenment"]}],"is_beta":false,"boss_relics":[{"not_picked":["Ectoplasm","Black Star"],"picked":"Lizard Tail"}],"items_purged_floors":[],"is_endless":false,"potions_floor_spawned":[4,6,11,24,25,28],"killed_by":"Collector","ascension_level":4}