{"gold_per_floor":[112,112,112,136,151,184,199,199,199,199,214,62,93,116,116,214,214,237,287,302,322,343,343,363,363,363,363,431,431,444,467,467,566,566,591,131,144,164,84,124,124,137,160,160,199,199,124,139,139,139,139],"floor_reached":51,"playtime":2187,"items_purged":["Pain"],"score":1492,"play_id":"a306e379-2064-4ff8-912c-8aedc4518cdb","local_time":"20190531235419","is_ascension_mode":true,"campfire_choices":[{"data":"Recycle","floor":8.0,"key":"SMITH"},{"data":"Zap","floor":10.0,"key":"SMITH"},{"data":"Turbo","floor":15.0,"key":"SMITH"},{"data":"Fusion","floor":23.0,"key":"SMITH"},{"data":"Chaos","floor":25.0,"key":"SMITH"},{"data":"Skim","floor":27.0,"key":"SMITH"},{"data":"Recycle","floor":29.0,"key":"SMITH"},{"data":"Dualcast","floor":32.0,"key":"SMITH"},{"data":"Defragment","floor":41.0,"key":"SMITH"},{"data":"Double Energy","floor":44.0,"key":"SMITH"},{"floor":49.0,"key":"RECALL"}],"neow_cost":"NONE","seed_source_timestamp":0,"circlet_count":0,"master_deck":["AscendersBane","Zap+1","Dualcast+1","Recycle+1","Skim+1","BootSequence","Echo Form","Core Surge","Turbo+1","Electrodynamics","Compile Driver","Cold Snap","Fusion+1","Chaos+1","Creative AI","Gash","Tempest","Conserve Battery+1","Recycle+1","Go for the Eyes+1","Multi-Cast","Skim+1","All For One+1","Fusion+1","Skim+1","Glacier","Defragment+1","Self Repair+1","Double Energy+1","Rip and Tear+1","Blizzard+1"],"special_seed":0,"relics":["Cracked Core","NeowsBlessing","Golden Idol","WarpedTongs","Meat on the Bone","Ornamental Fan","Bag of Preparation","Pandora\u0027s Box","Bottled Lightning","Astrolabe","PreservedInsect","DollysMirror","Regal Pillow","Potion Belt","Happy Flower","Molten Egg 2"],"potions_floor_usage":[],"damage_taken":[{"damage":0.0,"enemies":"Cultist","floor":1.0,"turns":1.0},{"damage":0.0,"enemies":"Small Slimes","floor":4.0,"turns":1.0},{"damage":0.0,"enemies":"2 Louse","floor":5.0,"turns":1.0},{"damage":30.0,"enemies":"Gremlin Nob","floor":6.0,"turns":4.0},{"damage":21.0,"enemies":"Large Slime","floor":7.0,"turns":5.0},{"damage":16.0,"enemies":"3 Louse","floor":11.0,"turns":3.0},{"damage":4.0,"enemies":"Lagavulin","floor":13.0,"turns":6.0},{"damage":0.0,"enemies":"Red Slaver","floor":14.0,"turns":2.0},{"damage":0.0,"enemies":"The Guardian","floor":16.0,"turns":9.0},{"damage":0.0,"enemies":"Spheric Guardian","floor":18.0,"turns":3.0},{"damage":10.0,"enemies":"3 Byrds","floor":20.0,"turns":3.0},{"damage":0.0,"enemies":"Snecko","floor":21.0,"turns":4.0},{"damage":22.0,"enemies":"Shelled Parasite and Fungi","floor":22.0,"turns":4.0},{"damage":22.0,"enemies":"Chosen and Byrds","floor":24.0,"turns":6.0},{"damage":4.0,"enemies":"Snecko","floor":30.0,"turns":3.0},{"damage":4.0,"enemies":"Snake Plant","floor":31.0,"turns":3.0},{"damage":1.0,"enemies":"Collector","floor":33.0,"turns":5.0},{"damage":39.0,"enemies":"3 Darklings","floor":35.0,"turns":3.0},{"damage":0.0,"enemies":"3 Shapes","floor":37.0,"turns":1.0},{"damage":0.0,"enemies":"3 Darklings","floor":38.0,"turns":2.0},{"damage":21.0,"enemies":"Giant Head","floor":40.0,"turns":7.0},{"damage":0.0,"enemies":"Sphere and 2 Shapes","floor":42.0,"turns":3.0},{"damage":34.0,"enemies":"Nemesis","floor":45.0,"turns":9.0},{"damage":0.0,"enemies":"Spire Growth","floor":48.0,"turns":4.0},{"damage":24.0,"enemies":"Time Eater","floor":50.0,"turns":11.0},{"damage":57,"enemies":"Donu and Deca","floor":51,"turns":5}],"seed_played":"-106995855611102095","potions_obtained":[{"floor":1.0,"key":"SteroidPotion"},{"floor":6.0,"key":"Strength Potion"},{"floor":14.0,"key":"Energy Potion"},{"floor":24.0,"key":"Weak Potion"},{"floor":30.0,"key":"Energy Potion"},{"floor":31.0,"key":"GamblersBrew"},{"floor":37.0,"key":"SkillPotion"},{"floor":38.0,"key":"Ancient Potion"}],"is_trial":false,"path_per_floor":["M","?","?","M","M","E","M","R","T","R","M","$","E","M","R","B",null,"M","?","M","M","M","R","M","R","T","R","T","R","M","M","R","B",null,"M","$","M","M","$","E","R","M","T","R","E","T","?","M","R","B","B"],"character_chosen":"DEFECT","items_purchased":["Core Surge","PreservedInsect","DollysMirror","FocusPotion","Defragment"],"campfire_rested":0,"item_purchase_floors":[12,36,36,36,39],"current_hp_per_floor":[64,64,64,64,64,34,25,25,25,25,21,21,29,41,41,41,58,58,58,48,48,38,38,28,28,28,28,28,28,36,44,44,43,59,32,32,44,44,44,35,35,45,45,45,43,43,43,53,53,61,4],"gold":139,"neow_bonus":"THREE_ENEMY_KILL","is_prod":false,"is_daily":false,"chose_seed":false,"campfire_upgraded":10,"win_rate":0,"timestamp":1559318059,"path_taken":["M","?","?","M","?","E","M","R","T","R","M","$","E","M","R","BOSS","M","?","M","M","?","R","M","R","T","R","?","R","M","M","R","BOSS","M","$","M","M","$","E","R","?","T","R","E","?","?","?","R","BOSS","BOSS"],"build_version":"2019-01-23","purchased_purges":1,"victory":false,"max_hp_per_floor":[71,64,64,64,64,64,64,64,64,64,64,64,64,64,64,64,64,64,64,64,64,64,64,64,64,64,64,64,64,64,64,64,64,64,64,64,64,64,64,64,64,64,64,64,64,64,64,64,64,64,64],"card_choices":[{"not_picked":["Reinforced Body","Stack"],"picked":"Recycle","floor":1.0},{"not_picked":["Scrape","Barrage"],"picked":"Ball Lightning","floor":4.0},{"not_picked":["Ball Lightning","Go for the Eyes"],"picked":"Skim","floor":5.0},{"not_picked":["Hologram","Doom and Gloom"],"picked":"BootSequence","floor":6.0},{"not_picked":["Reprogram","Rebound"],"picked":"Echo Form","floor":7.0},{"not_picked":["Rebound","Gash"],"picked":"Sunder","floor":11.0},{"not_picked":["Self Repair","Capacitor"],"picked":"Turbo","floor":13.0},{"not_picked":["Steam","Hello World"],"picked":"Conserve Battery","floor":14.0},{"not_picked":["Rainbow","All For One"],"picked":"Electrodynamics","floor":16.0},{"not_picked":["Leap","Beam Cell+1"],"picked":"Conserve Battery+1","floor":18.0},{"not_picked":["Storm","Beam Cell","Go for the Eyes"],"picked":"SKIP","floor":20.0},{"not_picked":["Barrage","Fusion"],"picked":"Recycle","floor":21.0},{"not_picked":["Sweeping Beam","Rebound","Beam Cell"],"picked":"SKIP","floor":22.0},{"not_picked":["Rip and Tear+1","Melter+1","Gash"],"picked":"SKIP","floor":24.0},{"not_picked":["Rebound","Steam"],"picked":"Redo","floor":30.0},{"not_picked":["Aggregate","Rip and Tear"],"picked":"Go for the Eyes+1","floor":31.0},{"not_picked":["Creative AI","All For One"],"picked":"Multi-Cast","floor":33.0},{"not_picked":["Force Field","Streamline","Storm"],"picked":"SKIP","floor":35.0},{"not_picked":["Double Energy","Reprogram"],"picked":"Glacier","floor":37.0},{"not_picked":["Compile Driver","Sweeping Beam","Cold Snap+1"],"picked":"SKIP","floor":38.0},{"not_picked":["Compile Driver","Force Field"],"picked":"Self Repair+1","floor":40.0},{"not_picked":["Leap","Cold Snap"],"picked":"Double Energy","floor":42.0},{"not_picked":["Steam","FTL","Conserve Battery+1"],"picked":"SKIP","floor":45.0},{"not_picked":["Sweeping Beam+1","Multi-Cast","Barrage+1"],"picked":"SKIP","floor":48.0}],"player_experience":1811262,"relics_obtained":[{"floor":6.0,"key":"Meat on the Bone"},{"floor":9.0,"key":"Ornamental Fan"},{"floor":13.0,"key":"Bag of Preparation"},{"floor":28.0,"key":"Bottled Lightning"},{"floor":40.0,"key":"Regal Pillow"},{"floor":43.0,"key":"Potion Belt"},{"floor":45.0,"key":"Happy Flower"},{"floor":46.0,"key":"Molten Egg 2"}],"event_choices":[{"damage_healed":0.0,"max_hp_gain":0.0,"max_hp_loss":7.0,"gold_gain":0.0,"event_name":"Golden Idol","player_choice":"Lose Max HP","floor":2.0,"gold_loss":0.0,"damage_taken":0.0,"relics_obtained":["Golden Idol"]},{"damage_healed":0.0,"max_hp_gain":0.0,"max_hp_loss":0.0,"gold_gain":0.0,"event_name":"Accursed Blacksmith","player_choice":"Rummage","floor":3.0,"gold_loss":0.0,"damage_taken":0.0,"relics_obtained":["WarpedTongs"],"cards_obtained":["Pain"]},{"damage_healed":0.0,"max_hp_gain":0.0,"max_hp_loss":0.0,"gold_gain":50.0,"event_name":"Golden Shrine","player_choice":"Pray","floor":19.0,"gold_loss":0.0,"damage_taken":0.0},{"damage_healed":0.0,"max_hp_gain":0.0,"max_hp_loss":0.0,"gold_gain":0.0,"cards_transformed":["Sunder","Conserve Battery"],"event_name":"Designer","player_choice":"Transformed Cards","floor":47.0,"gold_loss":75.0,"damage_taken":0.0,"cards_obtained":["Rip and Tear","Blizzard"]}],"is_beta":false,"boss_relics":[{"not_picked":["Nuclear Battery","Black Star"],"picked":"Pandora\u0027s Box"},{"not_picked":["FrozenCore","Eternal Feather"],"picked":"Astrolabe"}],"items_purged_floors":[12],"is_endless":false,"potions_floor_spawned":[1,6,14,16,21,24,30,31,37,38,42],"killed_by":"Donu and Deca","ascension_level":20}