{"gold_per_floor":[111,123,123,123,48,83,83,98,98,98,114,127,127,170,170,291,291,312,332,332,247,13,87,87,112,112,112,136,136,159,179,179,302,302,322,26,86,107,107],"floor_reached":39,"playtime":3195,"items_purged":["Injury"],"score":411,"play_id":"7fb4cee6-723c-494e-8876-352695530f6c","local_time":"20190726140526","is_ascension_mode":false,"campfire_choices":[{"floor":7,"key":"REST"},{"data":"All Out Attack","floor":10,"key":"SMITH"},{"floor":13,"key":"REST"},{"floor":15,"key":"REST"},{"floor":24,"key":"REST"},{"floor":29,"key":"REST"},{"data":"Discovery","floor":32,"key":"SMITH"}],"neow_cost":"NONE","seed_source_timestamp":48299226716400,"circlet_count":0,"master_deck":["Strike_G","Strike_G","Strike_G","Strike_G","Strike_G","Defend_G","Defend_G","Defend_G","Defend_G","Defend_G","Survivor","Neutralize","Slice","All Out Attack+1","Dagger Spray","Heel Hook","Infinite Blades+1","Poisoned Stab","Caltrops+1","Adrenaline","Dagger Spray+1","Noxious Fumes+1","Discovery+1","Flying Knee","Deadly Poison+1","Prepared+1","Deadly Poison+1","Terror+1","Phantasmal Killer+1","Backflip+1","Outmaneuver+1","Trip+1","Dodge and Roll+1","Catalyst+1"],"relics":["Ring of the Snake","Golden Idol","Frozen Egg 2","Mercury Hourglass","Tingsha","Lizard Tail","Nilry\u0027s Codex","FossilizedHelix","PreservedInsect","Tiny Chest","Ornamental Fan","Toxic Egg 2","WristBlade","Lantern","Bird Faced Urn"],"potions_floor_usage":[0,2,6,6,6,6,12,16,19,23,33,33,37,38],"damage_taken":[{"damage":0,"enemies":"Cultist","floor":1,"turns":3},{"damage":0,"enemies":"Small Slimes","floor":2,"turns":3},{"damage":23,"enemies":"Lagavulin","floor":6,"turns":6},{"damage":5,"enemies":"Jaw Worm","floor":8,"turns":4},{"damage":3,"enemies":"2 Fungi Beasts","floor":11,"turns":3},{"damage":21,"enemies":"Exordium Wildlife","floor":12,"turns":2},{"damage":20,"enemies":"Gremlin Nob","floor":14,"turns":4},{"damage":28,"enemies":"Hexaghost","floor":16,"turns":9},{"damage":1,"enemies":"Chosen","floor":18,"turns":4},{"damage":8,"enemies":"Spheric Guardian","floor":19,"turns":4},{"damage":20,"enemies":"Slavers","floor":23,"turns":2},{"damage":6,"enemies":"3 Cultists","floor":25,"turns":3},{"damage":2,"enemies":"Centurion and Healer","floor":28,"turns":5},{"damage":16,"enemies":"Chosen and Byrds","floor":30,"turns":4},{"damage":0,"enemies":"Cultist and Chosen","floor":31,"turns":4},{"damage":55,"enemies":"Automaton","floor":33,"turns":7},{"damage":31,"enemies":"3 Shapes","floor":35,"turns":2},{"damage":58,"enemies":"2 Orb Walkers","floor":37,"turns":5},{"damage":18,"enemies":"Orb Walker","floor":38,"turns":3},{"damage":24,"enemies":"3 Darklings","floor":39,"turns":3}],"seed_played":"1235566580699487254","potions_obtained":[{"floor":0,"key":"EntropicBrew"},{"floor":0,"key":"Explosive Potion"},{"floor":0,"key":"Fruit Juice"},{"floor":1,"key":"Fire Potion"},{"floor":14,"key":"SkillPotion"},{"floor":16,"key":"Explosive Potion"},{"floor":19,"key":"Fruit Juice"},{"floor":28,"key":"Energy Potion"},{"floor":30,"key":"PowerPotion"},{"floor":35,"key":"Strength Potion"},{"floor":37,"key":"Strength Potion"}],"is_trial":false,"path_per_floor":["M","M","?","?","$","E","R","M","T","R","M","M","R","E","R","B",null,"M","M","?","?","$","E","R","M","T","T","M","R","M","M","R","B",null,"M","$","?","M","M"],"character_chosen":"THE_SILENT","items_purchased":["PreservedInsect","Discovery","Lantern","Outmaneuver+1","Trip+1"],"campfire_rested":5,"item_purchase_floors":[22,22,36,36,36],"current_hp_per_floor":[75,75,75,68,68,45,67,62,62,62,59,38,60,40,62,34,75,74,71,55,55,55,35,59,53,53,53,51,75,59,59,59,4,80,49,49,31,17,0],"gold":107,"neow_bonus":"THREE_SMALL_POTIONS","is_prod":false,"is_daily":false,"chose_seed":false,"campfire_upgraded":2,"win_rate":0.0,"timestamp":1564167926,"path_taken":["M","?","?","?","$","E","R","M","T","R","?","M","R","E","R","BOSS","M","M","?","?","?","E","R","M","T","?","?","R","M","M","R","BOSS","M","$","?","M","M"],"build_version":"2019-07-17","purchased_purges":1,"victory":false,"max_hp_per_floor":[75,75,75,75,75,75,75,75,75,75,75,75,75,75,75,75,75,75,80,80,80,80,80,80,80,80,80,80,80,80,80,80,80,80,80,80,80,80,80],"card_choices":[{"not_picked":["Sucker Punch","Acrobatics"],"picked":"Slice","floor":1},{"not_picked":["Blade Dance","Acrobatics"],"picked":"All Out Attack","floor":2},{"not_picked":["Flechettes","Reflex"],"picked":"Dagger Spray","floor":6},{"not_picked":["Flechettes","Bullet Time"],"picked":"Heel Hook","floor":8},{"not_picked":["Flying Knee","Bane"],"picked":"Infinite Blades+1","floor":11},{"not_picked":["Quick Slash","Distraction"],"picked":"Poisoned Stab","floor":12},{"not_picked":["Dagger Throw","Glass Knife"],"picked":"Caltrops+1","floor":14},{"not_picked":["Malaise","Bullet Time"],"picked":"Adrenaline","floor":16},{"not_picked":["Acrobatics","Outmaneuver"],"picked":"Dagger Spray+1","floor":18},{"not_picked":["Flying Knee","Finisher"],"picked":"Noxious Fumes+1","floor":19},{"not_picked":["Acrobatics","Eviscerate"],"picked":"Flying Knee","floor":23},{"not_picked":["Bouncing Flask","Sucker Punch"],"picked":"Deadly Poison+1","floor":25},{"not_picked":["Quick Slash","Riddle With Holes"],"picked":"Prepared+1","floor":28},{"not_picked":["Flying Knee+1","Well Laid Plans+1"],"picked":"Deadly Poison+1","floor":30},{"not_picked":["Caltrops+1","Escape Plan+1"],"picked":"Terror+1","floor":31},{"not_picked":["Burst+1","Unload"],"picked":"Phantasmal Killer+1","floor":33},{"not_picked":["Tactician+1","Underhanded Strike+1"],"picked":"Backflip+1","floor":35},{"not_picked":["Prepared+1","Tactician+1"],"picked":"Dodge and Roll+1","floor":37},{"not_picked":["Flying Knee+1","Dagger Spray"],"picked":"Catalyst+1","floor":38}],"player_experience":149579,"relics_obtained":[{"floor":6,"key":"Frozen Egg 2"},{"floor":9,"key":"Mercury Hourglass"},{"floor":14,"key":"Tingsha"},{"floor":20,"key":"Nilry\u0027s Codex"},{"floor":23,"key":"Tiny Chest"},{"floor":26,"key":"Ornamental Fan"},{"floor":27,"key":"Toxic Egg 2"},{"floor":37,"key":"Bird Faced Urn"}],"event_choices":[{"damage_healed":0,"gold_gain":0,"player_choice":"Take Wound","damage_taken":0,"relics_obtained":["Golden Idol"],"max_hp_gain":0,"max_hp_loss":0,"event_name":"Golden Idol","floor":3,"gold_loss":0,"cards_obtained":["Injury"]},{"damage_healed":0,"gold_gain":0,"player_choice":"Damaged","damage_taken":7,"max_hp_gain":0,"max_hp_loss":0,"event_name":"Wheel of Change","floor":4,"gold_loss":0},{"damage_healed":0,"gold_gain":0,"player_choice":"Obtained Book","damage_taken":16,"max_hp_gain":0,"max_hp_loss":0,"event_name":"Cursed Tome","floor":20,"gold_loss":0},{"damage_healed":0,"gold_gain":0,"player_choice":"Obtained Relic","damage_taken":0,"relics_obtained":["FossilizedHelix"],"max_hp_gain":0,"max_hp_loss":0,"event_name":"Addict","floor":21,"gold_loss":85},{"damage_healed":0,"gold_gain":0,"player_choice":"Fight","damage_taken":0,"max_hp_gain":0,"max_hp_loss":0,"event_name":"Mysterious Sphere","floor":37,"gold_loss":0}],"is_beta":false,"boss_relics":[{"not_picked":["Ectoplasm","HoveringKite"],"picked":"Lizard Tail"},{"not_picked":["Astrolabe","Tiny House"],"picked":"WristBlade"}],"items_purged_floors":[5],"is_endless":false,"potions_floor_spawned":[1,14,16,19,28,30,35,37],"killed_by":"3 Darklings","ascension_level":0}