{"gold_per_floor":[17,36,54,54,70,99,99,130,130,130,130],"floor_reached":11,"playtime":664,"items_purged":[],"score":116,"play_id":"95be25b6-46db-4fa9-9db0-30b705e6d294","local_time":"20180726230557","is_ascension_mode":true,"campfire_choices":[{"data":"Infernal Blade","floor":7,"key":"SMITH"}],"neow_cost":"NO_GOLD","seed_source_timestamp":462328128534978,"circlet_count":0,"master_deck":["Strike_R","Strike_R","Strike_R","Defend_R","Defend_R","Defend_R","Defend_R","Bash","Infernal Blade+1","Sword Boomerang","Pummel","Warcry","Exhume","Ghostly Armor"],"relics":["Burning Blood","Ice Cream","Du-Vu Doll","Omamori","Frozen Egg 2"],"potions_floor_usage":[6,8,11],"damage_taken":[{"damage":12,"enemies":"Jaw Worm","floor":1,"turns":2},{"damage":0,"enemies":"Cultist","floor":2,"turns":3},{"damage":11,"enemies":"Small Slimes","floor":3,"turns":4},{"damage":0,"enemies":"Exordium Wildlife","floor":5,"turns":3},{"damage":60,"enemies":"Lagavulin","floor":6,"turns":8},{"damage":19,"enemies":"3 Sentries","floor":8,"turns":10},{"damage":4,"enemies":"Red Slaver","floor":11,"turns":1}],"seed_played":"-8391239084535116354","potions_obtained":[{"floor":3,"key":"EssenceOfSteel"},{"floor":6,"key":"EssenceOfSteel"},{"floor":8,"key":"GamblersBrew"}],"is_trial":false,"path_per_floor":["M","M","M","?","M","E","R","E","T","?"],"character_chosen":"IRONCLAD","items_purchased":[],"campfire_rested":0,"item_purchase_floors":[],"current_hp_per_floor":[66,72,67,67,73,19,19,9,9,2,0],"gold":130,"neow_bonus":"ONE_RARE_RELIC","is_prod":false,"is_daily":false,"chose_seed":false,"campfire_upgraded":1,"win_rate":0,"timestamp":1532660757,"path_taken":["M","M","M","?","M","E","R","E","T","?","M"],"build_version":"2018-07-26","purchased_purges":0,"victory":false,"max_hp_per_floor":[80,80,80,80,80,80,80,83,83,83,83],"card_choices":[{"not_picked":["Perfected Strike","Twin Strike"],"picked":"Infernal Blade","floor":1},{"not_picked":["Second Wind","Body Slam"],"picked":"Sword Boomerang","floor":2},{"not_picked":["Reckless Charge","Corruption"],"picked":"Pummel","floor":3},{"not_picked":["Flex","Havoc"],"picked":"Warcry","floor":5},{"not_picked":["Battle Trance","Thunderclap"],"picked":"Exhume","floor":6},{"not_picked":["Feel No Pain","Juggernaut"],"picked":"Ghostly Armor","floor":8}],"player_experience":351354,"relics_obtained":[{"floor":6,"key":"Du-Vu Doll"},{"floor":8,"key":"Omamori"},{"floor":9,"key":"Frozen Egg 2"}],"event_choices":[{"event_name":"Living Wall","player_choice":"Forget","floor":4,"damage_taken":0},{"event_name":"Golden Wing","player_choice":"Card Removal","floor":10,"damage_taken":0}],"is_beta":false,"boss_relics":[],"items_purged_floors":[],"is_endless":false,"potions_floor_spawned":[3,6,8],"killed_by":"Red Slaver","ascension_level":8}