{"gold_per_floor":[113,113,113,133,146,180,199,212,289,3,28,44,44,79,79,178,178,193,5,24,37,37,69,69,89,89,89,89,89,104,3,3,98,98,118,118,138,148,158,193,193,227,227,227,256,256,1,17,17,17],"floor_reached":51,"playtime":4016,"items_purged":["Strike_R","Strike_R"],"score":1443,"play_id":"05829329-65e6-4133-9b30-243cd8bd1768","local_time":"20180724143324","is_ascension_mode":true,"campfire_choices":[{"data":"True Grit","floor":13,"key":"SMITH"},{"data":"Rampage","floor":15,"key":"SMITH"},{"data":"Corruption","floor":24,"key":"SMITH"},{"data":"Infernal Blade","floor":27,"key":"SMITH"},{"data":"Spot Weakness","floor":29,"key":"SMITH"},{"data":"Searing Blow+1","floor":32,"key":"SMITH"},{"data":"Searing Blow+2","floor":41,"key":"SMITH"},{"data":"Fiend Fire","floor":44,"key":"SMITH"},{"data":"Feel No Pain","floor":49,"key":"SMITH"}],"neow_cost":"NONE","seed_source_timestamp":255366436251914,"circlet_count":0,"master_deck":["Strike_R","Strike_R","Defend_R","Defend_R+1","Defend_R","Defend_R","Bash+1","Shrug It Off","Perfected Strike","True Grit+1","Clash","Spot Weakness+1","Rage","Headbutt","Flash of Steel","Shrug It Off","Rampage+1","Headbutt","Perfected Strike","Double Tap","Corruption+1","Shrug It Off","Trip","Infernal Blade+1","Intimidate","Ghostly","Ghostly","Ghostly","Ghostly","Ghostly","Headbutt","Headbutt","Searing Blow+3","True Grit","Fiend Fire+1","Feel No Pain+1","Sentinel","Heavy Blade","Warcry+1","Disarm","Infernal Blade+1","Metallicize+1","Fiend Fire+1","Feel No Pain+1","Sever Soul+1"],"relics":["Burning Blood","Thread and Needle","Question Card","Bag of Preparation","Dead Branch","Art of War","Sozu","Letter Opener","The Courier","Shuriken","Coffee Dripper","Ancient Tea Set","Bronze Scales","Mummified Hand","Torii","Bottled Tornado"],"potions_floor_usage":[11,16,16,18],"damage_taken":[{"damage":5,"enemies":"2 Louse","floor":1,"turns":3},{"damage":2,"enemies":"Jaw Worm","floor":4,"turns":3},{"damage":10,"enemies":"Cultist","floor":5,"turns":4},{"damage":30,"enemies":"3 Sentries","floor":6,"turns":13},{"damage":0,"enemies":"Large Slime","floor":7,"turns":5},{"damage":13,"enemies":"Gremlin Gang","floor":8,"turns":6},{"damage":0,"enemies":"Gremlin Nob","floor":11,"turns":4},{"damage":0,"enemies":"Red Slaver","floor":12,"turns":5},{"damage":15,"enemies":"Lagavulin","floor":14,"turns":6},{"damage":0,"enemies":"The Guardian","floor":16,"turns":11},{"damage":25,"enemies":"3 Byrds","floor":18,"turns":7},{"damage":0,"enemies":"Spheric Guardian","floor":20,"turns":3},{"damage":5,"enemies":"Snecko","floor":21,"turns":2},{"damage":0,"enemies":"Book of Stabbing","floor":23,"turns":3},{"damage":0,"enemies":"Cultist and Chosen","floor":25,"turns":3},{"damage":0,"enemies":"Snake Plant","floor":30,"turns":3},{"damage":0,"enemies":"Automaton","floor":33,"turns":8},{"damage":0,"enemies":"Flame Bruiser 1 Orb","floor":35,"turns":2},{"damage":0,"enemies":"Orb Walker","floor":37,"turns":2},{"damage":2,"enemies":"3 Darklings","floor":38,"turns":2},{"damage":0,"enemies":"Sphere and 2 Shapes","floor":39,"turns":4},{"damage":7,"enemies":"2 Orb Walkers","floor":40,"turns":3},{"damage":3,"enemies":"Giant Head","floor":42,"turns":5},{"damage":2,"enemies":"2 Orb Walkers","floor":45,"turns":4},{"damage":0,"enemies":"Transient","floor":48,"turns":4},{"damage":0,"enemies":"Donu and Deca","floor":50,"turns":5}],"seed_played":"-5397207072112624214","potions_obtained":[{"floor":4,"key":"LiquidBronze"},{"floor":6,"key":"Weak Potion"},{"floor":11,"key":"Dexterity Potion"},{"floor":14,"key":"GamblersBrew"}],"is_trial":false,"path_per_floor":["M","?","?","M","M","E","M","M","T","$","E","M","R","E","R","B",null,"M","$","M","M","?","E","R","M","T","R","?","R","M","$","R","B",null,"M","?","M","M","M","E","R","E","T","R","E","?","$","M","R","B"],"character_chosen":"IRONCLAD","items_purchased":["Flash of Steel","Bag of Preparation","Shrug It Off","Shrug It Off","Trip","True Grit","Bottled Tornado","Feel No Pain"],"campfire_rested":0,"item_purchase_floors":[10,10,10,19,19,31,47,47],"current_hp_per_floor":[81,63,63,67,63,39,45,38,38,38,44,50,50,41,41,47,78,59,59,65,69,45,45,45,45,45,45,45,45,45,45,45,48,48,48,48,48,48,48,47,47,48,48,48,48,48,48,48,48,51],"gold":17,"neow_bonus":"TEN_PERCENT_HP_BONUS","is_prod":false,"is_daily":false,"chose_seed":false,"campfire_upgraded":9,"win_rate":0,"timestamp":1532457204,"path_taken":["M","?","?","?","M","E","M","M","T","$","E","M","R","E","R","BOSS","M","$","M","M","?","E","R","?","T","R","?","R","M","$","R","BOSS","M","?","M","?","M","E","R","E","T","R","E","?","$","M","R","BOSS"],"build_version":"2018-07-19v2","purchased_purges":2,"victory":true,"max_hp_per_floor":[88,88,88,88,88,88,88,88,88,88,88,88,88,88,88,88,88,88,88,88,91,45,45,45,45,45,45,45,45,45,45,45,48,48,48,48,48,48,48,48,48,48,48,48,48,48,48,48,48,51],"card_choices":[{"not_picked":["Armaments","Rage"],"picked":"Shrug It Off","floor":1},{"not_picked":["Headbutt","Warcry"],"picked":"True Grit","floor":4},{"not_picked":["Heavy Blade","Blood for Blood"],"picked":"Clash","floor":5},{"not_picked":["Perfected Strike","Power Through"],"picked":"Spot Weakness","floor":6},{"not_picked":["Sever Soul","Twin Strike"],"picked":"Rage","floor":7},{"not_picked":["Iron Wave","Pommel Strike"],"picked":"Headbutt","floor":8},{"not_picked":["Headbutt","Carnage","Pummel"],"picked":"Rampage","floor":11},{"not_picked":["Demon Form","Thunderclap","Iron Wave"],"picked":"Headbutt","floor":12},{"not_picked":["Evolve","Body Slam","Uppercut"],"picked":"Perfected Strike","floor":14},{"not_picked":["Juggernaut","Offering","Berserk"],"picked":"Double Tap","floor":16},{"not_picked":["Hemokinesis","Second Wind","Twin Strike"],"picked":"Corruption","floor":18},{"not_picked":["Clothesline","Uppercut+1","Armaments"],"picked":"Infernal Blade","floor":20},{"not_picked":["True Grit","Reckless Charge+1","Thunderclap"],"picked":"Intimidate","floor":21},{"not_picked":["Sword Boomerang+1","Armaments","Shrug It Off"],"picked":"Headbutt","floor":23},{"not_picked":["Blood for Blood+1","Twin Strike+1","Rampage"],"picked":"Headbutt","floor":25},{"not_picked":["Blood for Blood+1","Shrug It Off+1","True Grit"],"picked":"Searing Blow+1","floor":30},{"not_picked":["Barricade","Dark Embrace","Feed"],"picked":"Fiend Fire","floor":33},{"not_picked":["Body Slam+1","Reckless Charge","Wild Strike+1"],"picked":"Feel No Pain+1","floor":35},{"not_picked":["Thunderclap+1","Searing Blow+1","Perfected Strike+1"],"picked":"Sentinel","floor":37},{"not_picked":["Clothesline","Rampage+1","Fire Breathing"],"picked":"Heavy Blade","floor":38},{"not_picked":["Infernal Blade","Body Slam","Clash"],"picked":"Warcry+1","floor":39},{"not_picked":["Whirlwind+1","Brutality","Wild Strike"],"picked":"Disarm","floor":40},{"not_picked":["Corruption+1","Power Through+1","Iron Wave+1"],"picked":"Infernal Blade+1","floor":42},{"not_picked":["Ghostly Armor+1","Whirlwind","True Grit+1"],"picked":"Metallicize+1","floor":45},{"not_picked":["Heavy Blade+1","Thunderclap","Dropkick"],"picked":"Sever Soul+1","floor":48}],"player_experience":288144,"relics_obtained":[{"floor":6,"key":"Thread and Needle"},{"floor":9,"key":"Question Card"},{"floor":11,"key":"Dead Branch"},{"floor":14,"key":"Art of War"},{"floor":23,"key":"Letter Opener"},{"floor":26,"key":"The Courier"},{"floor":40,"key":"Ancient Tea Set"},{"floor":42,"key":"Bronze Scales"},{"floor":43,"key":"Mummified Hand"},{"floor":45,"key":"Torii"}],"event_choices":[{"event_name":"Shining Light","player_choice":"Entered Light","floor":2,"damage_taken":0},{"event_name":"Living Wall","player_choice":"Change","floor":3,"damage_taken":0},{"event_name":"Ghosts","player_choice":"Became a Ghost","floor":22,"damage_taken":0},{"event_name":"The Mausoleum","player_choice":"Yes","floor":28,"damage_taken":0},{"event_name":"The Lab","player_choice":"Got Potions","floor":36,"damage_taken":0},{"event_name":"Duplicator","player_choice":"One dupe","floor":46,"damage_taken":0}],"is_beta":false,"boss_relics":[{"not_picked":["Runic Pyramid","Black Blood"],"picked":"Sozu"},{"not_picked":["Calling Bell","Astrolabe"],"picked":"Coffee Dripper"}],"items_purged_floors":[19,31],"is_endless":false,"potions_floor_spawned":[4,6,11,14,20,21,30,35,45,48],"ascension_level":6}