{"gold_per_floor":[114,129,58,58,58,58,81,116,116,136,151,76,76,91,91,212],"floor_reached":16,"playtime":576,"items_purged":["Strike_R"],"score":198,"play_id":"58edcd7a-1ffc-4aa1-9318-7c4e49842d7a","local_time":"20190522111257","is_ascension_mode":true,"campfire_choices":[{"floor":6,"key":"REST"},{"floor":13,"key":"REST"},{"floor":15,"key":"REST"}],"neow_cost":"NONE","seed_source_timestamp":47950857482250,"circlet_count":0,"master_deck":["Strike_R","Strike_R","Strike_R","Strike_R","Defend_R","Defend_R","Defend_R","Defend_R","Bash","Wild Strike","Rage","Inflame","Entrench","Metallicize","Ghostly Armor","Reaper"],"relics":["Burning Blood","Oddly Smooth Stone","Golden Idol","Ornamental Fan","Pantograph","Bronze Scales"],"potions_floor_usage":[8,11,16,16],"damage_taken":[{"damage":0,"enemies":"Small Slimes","floor":1,"turns":3},{"damage":10,"enemies":"2 Louse","floor":2,"turns":2},{"damage":1,"enemies":"Jaw Worm","floor":7,"turns":3},{"damage":28,"enemies":"3 Sentries","floor":8,"turns":7},{"damage":20,"enemies":"Exordium Thugs","floor":10,"turns":5},{"damage":9,"enemies":"Exordium Wildlife","floor":11,"turns":4},{"damage":19,"enemies":"3 Louse","floor":14,"turns":3},{"damage":72,"enemies":"The Guardian","floor":16,"turns":15}],"seed_played":"-2512196841383604511","potions_obtained":[{"floor":7,"key":"PowerPotion"},{"floor":10,"key":"Poison Potion"},{"floor":11,"key":"Weak Potion"},{"floor":14,"key":"Poison Potion"}],"is_trial":false,"path_per_floor":["M","M","$","?","?","R","M","E","T","M","M","$","R","M","R","B"],"character_chosen":"IRONCLAD","items_purchased":["Inflame"],"campfire_rested":3,"item_purchase_floors":[3],"current_hp_per_floor":[78,74,74,74,32,54,59,37,37,23,20,20,42,29,51,8],"gold":212,"neow_bonus":"RANDOM_COMMON_RELIC","is_prod":false,"is_daily":false,"chose_seed":false,"campfire_upgraded":0,"win_rate":0,"timestamp":1558537977,"path_taken":["M","M","$","?","?","R","M","E","T","M","M","$","R","M","R","BOSS"],"build_version":"2019-01-23","purchased_purges":1,"victory":false,"max_hp_per_floor":[80,80,80,74,74,74,74,74,74,74,74,74,74,74,74,74],"card_choices":[{"not_picked":["Havoc","Combust"],"picked":"Wild Strike","floor":1},{"not_picked":["Twin Strike","Reckless Charge"],"picked":"Rage","floor":2},{"not_picked":["Anger","Reckless Charge","Clash"],"picked":"SKIP","floor":7},{"not_picked":["Dropkick","Whirlwind"],"picked":"Entrench","floor":8},{"not_picked":["Corruption","Searing Blow"],"picked":"Metallicize","floor":10},{"not_picked":["Clash","Battle Trance","Feel No Pain"],"picked":"SKIP","floor":11},{"not_picked":["Rupture","Havoc"],"picked":"Ghostly Armor","floor":14},{"not_picked":["Feed","Fiend Fire"],"picked":"Reaper","floor":16}],"player_experience":1023523,"relics_obtained":[{"floor":8,"key":"Pantograph"},{"floor":9,"key":"Bronze Scales"}],"event_choices":[{"damage_healed":0,"gold_gain":0,"player_choice":"Lose Max HP","damage_taken":0,"relics_obtained":["Golden Idol"],"max_hp_gain":0,"max_hp_loss":6,"event_name":"Golden Idol","floor":4,"gold_loss":0},{"damage_healed":0,"gold_gain":0,"player_choice":"Success","damage_taken":42,"relics_obtained":["Ornamental Fan"],"max_hp_gain":0,"max_hp_loss":0,"event_name":"Scrap Ooze","floor":5,"gold_loss":0}],"is_beta":false,"boss_relics":[],"items_purged_floors":[12],"is_endless":false,"potions_floor_spawned":[7,10,11,14],"killed_by":"The Guardian","ascension_level":6}