{"gold_per_floor":[213,18,36,55,55,89,89,107,107,120,2,2,2,21,21,93,93,104,104,123,123],"floor_reached":21,"playtime":427,"items_purged":["Strike_B"],"score":362,"play_id":"805c92b7-9eb0-4339-8e5b-cfd109c95177","local_time":"20190723204220","is_ascension_mode":true,"campfire_choices":[{"data":"Defragment","floor":7.0,"key":"SMITH"},{"data":"Recycle","floor":12.0,"key":"SMITH"},{"data":"Static Discharge","floor":15.0,"key":"SMITH"}],"neow_cost":"NONE","seed_source_timestamp":442535156598811,"circlet_count":0,"master_deck":["AscendersBane","Strike_B","Strike_B","Defend_B","Defend_B","Defend_B","Defend_B","Zap","Dualcast","Storm","Static Discharge+1","BootSequence","Rip and Tear","Recycle+1","Defragment+1","Ball Lightning","Coolheaded","Sunder","Defragment","Multi-Cast","Heatsinks","Double Energy","Conserve Battery"],"special_seed":0,"relics":["Cracked Core","Bottled Lightning","Meat on the Bone","Runic Dome"],"potions_floor_usage":[20],"damage_taken":[{"damage":1.0,"enemies":"Cultist","floor":1.0,"turns":3.0},{"damage":9.0,"enemies":"Small Slimes","floor":3.0,"turns":4.0},{"damage":0.0,"enemies":"2 Louse","floor":4.0,"turns":2.0},{"damage":32.0,"enemies":"Gremlin Nob","floor":6.0,"turns":4.0},{"damage":4.0,"enemies":"Red Slaver","floor":8.0,"turns":3.0},{"damage":10.0,"enemies":"Exordium Wildlife","floor":10.0,"turns":4.0},{"damage":12.0,"enemies":"2 Fungi Beasts","floor":14.0,"turns":4.0},{"damage":18.0,"enemies":"Hexaghost","floor":16.0,"turns":6.0},{"damage":20,"enemies":"Spheric Guardian","floor":18,"turns":4},{"damage":30,"enemies":"3 Byrds","floor":20,"turns":3},{"damage":26,"enemies":"Shelled Parasite and Fungi","floor":21,"turns":2}],"seed_played":"-3120032052101758418","potions_obtained":[{"floor":6.0,"key":"SteroidPotion"},{"floor":16.0,"key":"Energy Potion"},{"floor":20,"key":"Strength Potion"}],"is_trial":false,"path_per_floor":["M","$","M","M","?","E","R","M","T","M","$","R","?","M","R","B",null,"M","?","M","M"],"character_chosen":"DEFECT","items_purchased":["Static Discharge","BootSequence","Sunder","Defragment"],"campfire_rested":0,"item_purchase_floors":[2,2,11,11],"current_hp_per_floor":[63,63,54,54,59,27,27,23,23,25,25,25,25,25,25,19,62,42,42,24,0],"gold":123,"neow_bonus":"HUNDRED_GOLD","is_prod":false,"is_daily":false,"chose_seed":false,"campfire_upgraded":3,"win_rate":0,"timestamp":1563885740,"path_taken":["M","$","?","M","?","E","R","M","T","M","$","R","?","M","R","BOSS","M","?","M","?"],"build_version":"2019-07-17","purchased_purges":1,"victory":false,"max_hp_per_floor":[71,71,71,71,76,76,76,76,76,76,76,76,76,76,76,76,76,76,76,76,76],"card_choices":[{"not_picked":["Rebound","FTL"],"picked":"Storm","floor":1.0},{"not_picked":["Stack","Reprogram"],"picked":"Rip and Tear","floor":3.0},{"not_picked":["Sweeping Beam","Reinforced Body"],"picked":"Recycle","floor":4.0},{"not_picked":["Sweeping Beam","Coolheaded"],"picked":"Defragment","floor":6.0},{"not_picked":["Force Field","Stack"],"picked":"Ball Lightning","floor":8.0},{"not_picked":["Seek","Redo"],"picked":"Coolheaded","floor":10.0},{"not_picked":["Sunder","Leap","Auto Shields"],"picked":"SKIP","floor":14.0},{"not_picked":["Rainbow","Reboot"],"picked":"Multi-Cast","floor":16.0},{"not_picked":["Recycle","Capacitor"],"picked":"Heatsinks","floor":18},{"not_picked":["Gash","Beam Cell"],"picked":"Conserve Battery","floor":20}],"player_experience":2065638,"relics_obtained":[{"floor":6.0,"key":"Bottled Lightning"},{"floor":9.0,"key":"Meat on the Bone"}],"event_choices":[{"damage_healed":0.0,"max_hp_gain":5.0,"max_hp_loss":0.0,"gold_gain":0.0,"event_name":"Big Fish","player_choice":"Donut","floor":5.0,"gold_loss":0.0,"damage_taken":0.0},{"damage_healed":0.0,"max_hp_gain":0.0,"max_hp_loss":0.0,"gold_gain":0.0,"event_name":"Scrap Ooze","player_choice":"Fled","floor":13.0,"gold_loss":0.0,"damage_taken":0.0},{"damage_healed":0,"gold_gain":0,"cards_transformed":["Strike_B"],"player_choice":"Transformed","damage_taken":0,"max_hp_gain":0,"max_hp_loss":0,"event_name":"Transmorgrifier","floor":19,"gold_loss":0,"cards_obtained":["Double Energy"]}],"is_beta":false,"boss_relics":[{"not_picked":["Orrery","Fusion Hammer"],"picked":"Runic Dome"}],"items_purged_floors":[2],"is_endless":false,"potions_floor_spawned":[6,16,20],"killed_by":"Shelled Parasite and Fungi","ascension_level":20}