{"gold_per_floor":[143,159,179,179,206,218,259,287,346,393,405,436,462,487,499,610,622,648,676,708,737,385,385,398,417,440,440,466,158,158,175,175,276,276,286,299,299,319,319,319,121,132,159,159,176,176,186,199,199,199],"floor_reached":50,"playtime":2667,"items_purged":["Strike_R","Strike_R","Strike_R"],"score":891,"play_id":"6e66ae02-71f4-4384-b95f-4c411491f41a","local_time":"20190806070716","is_ascension_mode":true,"campfire_choices":[{"data":"Whirlwind","floor":6.0,"key":"SMITH"},{"data":"Armaments","floor":15.0,"key":"SMITH"},{"data":"Evolve","floor":23.0,"key":"SMITH"},{"data":"Barricade","floor":30.0,"key":"SMITH"},{"data":"Offering","floor":32.0,"key":"SMITH"},{"data":"Shockwave","floor":40,"key":"SMITH"},{"floor":46,"key":"REST"},{"floor":49,"key":"REST"}],"neow_cost":"NONE","seed_source_timestamp":100384209806201,"circlet_count":0,"master_deck":["AscendersBane","Strike_R","Strike_R","Defend_R","Defend_R","Defend_R","Defend_R","Bash","Havoc+1","Whirlwind+1","Shockwave+1","Power Through","Offering+1","Flex","Ghostly Armor","Shrug It Off","Armaments+1","Barricade+1","Havoc","Battle Trance+1","Evolve+1","Shrug It Off+1","Warcry+1","Second Wind","Offering","Metallicize","Second Wind+1","Feel No Pain","Parasite","Spot Weakness","Sentinel"],"special_seed":0,"relics":["Burning Blood","Tiny Chest","MawBank","Pantograph","Regal Pillow","Pen Nib","Mark of Pain","Bottled Lightning","Bag of Preparation","Paper Frog","PreservedInsect","Lee\u0027s Waffle","Lizard Tail","War Paint","Molten Egg 2"],"potions_floor_usage":[38,47,50],"damage_taken":[{"damage":6.0,"enemies":"Cultist","floor":1.0,"turns":3.0},{"damage":13.0,"enemies":"Jaw Worm","floor":2.0,"turns":5.0},{"damage":0.0,"enemies":"2 Louse","floor":3.0,"turns":1.0},{"damage":21.0,"enemies":"Gremlin Gang","floor":5.0,"turns":6.0},{"damage":20.0,"enemies":"Gremlin Nob","floor":7.0,"turns":4.0},{"damage":3.0,"enemies":"Large Slime","floor":8.0,"turns":5.0},{"damage":0.0,"enemies":"3 Sentries","floor":10.0,"turns":2.0},{"damage":6.0,"enemies":"Exordium Thugs","floor":12.0,"turns":1.0},{"damage":14.0,"enemies":"Blue Slaver","floor":13.0,"turns":4.0},{"damage":8.0,"enemies":"Gremlin Gang","floor":14.0,"turns":2.0},{"damage":59.0,"enemies":"Hexaghost","floor":16.0,"turns":11.0},{"damage":23.0,"enemies":"2 Thieves","floor":18.0,"turns":3.0},{"damage":10.0,"enemies":"Chosen","floor":19.0,"turns":5.0},{"damage":40.0,"enemies":"Snake Plant","floor":20.0,"turns":4.0},{"damage":6.0,"enemies":"3 Cultists","floor":21.0,"turns":2.0},{"damage":6.0,"enemies":"Chosen and Byrds","floor":24.0,"turns":7.0},{"damage":6.0,"enemies":"Snake Plant","floor":25.0,"turns":9.0},{"damage":11.0,"enemies":"Slavers","floor":28.0,"turns":2.0},{"damage":14.0,"enemies":"Sentry and Sphere","floor":31.0,"turns":12.0},{"damage":6.0,"enemies":"Automaton","floor":33.0,"turns":13.0},{"damage":43,"enemies":"3 Darklings","floor":35,"turns":4},{"damage":8,"enemies":"Orb Walker","floor":36,"turns":5},{"damage":28,"enemies":"Sphere and 2 Shapes","floor":38,"turns":10},{"damage":6,"enemies":"4 Shapes","floor":42,"turns":8},{"damage":6,"enemies":"Writhing Mass","floor":45,"turns":9},{"damage":31,"enemies":"Jaw Worm Horde","floor":47,"turns":5},{"damage":20,"enemies":"3 Darklings","floor":48,"turns":3},{"damage":27,"enemies":"Time Eater","floor":50,"turns":9}],"seed_played":"-2529898706944469341","potions_obtained":[{"floor":1.0,"key":"BloodPotion"},{"floor":2.0,"key":"SkillPotion"},{"floor":5.0,"key":"AttackPotion"},{"floor":8.0,"key":"SkillPotion"},{"floor":14.0,"key":"Poison Potion"},{"floor":16.0,"key":"Energy Potion"},{"floor":18.0,"key":"SkillPotion"},{"floor":21.0,"key":"Weak Potion"},{"floor":24.0,"key":"GamblersBrew"},{"floor":36,"key":"PowerPotion"},{"floor":45,"key":"SpeedPotion"},{"floor":47,"key":"BloodPotion"},{"floor":48,"key":"Regen Potion"}],"is_trial":false,"path_per_floor":["M","M","M","T","M","R","E","M","T","E","?","M","M","M","R","B",null,"M","M","M","M","$","R","M","M","T","T","E","$","R","M","R","B",null,"M","M","?","M","?","R","$","M","T","T","M","R","M","M","R","B"],"character_chosen":"IRONCLAD","items_purchased":["Evolve","Bottled Lightning","Lee\u0027s Waffle","Feel No Pain"],"campfire_rested":2,"item_purchase_floors":[22,22,29,41],"current_hp_per_floor":[72,65,71,71,56,56,42,45,45,51,51,51,43,41,41,33,68,51,47,13,13,13,13,13,13,13,13,8,87,87,79,79,87,87,50,48,48,26,26,26,26,26,26,26,26,67,42,28,69,75],"gold":199,"neow_bonus":"RANDOM_COMMON_RELIC","is_prod":false,"is_daily":false,"chose_seed":false,"campfire_upgraded":6,"win_rate":0,"timestamp":1565042836,"path_taken":["M","M","M","?","?","R","E","?","T","E","?","M","?","M","R","BOSS","M","M","M","?","$","R","M","M","T","?","E","$","R","M","R","BOSS","M","M","?","?","?","R","$","?","T","?","M","R","M","?","R","BOSS"],"build_version":"2019-07-17","purchased_purges":3,"victory":false,"max_hp_per_floor":[80,80,80,80,80,80,80,80,80,80,80,80,80,80,80,80,80,80,80,80,80,80,80,80,80,80,80,80,87,87,87,87,87,87,87,87,87,87,87,87,87,87,87,87,87,87,87,87,87,87],"card_choices":[{"not_picked":["Combust","Searing Blow"],"picked":"Havoc","floor":1.0},{"not_picked":["Shrug It Off","Bloodletting"],"picked":"Whirlwind","floor":2.0},{"not_picked":["Sentinel","Twin Strike"],"picked":"Shockwave","floor":3.0},{"not_picked":["Combust","Flame Barrier"],"picked":"Power Through","floor":5.0},{"not_picked":["Pommel Strike","True Grit"],"picked":"Offering","floor":7.0},{"not_picked":["Infernal Blade","Thunderclap"],"picked":"Flex","floor":8.0},{"not_picked":["Reckless Charge","Power Through","Berserk"],"picked":"SKIP","floor":10.0},{"not_picked":["Dropkick","Havoc"],"picked":"Ghostly Armor","floor":12.0},{"not_picked":["Headbutt","Flex"],"picked":"Shrug It Off","floor":13.0},{"not_picked":["Combust","Shockwave"],"picked":"Armaments","floor":14.0},{"not_picked":["Impervious","Offering"],"picked":"Barricade","floor":16.0},{"not_picked":["Fire Breathing+1","Clash","Heavy Blade+1"],"picked":"SKIP","floor":18.0},{"not_picked":["Pommel Strike","Clothesline"],"picked":"Havoc","floor":19.0},{"not_picked":["Rampage","Clash"],"picked":"Battle Trance+1","floor":20.0},{"not_picked":["Sever Soul","Inflame","Twin Strike"],"picked":"SKIP","floor":21.0},{"not_picked":["Cleave+1","Evolve"],"picked":"Shrug It Off+1","floor":24.0},{"not_picked":["Anger+1","Clash"],"picked":"Warcry+1","floor":25.0},{"not_picked":["Fire Breathing","Rage","Pommel Strike"],"picked":"SKIP","floor":28.0},{"not_picked":["Warcry","Thunderclap"],"picked":"Second Wind","floor":31.0},{"not_picked":["Reaper","Immolate"],"picked":"Offering","floor":33.0},{"not_picked":["Rage+1","Pommel Strike","Searing Blow"],"picked":"SKIP","floor":35},{"not_picked":["Havoc","Headbutt"],"picked":"Metallicize","floor":36},{"not_picked":["Warcry","Havoc+1","Burning Pact"],"picked":"SKIP","floor":38},{"not_picked":["Corruption","Anger+1","Iron Wave"],"picked":"SKIP","floor":42},{"not_picked":["Corruption+1","Cleave+1"],"picked":"Spot Weakness","floor":45},{"not_picked":["Clothesline+1","Cleave+1"],"picked":"Sentinel","floor":47},{"not_picked":["Twin Strike+1","Perfected Strike+1","Wild Strike+1"],"picked":"SKIP","floor":48}],"player_experience":279024,"relics_obtained":[{"floor":4.0,"key":"MawBank"},{"floor":7.0,"key":"Pantograph"},{"floor":9.0,"key":"Regal Pillow"},{"floor":10.0,"key":"Pen Nib"},{"floor":26.0,"key":"Bag of Preparation"},{"floor":27.0,"key":"Paper Frog"},{"floor":28.0,"key":"PreservedInsect"},{"floor":43,"key":"War Paint"},{"floor":44,"key":"Molten Egg 2"}],"event_choices":[{"damage_healed":0.0,"max_hp_gain":0.0,"max_hp_loss":0.0,"gold_gain":0.0,"event_name":"Match and Keep!","player_choice":"0 cards matched","floor":11.0,"gold_loss":0.0,"damage_taken":0.0,"cards_obtained":[]},{"damage_healed":0,"gold_gain":0,"player_choice":"Bought 0 Potions","damage_taken":0,"max_hp_gain":0,"max_hp_loss":0,"event_name":"The Woman in Blue","floor":37,"gold_loss":0},{"damage_healed":0,"gold_gain":0,"player_choice":"Copied","damage_taken":0,"max_hp_gain":0,"max_hp_loss":0,"event_name":"Duplicator","floor":39,"gold_loss":0,"cards_obtained":["Second Wind"]}],"is_beta":false,"boss_relics":[{"not_picked":["Fusion Hammer","Black Star"],"picked":"Mark of Pain"},{"not_picked":["Velvet Choker","Runic Pyramid"],"picked":"Lizard Tail"}],"items_purged_floors":[22,29,41],"is_endless":false,"potions_floor_spawned":[1,2,5,8,14,16,18,21,24,31,36,45,47,48],"killed_by":"Time Eater","ascension_level":11}