{"gold_per_floor":[116,127,154,165,165,165,1,1,1,18,48,48,48,59,59,159,159,173,373,23,47,59,59],"floor_reached":23,"playtime":808,"items_purged":[],"score":269,"play_id":"2227d8d2-eca5-48ae-a53e-4d6d63ae4aba","local_time":"20190722012826","is_ascension_mode":true,"campfire_choices":[{"floor":6,"key":"REST"},{"data":"Apotheosis","floor":8,"key":"SMITH"},{"data":"1","floor":12,"key":"LIFT"},{"data":"2","floor":15,"key":"LIFT"}],"neow_cost":"NONE","seed_source_timestamp":1029899452388624,"circlet_count":0,"master_deck":["AscendersBane","Strike_R","Strike_R","Strike_R","Strike_R","Strike_R","Defend_R","Defend_R","Defend_R","Defend_R","Bash","Forethought","Disarm","Flex","Apotheosis+1","Spot Weakness","Barricade","Metallicize","Shrug It Off"],"relics":["Burning Blood","Happy Flower","Torii","Gremlin Horn","Girya","Black Star","Turnip","Red Skull"],"potions_floor_usage":[16,22],"damage_taken":[{"damage":15,"enemies":"Cultist","floor":1,"turns":5},{"damage":8,"enemies":"Jaw Worm","floor":2,"turns":5},{"damage":8,"enemies":"2 Louse","floor":4,"turns":3},{"damage":0,"enemies":"Large Slime","floor":10,"turns":4},{"damage":7,"enemies":"2 Fungi Beasts","floor":14,"turns":4},{"damage":15,"enemies":"Slime Boss","floor":16,"turns":8},{"damage":30,"enemies":"Spheric Guardian","floor":18,"turns":6},{"damage":12,"enemies":"3 Byrds","floor":22,"turns":6},{"damage":52,"enemies":"Book of Stabbing","floor":23,"turns":4}],"seed_played":"6674749998858435310","potions_obtained":[{"floor":4,"key":"Swift Potion"},{"floor":10,"key":"Weak Potion"}],"is_trial":false,"path_per_floor":["M","M","T","M","?","R","$","R","T","M","?","R","?","M","R","B",null,"M","?","$","T","M","E"],"character_chosen":"IRONCLAD","items_purchased":["Apotheosis","Shrug It Off","Turnip"],"campfire_rested":1,"item_purchase_floors":[7,20,20],"current_hp_per_floor":[63,61,61,59,56,80,80,80,80,80,80,80,80,79,79,70,78,54,54,54,54,48,0],"gold":59,"neow_bonus":"RANDOM_COLORLESS","is_prod":false,"is_daily":false,"chose_seed":false,"campfire_upgraded":1,"win_rate":0,"timestamp":1563773306,"path_taken":["M","M","?","M","?","R","$","R","T","M","?","R","?","M","R","BOSS","M","?","$","?","?","E"],"build_version":"2019-07-17","purchased_purges":0,"victory":false,"max_hp_per_floor":[80,80,80,80,80,80,80,80,80,80,80,80,80,80,80,80,80,80,80,80,80,80,80],"card_choices":[{"not_picked":["True Grit","Havoc"],"picked":"Disarm","floor":1},{"not_picked":["Headbutt","Clash"],"picked":"Flex","floor":2},{"not_picked":["Perfected Strike","Iron Wave","Sword Boomerang"],"picked":"SKIP","floor":4},{"not_picked":["Clash","Thunderclap","Armaments"],"picked":"SKIP","floor":10},{"not_picked":["Feel No Pain","Rampage"],"picked":"Spot Weakness","floor":14},{"not_picked":["Double Tap","Feed"],"picked":"Barricade","floor":16},{"not_picked":["Perfected Strike","Dropkick"],"picked":"Metallicize","floor":18},{"not_picked":["Headbutt","Intimidate+1","Clash+1"],"picked":"SKIP","floor":22}],"player_experience":1097906,"relics_obtained":[{"floor":3,"key":"Happy Flower"},{"floor":9,"key":"Gremlin Horn"},{"floor":21,"key":"Red Skull"}],"event_choices":[{"damage_healed":0,"gold_gain":0,"player_choice":"Success","damage_taken":3,"relics_obtained":["Torii"],"max_hp_gain":0,"max_hp_loss":0,"event_name":"Scrap Ooze","floor":5,"gold_loss":0},{"damage_healed":0,"gold_gain":30,"player_choice":"Searched \u00272\u0027 times","damage_taken":0,"relics_obtained":["Girya"],"max_hp_gain":0,"max_hp_loss":0,"event_name":"Dead Adventurer","floor":11,"gold_loss":0},{"damage_healed":0,"gold_gain":0,"player_choice":"Leave","damage_taken":0,"max_hp_gain":0,"max_hp_loss":0,"event_name":"The Cleric","floor":13,"gold_loss":0},{"damage_healed":0,"gold_gain":250,"player_choice":"Bet on Owner","damage_taken":0,"max_hp_gain":0,"max_hp_loss":0,"event_name":"The Joust","floor":19,"gold_loss":50}],"is_beta":false,"boss_relics":[{"not_picked":["Runic Cube","Orrery"],"picked":"Black Star"}],"items_purged_floors":[],"is_endless":false,"potions_floor_spawned":[4,10],"killed_by":"Book of Stabbing","ascension_level":10}