{"gold_per_floor":[109,89,101,33,33,68,30,30,109,141,141,158,158,185,185,259,259,278,278,290,290,304,334,334,363,389,389,409,72,122,152,152,231,231,244,244,5,17,68,96,0,32,32,32,66,76,76,106,106,106,106,106,29,63,63],"floor_reached":56,"playtime":4189,"items_purged":["Strike_R","Strike_R"],"score":2330,"play_id":"b515ac00-caef-4899-95a5-5b83c0c24210","local_time":"20190802220323","is_ascension_mode":true,"campfire_choices":[{"data":"Corruption","floor":8,"key":"SMITH"},{"data":"Feed","floor":11,"key":"SMITH"},{"data":"Inflame","floor":15,"key":"SMITH"},{"floor":24,"key":"REST"},{"floor":27,"key":"RECALL"},{"floor":32,"key":"REST"},{"floor":44,"key":"REST"},{"data":"1","floor":47,"key":"LIFT"},{"data":"2","floor":49,"key":"LIFT"},{"data":"3","floor":52,"key":"LIFT"}],"neow_cost":"NONE","seed_source_timestamp":593100756406083,"circlet_count":0,"master_deck":["AscendersBane","Strike_R","Strike_R","Strike_R","Defend_R","Defend_R","Defend_R","Defend_R","Bash","Flame Barrier","Clothesline","Feed+1","Corruption+1","Shockwave","Warcry","Inflame+1","Shrug It Off","Impervious","Cleave+1","Necronomicurse","True Grit+1","Second Wind","Inflame+1","Dual Wield","Juggernaut","Limit Break","Sword Boomerang+1","Demon Form","Shrug It Off+1","Headbutt+1","Shockwave","Corruption+1"],"relics":["Burning Blood","NeowsBlessing","Sundial","Dead Branch","Oddly Smooth Stone","Nunchaku","Girya","Runic Pyramid","Necronomicon","Strawberry","Darkstone Periapt","Juzu Bracelet","Mummified Hand","Mango","Busted Crown","Magic Flower","Turnip","Red Mask","Bronze Scales","Kunai","Blood Vial","Question Card","Bag of Marbles"],"potions_floor_usage":[14],"damage_taken":[{"damage":0,"enemies":"Jaw Worm","floor":1,"turns":1},{"damage":0,"enemies":"Cultist","floor":3,"turns":1},{"damage":0,"enemies":"Lagavulin","floor":6,"turns":3},{"damage":17,"enemies":"Gremlin Nob","floor":10,"turns":5},{"damage":17,"enemies":"2 Louse","floor":12,"turns":6},{"damage":0,"enemies":"3 Sentries","floor":14,"turns":5},{"damage":16,"enemies":"Slime Boss","floor":16,"turns":290},{"damage":6,"enemies":"3 Byrds","floor":18,"turns":4},{"damage":3,"enemies":"2 Thieves","floor":20,"turns":4},{"damage":40,"enemies":"Cultist and Chosen","floor":22,"turns":6},{"damage":54,"enemies":"Gremlin Leader","floor":23,"turns":8},{"damage":14,"enemies":"Book of Stabbing","floor":25,"turns":5},{"damage":3,"enemies":"Centurion and Healer","floor":28,"turns":4},{"damage":41,"enemies":"Slavers","floor":31,"turns":4},{"damage":40,"enemies":"Champ","floor":33,"turns":8},{"damage":29,"enemies":"3 Shapes","floor":35,"turns":8},{"damage":11,"enemies":"Orb Walker","floor":38,"turns":4},{"damage":7,"enemies":"2 Orb Walkers","floor":39,"turns":5},{"damage":9,"enemies":"Giant Head","floor":40,"turns":5},{"damage":36,"enemies":"Reptomancer","floor":42,"turns":5},{"damage":0,"enemies":"Nemesis","floor":45,"turns":3},{"damage":8,"enemies":"4 Shapes","floor":46,"turns":2},{"damage":0,"enemies":"Giant Head","floor":48,"turns":3},{"damage":76,"enemies":"Awakened One","floor":50,"turns":7},{"damage":14,"enemies":"Shield and Spear","floor":54,"turns":4},{"damage":30,"enemies":"The Heart","floor":55,"turns":6}],"seed_played":"2663470981533681543","potions_obtained":[{"floor":1,"key":"Energy Potion"},{"floor":2,"key":"Ancient Potion"},{"floor":22,"key":"SteroidPotion"}],"is_trial":false,"path_per_floor":["M","?","M","$","T","E","$","R","T","E","R","M","T","E","R","B",null,"M","?","M","?","M","E","R","E","T","R","M","$","?","E","R","B",null,"M","?","$","M","?","E","?","E","T","R","E","M","R","E","R","B",null,"R","$","E","B",null],"character_chosen":"IRONCLAD","items_purchased":["Feed","Shockwave","Mummified Hand","Limit Break","Shockwave"],"campfire_rested":3,"item_purchase_floors":[4,7,29,37,53],"current_hp_per_floor":[74,74,75,75,75,78,78,78,78,67,67,60,60,70,70,76,96,108,87,94,94,64,27,66,58,58,58,65,65,65,44,89,55,127,112,112,112,107,106,112,112,85,85,131,140,150,150,163,163,102,151,151,151,155,137],"gold":63,"neow_bonus":"THREE_ENEMY_KILL","is_prod":false,"is_daily":false,"chose_seed":false,"campfire_upgraded":3,"win_rate":0,"timestamp":1564797803,"path_taken":["M","?","?","$","?","E","$","R","T","E","R","M","?","E","R","BOSS","M","?","M","?","M","E","R","E","T","R","M","$","?","E","R","BOSS","M","?","$","M","?","E","?","E","T","R","E","M","R","E","R","BOSS","R","$","E","BOSS"],"build_version":"2019-07-17","purchased_purges":2,"victory":true,"max_hp_per_floor":[75,75,75,75,75,78,78,78,78,78,78,82,82,86,86,102,102,114,114,118,118,122,133,133,133,133,133,137,137,137,151,151,151,151,159,151,151,151,151,155,155,155,155,155,155,159,159,163,163,167,167,167,167,171,171],"card_choices":[{"not_picked":["Heavy Blade","Fire Breathing"],"picked":"Flame Barrier","floor":1},{"not_picked":["Body Slam","Power Through"],"picked":"Clothesline","floor":3},{"not_picked":["Thunderclap","Feel No Pain"],"picked":"Corruption","floor":6},{"not_picked":["Hemokinesis","Sword Boomerang"],"picked":"Warcry","floor":10},{"not_picked":["Perfected Strike","Clash"],"picked":"Inflame","floor":12},{"not_picked":["Havoc","Rage"],"picked":"Shrug It Off","floor":14},{"not_picked":["Barricade","Immolate"],"picked":"Impervious","floor":16},{"not_picked":["Dropkick+1","Pommel Strike"],"picked":"Cleave+1","floor":18},{"not_picked":["Bloodletting","Perfected Strike","Flex"],"picked":"SKIP","floor":20},{"not_picked":["Cleave","Iron Wave"],"picked":"True Grit+1","floor":22},{"not_picked":["Twin Strike","Whirlwind"],"picked":"Second Wind","floor":23},{"not_picked":["Thunderclap","Anger","Perfected Strike"],"picked":"SKIP","floor":25},{"not_picked":["Sever Soul+1","Blood for Blood"],"picked":"Inflame+1","floor":28},{"not_picked":["Cleave","Evolve"],"picked":"Dual Wield","floor":31},{"not_picked":["Impervious","Offering"],"picked":"Juggernaut","floor":33},{"not_picked":["Wild Strike+1"],"picked":"SKIP","floor":35},{"not_picked":[],"picked":"Sword Boomerang+1","floor":38},{"not_picked":[],"picked":"Demon Form","floor":40},{"not_picked":["Iron Wave"],"picked":"SKIP","floor":42},{"not_picked":[],"picked":"Shrug It Off+1","floor":45},{"not_picked":["Perfected Strike+1"],"picked":"SKIP","floor":46},{"not_picked":[],"picked":"Headbutt+1","floor":48},{"not_picked":["Heavy Blade"],"picked":"Corruption+1","floor":54}],"player_experience":1651799,"relics_obtained":[{"floor":5,"key":"Sundial"},{"floor":6,"key":"Dead Branch"},{"floor":10,"key":"Oddly Smooth Stone"},{"floor":13,"key":"Nunchaku"},{"floor":14,"key":"Girya"},{"floor":19,"key":"Necronomicon"},{"floor":23,"key":"Strawberry"},{"floor":25,"key":"Darkstone Periapt"},{"floor":26,"key":"Juzu Bracelet"},{"floor":31,"key":"Mango"},{"floor":39,"key":"Magic Flower"},{"floor":40,"key":"Turnip"},{"floor":42,"key":"Bronze Scales"},{"floor":43,"key":"Kunai"},{"floor":45,"key":"Blood Vial"},{"floor":48,"key":"Question Card"},{"floor":54,"key":"Bag of Marbles"}],"event_choices":[{"damage_healed":0,"gold_gain":0,"player_choice":"Bought 1 Potion","damage_taken":0,"max_hp_gain":0,"max_hp_loss":0,"event_name":"The Woman in Blue","floor":2,"gold_loss":0},{"damage_healed":0,"gold_gain":0,"player_choice":"Obtained Book","damage_taken":21,"max_hp_gain":0,"max_hp_loss":0,"event_name":"Cursed Tome","floor":19,"gold_loss":0},{"damage_healed":0,"gold_gain":0,"player_choice":"Ignored","damage_taken":0,"max_hp_gain":0,"max_hp_loss":0,"event_name":"The Mausoleum","floor":21,"gold_loss":0},{"damage_healed":0,"gold_gain":50,"player_choice":"Stole From Cult","damage_taken":0,"max_hp_gain":0,"max_hp_loss":0,"event_name":"Nest","floor":30,"gold_loss":0},{"damage_healed":0,"gold_gain":0,"player_choice":"Max HP","damage_taken":0,"max_hp_gain":0,"max_hp_loss":8,"event_name":"Winding Halls","floor":36,"gold_loss":0},{"damage_healed":0,"gold_gain":0,"player_choice":"Fight","damage_taken":0,"max_hp_gain":0,"max_hp_loss":0,"event_name":"Mysterious Sphere","floor":39,"gold_loss":0},{"damage_healed":0,"gold_gain":0,"player_choice":"Paid","damage_taken":0,"relics_obtained":["Red Mask"],"max_hp_gain":0,"max_hp_loss":0,"event_name":"Tomb of Lord Red Mask","floor":41,"gold_loss":96}],"is_beta":false,"boss_relics":[{"not_picked":["Orrery","Sozu"],"picked":"Runic Pyramid"},{"not_picked":["Mark of Pain","Philosopher\u0027s Stone"],"picked":"Busted Crown"}],"items_purged_floors":[29,37],"is_endless":false,"potions_floor_spawned":[1,3,22,23,38,40],"ascension_level":15}