{"gold_per_floor":[110,129,129,129,140,140,155,255,304,304,315,326,337,355,355,455,455,465,483,483,340,340,340,265,296,323,323,343,26,26,52,52,148,148,164,164,164,182,182,182],"floor_reached":40,"playtime":4011,"items_purged":["Strike_G+1"],"score":484,"play_id":"9a8f9dda-eb68-4285-acc7-4a7c183db7af","local_time":"20190512143814","is_ascension_mode":true,"campfire_choices":[{"data":"Footwork","floor":6,"key":"SMITH"},{"floor":10,"key":"REST"},{"floor":15,"key":"REST"},{"data":"Noxious Fumes","floor":23,"key":"SMITH"},{"data":"Noxious Fumes","floor":27,"key":"SMITH"},{"floor":30,"key":"REST"},{"data":"Catalyst","floor":32,"key":"SMITH"}],"neow_cost":"NONE","seed_source_timestamp":327200662611297,"circlet_count":0,"master_deck":["Defend_G+1","Defend_G+1","Strike_G+1","Strike_G+1","Survivor+1","Neutralize","Malaise","Bane","Footwork+1","Deadly Poison","Noxious Fumes","Catalyst+1","Tactician","Burst","Noxious Fumes+1","Deadly Poison","Noxious Fumes+1","Underhanded Strike+1","Footwork","Blur","Madness","Madness"],"relics":["Ring of the Snake","Anchor","Sozu","Omamori","Blood Vial","Pear","Lantern","Empty Cage"],"potions_floor_usage":[16,16,25],"damage_taken":[{"damage":5,"enemies":"Small Slimes","floor":1,"turns":4},{"damage":3,"enemies":"Jaw Worm","floor":2,"turns":4},{"damage":6,"enemies":"Cultist","floor":5,"turns":4},{"damage":23,"enemies":"Lots of Slimes","floor":7,"turns":6},{"damage":0,"enemies":"2 Fungi Beasts","floor":11,"turns":5},{"damage":4,"enemies":"Exordium Wildlife","floor":12,"turns":4},{"damage":5,"enemies":"Looter","floor":13,"turns":3},{"damage":1,"enemies":"Blue Slaver","floor":14,"turns":3},{"damage":15,"enemies":"The Guardian","floor":16,"turns":9},{"damage":0,"enemies":"Chosen","floor":18,"turns":6},{"damage":14,"enemies":"Shell Parasite","floor":19,"turns":5},{"damage":22,"enemies":"Gremlin Leader","floor":25,"turns":5},{"damage":7,"enemies":"Centurion and Healer","floor":28,"turns":5},{"damage":21,"enemies":"Automaton","floor":33,"turns":5},{"damage":0,"enemies":"3 Shapes","floor":35,"turns":5},{"damage":12,"enemies":"Orb Walker","floor":38,"turns":4},{"damage":69,"enemies":"Giant Head","floor":40,"turns":7}],"seed_played":"-5140129549626657231","potions_obtained":[{"floor":1,"key":"PowerPotion"},{"floor":7,"key":"EssenceOfSteel"},{"floor":13,"key":"Fire Potion"}],"is_trial":false,"path_per_floor":["M","M","?","?","M","R","M","?","T","R","M","M","M","M","R","B",null,"M","M","?","$","?","R","?","E","T","R","M","$","R","T","R","B",null,"M","?","?","M","?","E"],"character_chosen":"THE_SILENT","items_purchased":["Noxious Fumes","Footwork","Pear"],"campfire_rested":3,"item_purchase_floors":[21,29,29],"current_hp_per_floor":[65,62,48,41,35,35,12,12,12,33,33,29,24,23,44,29,70,70,56,56,56,56,56,56,34,34,34,29,39,63,63,63,44,80,80,80,70,60,60,0],"gold":182,"neow_bonus":"TRANSFORM_CARD","is_prod":false,"is_daily":false,"chose_seed":false,"campfire_upgraded":4,"win_rate":0,"timestamp":1557686294,"path_taken":["M","M","?","?","M","R","M","?","T","R","M","?","?","M","R","BOSS","M","M","?","$","?","R","?","E","T","R","M","?","R","?","R","BOSS","M","?","?","M","?","E"],"build_version":"2019-01-23","purchased_purges":1,"victory":false,"max_hp_per_floor":[70,70,70,70,70,70,70,70,70,70,70,70,70,70,70,70,70,70,70,70,70,70,70,70,70,70,70,70,80,80,80,80,80,80,80,80,80,80,80,80],"card_choices":[{"not_picked":["Endless Agony","Backflip"],"picked":"Bane","floor":1},{"not_picked":["Dagger Throw","Dodge and Roll"],"picked":"Footwork","floor":2},{"not_picked":["Dash","Accuracy","Setup"],"picked":"SKIP","floor":5},{"not_picked":["Flying Knee","Setup"],"picked":"Deadly Poison","floor":7},{"not_picked":["Slice","Prepared"],"picked":"Noxious Fumes","floor":11},{"not_picked":["PiercingWail","Quick Slash"],"picked":"Catalyst","floor":12},{"not_picked":["Reflex","Quick Slash","Poisoned Stab"],"picked":"SKIP","floor":13},{"not_picked":["Concentrate","Setup"],"picked":"Tactician","floor":14},{"not_picked":["Adrenaline","Glass Knife"],"picked":"Burst","floor":16},{"not_picked":["Acrobatics","Deadly Poison"],"picked":"Noxious Fumes","floor":18},{"not_picked":["Cloak And Dagger","Quick Slash"],"picked":"Deadly Poison","floor":19},{"not_picked":["PiercingWail","Endless Agony"],"picked":"Underhanded Strike+1","floor":25},{"not_picked":["Dagger Throw","Bane","Backflip+1"],"picked":"SKIP","floor":28},{"not_picked":["Storm of Steel","Die Die Die"],"picked":"A Thousand Cuts","floor":33},{"not_picked":["Dash+1","Riddle With Holes+1"],"picked":"Blur","floor":35},{"not_picked":["Blade Dance+1","Dash+1","Terror+1"],"picked":"SKIP","floor":38}],"player_experience":985842,"relics_obtained":[{"floor":9,"key":"Anchor"},{"floor":25,"key":"Omamori"},{"floor":26,"key":"Blood Vial"},{"floor":31,"key":"Lantern"}],"event_choices":[{"damage_healed":0,"gold_gain":0,"player_choice":"Entered Light","damage_taken":14,"max_hp_gain":0,"max_hp_loss":0,"event_name":"Shining Light","floor":3,"gold_loss":0,"cards_upgraded":["Survivor","Defend_G"]},{"cards_removed":["Strike_G"],"damage_healed":0,"gold_gain":0,"player_choice":"Card Removal","damage_taken":7,"max_hp_gain":0,"max_hp_loss":0,"event_name":"Golden Wing","floor":4,"gold_loss":0},{"damage_healed":0,"gold_gain":100,"player_choice":"Pray","damage_taken":0,"max_hp_gain":0,"max_hp_loss":0,"event_name":"Golden Shrine","floor":8,"gold_loss":0},{"damage_healed":0,"gold_gain":0,"player_choice":"Simplicity","damage_taken":0,"max_hp_gain":0,"max_hp_loss":0,"event_name":"Back to Basics","floor":20,"gold_loss":0,"cards_upgraded":["Defend_G","Defend_G","Defend_G","Strike_G","Strike_G","Strike_G","Strike_G"]},{"damage_healed":0,"gold_gain":0,"player_choice":"Ignored","damage_taken":0,"max_hp_gain":0,"max_hp_loss":0,"event_name":"Vampires","floor":22,"gold_loss":0},{"cards_removed":["Defend_G"],"damage_healed":0,"gold_gain":0,"player_choice":"Gave Gold","damage_taken":0,"max_hp_gain":0,"max_hp_loss":0,"event_name":"Beggar","floor":24,"gold_loss":75},{"cards_removed":["A Thousand Cuts"],"damage_healed":0,"gold_gain":0,"player_choice":"Removed Power","damage_taken":0,"max_hp_gain":0,"max_hp_loss":0,"event_name":"Falling","floor":36,"gold_loss":0},{"damage_healed":0,"gold_gain":0,"player_choice":"Embrace Madness","damage_taken":10,"max_hp_gain":0,"max_hp_loss":0,"event_name":"Winding Halls","floor":37,"gold_loss":0,"cards_obtained":["Madness","Madness"]},{"damage_healed":0,"gold_gain":0,"player_choice":"Memory 1","damage_taken":0,"max_hp_gain":0,"max_hp_loss":0,"event_name":"SensoryStone","floor":39,"gold_loss":0}],"is_beta":false,"boss_relics":[{"not_picked":["Ectoplasm","Calling Bell"],"picked":"Sozu"},{"not_picked":["Runic Pyramid","Astrolabe"],"picked":"Empty Cage"}],"items_purged_floors":[21],"is_endless":false,"potions_floor_spawned":[1,7,13,18,19,28],"killed_by":"Giant Head","ascension_level":3}