{"gold_per_floor":[214,214,231,241,166,197,197,228,278,305,318,318,318,328,328,400,400],"floor_reached":17,"playtime":702,"items_purged":[],"score":306,"play_id":"5d38593a-1346-4d50-8e20-e52dd811b3f0","local_time":"20181010141451","is_ascension_mode":true,"campfire_choices":[{"data":"Bash","floor":7.0,"key":"SMITH"},{"data":"Rage","floor":12.0,"key":"SMITH"},{"data":"Uppercut","floor":15.0,"key":"SMITH"}],"neow_cost":"NONE","seed_source_timestamp":2239102649574021,"circlet_count":0,"master_deck":["Strike_R+1","Strike_R","Strike_R","Strike_R","Defend_R+1","Defend_R+1","Defend_R","Defend_R","Bash+1","AscendersBane","Carnage","Pommel Strike+1","Rage+1","Pommel Strike","Ghostly Armor","Battle Trance","Whirlwind+1","Uppercut+1","Offering"],"special_seed":0,"relics":["Burning Blood","Kunai","Whetstone","Regal Pillow","Gambling Chip"],"potions_floor_usage":[],"damage_taken":[{"damage":14.0,"enemies":"Jaw Worm","floor":1.0,"turns":4.0},{"damage":3.0,"enemies":"Small Slimes","floor":3.0,"turns":4.0},{"damage":0.0,"enemies":"Cultist","floor":4.0,"turns":3.0},{"damage":22.0,"enemies":"Lagavulin","floor":6.0,"turns":5.0},{"damage":18.0,"enemies":"3 Sentries","floor":8.0,"turns":8.0},{"damage":16.0,"enemies":"Lagavulin","floor":10.0,"turns":6.0},{"damage":0.0,"enemies":"Gremlin Gang","floor":11.0,"turns":3.0},{"damage":0.0,"enemies":"2 Fungi Beasts","floor":14.0,"turns":3.0},{"damage":7.0,"enemies":"The Guardian","floor":16.0,"turns":15.0}],"seed_played":"7158690999413840056","potions_obtained":[{"floor":1.0,"key":"PowerPotion"},{"floor":4.0,"key":"BloodPotion"},{"floor":8.0,"key":"Fire Potion"},{"floor":10.0,"key":"Explosive Potion"},{"floor":11.0,"key":"FearPotion"},{"floor":14.0,"key":"Swift Potion"}],"is_trial":false,"path_per_floor":["M","?","M","M","?","E","R","E","T","E","M","R","?","M","R","B"],"character_chosen":"IRONCLAD","items_purchased":[],"campfire_rested":0,"item_purchase_floors":[],"current_hp_per_floor":[60,37,40,46,46,37,37,25,25,15,21,21,21,27,27,26,26],"gold":400,"neow_bonus":"HUNDRED_GOLD","is_prod":false,"is_daily":false,"chose_seed":false,"campfire_upgraded":3,"win_rate":0,"timestamp":1539195291,"path_taken":["M","?","?","?","?","E","R","E","T","E","?","R","?","M","R","BOSS"],"build_version":"2018-10-04v2","purchased_purges":0,"victory":false,"max_hp_per_floor":[75,75,75,75,75,75,75,75,75,75,75,75,75,75,75,75,75],"card_choices":[{"not_picked":["Sever Soul","Wild Strike"],"picked":"Carnage","floor":1.0},{"not_picked":["Cleave","Headbutt"],"picked":"Pommel Strike","floor":3.0},{"not_picked":["Iron Wave","Fire Breathing"],"picked":"Rage","floor":4.0},{"not_picked":["Sentinel","Dark Embrace"],"picked":"Pommel Strike","floor":6.0},{"not_picked":["Power Through","Sword Boomerang"],"picked":"Ghostly Armor","floor":8.0},{"not_picked":["Reckless Charge","Clash"],"picked":"Battle Trance","floor":10.0},{"not_picked":["Shockwave","Body Slam"],"picked":"Whirlwind","floor":11.0},{"not_picked":["Heavy Blade","Fire Breathing"],"picked":"Uppercut","floor":14.0},{"not_picked":["Immolate","Brutality"],"picked":"Offering","floor":16.0}],"player_experience":844063,"relics_obtained":[{"floor":6.0,"key":"Kunai"},{"floor":8.0,"key":"Whetstone"},{"floor":9.0,"key":"Regal Pillow"},{"floor":10.0,"key":"Gambling Chip"}],"event_choices":[{"event_name":"Shining Light","player_choice":"Entered Light","floor":2.0,"damage_taken":0.0},{"event_name":"The Cleric","player_choice":"Card Removal","floor":5.0,"damage_taken":0.0},{"event_name":"Upgrade Shrine","player_choice":"Upgraded","floor":13.0,"damage_taken":0.0}],"is_beta":false,"boss_relics":[],"items_purged_floors":[],"is_endless":false,"potions_floor_spawned":[1,4,8,10,11,14],"ascension_level":15}