{"gold_per_floor":[114,114,129,188,152,182,197,197,222,222,222,237,267,282,282,382,382,397,712,712,727,730,730],"floor_reached":23,"playtime":1367,"items_purged":[],"score":251,"play_id":"ea4770b2-3dbe-430f-91dc-b3e56c8c648c","local_time":"20180817144830","daily_mods":["Insanity","Terminal","Vintage"],"is_ascension_mode":false,"campfire_choices":[{"data":"1","floor":8,"key":"LIFT"},{"data":"2","floor":11,"key":"LIFT"},{"floor":15,"key":"DIG"}],"neow_cost":"","seed_source_timestamp":0,"circlet_count":0,"master_deck":["Carnage","Rage","Clothesline","Hemokinesis","Bludgeon","Reaper","Dual Wield","Flame Barrier","Sever Soul","Sword Boomerang","Blood for Blood","Disarm","Metallicize","Burning Pact","Ghostly Armor+1","Iron Wave","Body Slam","Inflame","Evolve","Seeing Red+1","Power Through","Bludgeon","Exhume","Havoc","Pommel Strike","Flex","Metallicize","Rupture","Fire Breathing","Feel No Pain","Feed","Second Wind","Metallicize","Flame Barrier","Rampage","Pummel","Defend_R","Ghostly Armor","Barricade","Intimidate","Immolate","Heavy Blade","Dark Embrace","Clothesline","Barricade","Sword Boomerang","Reckless Charge","Iron Wave","Headbutt","Whirlwind","Searing Blow","Iron Wave","Sentinel+1","Barricade","Dual Wield+1"],"special_seed":17760,"relics":["Burning Blood","Bag of Marbles","Girya","Toxic Egg 2","The Courier","Gambling Chip","Strawberry","War Paint","Omamori","Shovel","Dodecahedron","Juzu Bracelet","StoneCalendar","Calling Bell","Happy Flower","Darkstone Periapt","Dead Branch","Matryoshka","Old Coin","Lantern","Red Mask"],"potions_floor_usage":[13,16,16,23,23],"damage_taken":[{"damage":0,"enemies":"2 Louse","floor":1,"turns":2},{"damage":1,"enemies":"Jaw Worm","floor":3,"turns":2},{"damage":10,"enemies":"Gremlin Nob","floor":6,"turns":4},{"damage":0,"enemies":"Small Slimes","floor":7,"turns":2},{"damage":0,"enemies":"Exordium Thugs","floor":12,"turns":1},{"damage":6,"enemies":"3 Sentries","floor":13,"turns":6},{"damage":0,"enemies":"3 Louse","floor":14,"turns":2},{"damage":9,"enemies":"Slime Boss","floor":16,"turns":7},{"damage":0,"enemies":"Spheric Guardian","floor":18,"turns":6},{"damage":0,"enemies":"2 Thieves","floor":19,"turns":3},{"damage":0,"enemies":"Chosen and Byrds","floor":21,"turns":4},{"damage":16,"floor":22,"turns":6},{"damage":13,"enemies":"Slavers","floor":23,"turns":4}],"seed_played":"-944749805206435662","potions_obtained":[{"floor":1,"key":"AttackPotion"},{"floor":6,"key":"EssenceOfSteel"},{"floor":7,"key":"Fruit Juice"},{"floor":13,"key":"AttackPotion"},{"floor":16,"key":"SmokeBomb"},{"floor":22,"key":"BloodPotion"}],"is_trial":false,"path_per_floor":["M","?","M","?","$","E","M","R","T","T","R","M","E","M","R","B",null,"M","M","?","M","?"],"character_chosen":"IRONCLAD","items_purchased":["Searing Blow"],"campfire_rested":0,"item_purchase_floors":[5],"current_hp_per_floor":[78,75,76,75,74,70,75,74,80,79,78,77,81,80,79,76,77,76,75,74,73,63,57],"gold":730,"neow_bonus":"","is_prod":false,"is_daily":true,"chose_seed":false,"campfire_upgraded":0,"win_rate":0,"timestamp":1534484910,"path_taken":["M","?","M","?","$","E","M","R","T","?","R","?","E","M","R","BOSS","M","M","?","M","?","E"],"build_version":"2018-08-16","purchased_purges":0,"victory":false,"max_hp_per_floor":[78,77,76,75,74,73,75,74,80,79,78,77,81,80,79,78,77,76,75,74,73,72,72],"card_choices":[{"not_picked":["Thunderclap","Body Slam"],"picked":"Iron Wave","floor":6},{"not_picked":["Whirlwind","Disarm+1"],"picked":"Sentinel+1","floor":13},{"not_picked":["Brutality","Demon Form"],"picked":"Barricade","floor":16},{"not_picked":["Clash","Sever Soul"],"picked":"Dual Wield+1","floor":22}],"player_experience":203338,"relics_obtained":[{"floor":1,"key":"Bag of Marbles"},{"floor":3,"key":"Toxic Egg 2"},{"floor":6,"key":"The Courier"},{"floor":7,"key":"Gambling Chip"},{"floor":9,"key":"Strawberry"},{"floor":10,"key":"War Paint"},{"floor":12,"key":"Omamori"},{"floor":13,"key":"Shovel"},{"floor":14,"key":"Dodecahedron"},{"floor":15,"key":"Juzu Bracelet"},{"floor":16,"key":"StoneCalendar"},{"floor":17,"key":"Happy Flower"},{"floor":17,"key":"Darkstone Periapt"},{"floor":17,"key":"Dead Branch"},{"floor":18,"key":"Matryoshka"},{"floor":19,"key":"Old Coin"},{"floor":21,"key":"Lantern"},{"floor":22,"key":"Red Mask"}],"event_choices":[{"event_name":"Scrap Ooze","player_choice":"success","floor":2,"damage_taken":3},{"event_name":"Golden Wing","player_choice":"Gained Gold","floor":4,"damage_taken":0},{"event_name":"Purifier","player_choice":"One Purge","floor":20,"damage_taken":0},{"event_name":"Masked Bandits","player_choice":"Fought Bandits","floor":22,"damage_taken":0}],"is_beta":false,"boss_relics":[{"not_picked":["Ectoplasm","Fusion Hammer"],"picked":"Calling Bell"}],"items_purged_floors":[],"is_endless":false,"potions_floor_spawned":[1,6,7,13,16,22],"killed_by":"Slavers","ascension_level":0}