{"gold_per_floor":[109,109,126,11,11,11,47,62,62,96,96,135,135,170,170,261,261,285,308,30,30,30,30,43,53,53,53,72,22,34,54,54,128,178,196,28,48,59,59,89,109,109,134,36,36,70,86,114,114,114,114,114,114,1,32,32],"floor_reached":57,"playtime":3005,"items_purged":["Strike_B","Defend_B","Defend_B"],"score":2940,"play_id":"a1e9ebfc-a9fd-496a-867d-d821775956a5","local_time":"20190604235820","is_ascension_mode":true,"campfire_choices":[{"data":"Darkness","floor":6.0,"key":"SMITH"},{"data":"Zap","floor":13.0,"key":"SMITH"},{"floor":15.0,"key":"REST"},{"data":"Dualcast","floor":23.0,"key":"SMITH"},{"data":"Heatsinks","floor":27.0,"key":"SMITH"},{"floor":32.0,"key":"REST"},{"data":"Biased Cognition","floor":42.0,"key":"SMITH"},{"floor":45.0,"key":"RECALL"},{"data":"Meteor Strike","floor":49.0,"key":"SMITH"},{"data":"Thunder Strike","floor":53.0,"key":"SMITH"}],"neow_cost":"NONE","seed_source_timestamp":200183187596975,"circlet_count":0,"master_deck":["AscendersBane","Zap+1","Dualcast+1","Darkness+1","Glacier","Compile Driver","Conserve Battery+1","Chaos+1","Heatsinks+1","Reboot+1","White Noise+1","Creative AI+1","Steam Power+1","Turbo+1","Redo+1","Recycle+1","All For One","Seek+1","Tempest+1","Thunder Strike+1","Biased Cognition+1","Hologram+1","Panacea+1","Go for the Eyes+1","Fusion+1","Coolheaded+1","Discovery+1","Seek+1","Meteor Strike+1","Gash"],"special_seed":0,"relics":["Cracked Core","NeowsBlessing","Bloody Idol","Singing Bowl","Toxic Egg 2","Shuriken","Happy Flower","The Courier","Membership Card","Nloth\u0027s Gift","Bottled Lightning","Tiny House","Bag of Preparation","Bottled Tornado","Symbiotic Virus","Centennial Puzzle","Medical Kit","Ice Cream"],"potions_floor_usage":[56],"damage_taken":[{"damage":0.0,"enemies":"Small Slimes","floor":1.0,"turns":1.0},{"damage":0.0,"enemies":"Jaw Worm","floor":3.0,"turns":1.0},{"damage":0.0,"enemies":"Gremlin Nob","floor":7.0,"turns":1.0},{"damage":3.0,"enemies":"2 Louse","floor":8.0,"turns":3.0},{"damage":19.0,"enemies":"Lagavulin","floor":10.0,"turns":6.0},{"damage":22.0,"enemies":"3 Sentries","floor":12.0,"turns":11.0},{"damage":8.0,"enemies":"Lagavulin","floor":14.0,"turns":5.0},{"damage":32.0,"enemies":"Slime Boss","floor":16.0,"turns":12.0},{"damage":0.0,"enemies":"Chosen","floor":18.0,"turns":3.0},{"damage":0.0,"enemies":"3 Byrds","floor":19.0,"turns":3.0},{"damage":14.0,"enemies":"Centurion and Healer","floor":24.0,"turns":6.0},{"damage":19.0,"enemies":"Chosen and Byrds","floor":25.0,"turns":5.0},{"damage":0.0,"enemies":"Snecko","floor":28.0,"turns":2.0},{"damage":0.0,"enemies":"3 Cultists","floor":30.0,"turns":3.0},{"damage":15.0,"enemies":"Shelled Parasite and Fungi","floor":31.0,"turns":3.0},{"damage":8.0,"enemies":"Champ","floor":33.0,"turns":8.0},{"damage":0.0,"enemies":"3 Darklings","floor":35.0,"turns":2.0},{"damage":0.0,"enemies":"Orb Walker","floor":37.0,"turns":3.0},{"damage":0.0,"enemies":"Jaw Worm Horde","floor":38.0,"turns":1.0},{"damage":0.0,"enemies":"Nemesis","floor":40.0,"turns":5.0},{"damage":10.0,"enemies":"Maw","floor":41.0,"turns":3.0},{"damage":0.0,"enemies":"Giant Head","floor":46.0,"turns":5.0},{"damage":0.0,"enemies":"Sphere and 2 Shapes","floor":47.0,"turns":2.0},{"damage":0.0,"enemies":"Reptomancer","floor":48.0,"turns":2.0},{"damage":33.0,"enemies":"Awakened One","floor":50.0,"turns":5.0},{"damage":20.0,"enemies":"Time Eater","floor":51.0,"turns":7.0},{"damage":5.0,"enemies":"Shield and Spear","floor":55.0,"turns":2.0},{"damage":61,"enemies":"The Heart","floor":56,"turns":8}],"seed_played":"8801768373978329081","potions_obtained":[{"floor":1.0,"key":"LiquidBronze"},{"floor":3.0,"key":"Strength Potion"},{"floor":24.0,"key":"Strength Potion"}],"is_trial":false,"path_per_floor":["M","?","M","$","?","R","E","M","T","E","?","E","R","E","R","B",null,"M","M","$","?","?","R","M","M","T","R","M","$","M","M","R","B",null,"M","$","M","M","?","E","M","R","T","$","R","E","M","E","R","B","B",null,"R","$","E","B",null],"character_chosen":"DEFECT","items_purchased":["Glacier","Membership Card","Recycle+1","All For One","Panacea+1","Bag of Preparation","Fusion+1","Coolheaded+1","Discovery+1","Medical Kit","SkillPotion"],"campfire_rested":2,"item_purchase_floors":[4,20,20,20,36,36,44,44,44,54,54],"current_hp_per_floor":[64,69,69,69,69,69,69,68,68,49,42,20,20,12,33,1,54,54,54,54,54,54,54,47,35,35,35,40,40,45,37,60,57,78,82,82,84,86,86,86,83,83,88,88,88,88,90,90,90,57,37,77,77,77,77,16],"gold":32,"neow_bonus":"THREE_ENEMY_KILL","is_prod":false,"is_daily":false,"chose_seed":false,"campfire_upgraded":7,"win_rate":0,"timestamp":1559663900,"path_taken":["M","?","M","$","?","R","E","M","T","E","?","E","R","E","R","BOSS","M","M","$","?","?","R","M","M","T","R","?","$","M","M","R","BOSS","M","$","M","M","?","E","M","R","T","$","R","E","M","E","R","BOSS","BOSS","R","$","E","BOSS"],"build_version":"2019-01-23","purchased_purges":3,"victory":true,"max_hp_per_floor":[71,76,76,76,69,69,69,71,71,71,71,71,71,71,71,71,71,71,71,71,71,71,71,73,75,75,75,75,75,75,77,77,77,82,82,82,84,86,86,86,88,88,88,88,88,88,90,90,90,90,90,90,90,90,90,90],"card_choices":[{"not_picked":["Lockon","Hologram","Auto Shields"],"picked":"SKIP","floor":1.0},{"not_picked":["Ball Lightning","Streamline"],"picked":"Darkness","floor":3.0},{"not_picked":["Cold Snap","Storm"],"picked":"Compile Driver","floor":7.0},{"not_picked":["Stack","Compile Driver","Force Field"],"picked":"Singing Bowl","floor":8.0},{"not_picked":["Reboot+1","Gash"],"picked":"Conserve Battery+1","floor":10.0},{"not_picked":["Multi-Cast+1","Lockon"],"picked":"Chaos+1","floor":12.0},{"not_picked":["Go for the Eyes","Barrage"],"picked":"Heatsinks","floor":14.0},{"not_picked":["Buffer","Amplify+1"],"picked":"Reboot+1","floor":16.0},{"not_picked":["Blizzard","Force Field+1"],"picked":"Turbo+1","floor":18.0},{"not_picked":["Scrape","Reprogram+1"],"picked":"Redo+1","floor":19.0},{"not_picked":["Static Discharge","Stack+1","Lockon"],"picked":"Singing Bowl","floor":24.0},{"not_picked":["Stack+1","Conserve Battery+1","Ball Lightning"],"picked":"Singing Bowl","floor":25.0},{"not_picked":["Go for the Eyes","Sweeping Beam"],"picked":"Seek+1","floor":28.0},{"not_picked":["Barrage","Aggregate+1"],"picked":"Tempest+1","floor":30.0},{"not_picked":["Compile Driver","Leap+1","Ball Lightning"],"picked":"Singing Bowl","floor":31.0},{"not_picked":["Buffer","Machine Learning"],"picked":"Thunder Strike","floor":33.0},{"not_picked":["Defragment","Reinforced Body+1"],"picked":"Biased Cognition","floor":34.0},{"not_picked":["Beam Cell","Redo+1"],"picked":"Hologram+1","floor":35.0},{"not_picked":["Beam Cell","Sweeping Beam","Stack+1"],"picked":"Singing Bowl","floor":37.0},{"not_picked":["Streamline","Ball Lightning","All For One"],"picked":"Singing Bowl","floor":38.0},{"not_picked":["BootSequence+1","Conserve Battery+1"],"picked":"Go for the Eyes+1","floor":40.0},{"not_picked":["Stack+1","Conserve Battery+1","Ball Lightning"],"picked":"Singing Bowl","floor":41.0},{"not_picked":["Redo+1","Go for the Eyes"],"picked":"Seek+1","floor":46.0},{"not_picked":["Go for the Eyes","Auto Shields+1","Hello World"],"picked":"Singing Bowl","floor":47.0},{"not_picked":["Core Surge","Turbo+1"],"picked":"Meteor Strike","floor":48.0},{"not_picked":["Sweeping Beam","Hologram+1"],"picked":"Gash","floor":55}],"player_experience":1876796,"relics_obtained":[{"floor":7.0,"key":"Singing Bowl"},{"floor":9.0,"key":"Toxic Egg 2"},{"floor":10.0,"key":"Shuriken"},{"floor":12.0,"key":"Happy Flower"},{"floor":14.0,"key":"The Courier"},{"floor":26.0,"key":"Bottled Lightning"},{"floor":40.0,"key":"Bottled Tornado"},{"floor":46.0,"key":"Symbiotic Virus"},{"floor":48.0,"key":"Centennial Puzzle"},{"floor":55,"key":"Ice Cream"}],"event_choices":[{"damage_healed":0.0,"max_hp_gain":5.0,"max_hp_loss":0.0,"gold_gain":0.0,"event_name":"Big Fish","player_choice":"Donut","floor":2.0,"gold_loss":0.0,"damage_taken":0.0},{"damage_healed":0.0,"max_hp_gain":0.0,"max_hp_loss":7.0,"gold_gain":0.0,"event_name":"Golden Idol","player_choice":"Lose Max HP","floor":5.0,"gold_loss":0.0,"damage_taken":0.0,"relics_obtained":["Golden Idol"]},{"cards_removed":["Strike_B"],"damage_healed":0.0,"max_hp_gain":0.0,"max_hp_loss":0.0,"gold_gain":0.0,"event_name":"Golden Wing","player_choice":"Card Removal","floor":11.0,"gold_loss":0.0,"damage_taken":7.0},{"damage_healed":0.0,"max_hp_gain":0.0,"max_hp_loss":0.0,"gold_gain":0.0,"event_name":"Forgotten Altar","player_choice":"Gave Idol","floor":21.0,"relics_lost":["Golden Idol"],"gold_loss":0.0,"damage_taken":0.0,"relics_obtained":["Bloody Idol"]},{"damage_healed":0.0,"max_hp_gain":0.0,"max_hp_loss":0.0,"gold_gain":0.0,"event_name":"N\u0027loth","player_choice":"Traded Relic","floor":22.0,"relics_lost":["Astrolabe"],"gold_loss":0.0,"damage_taken":0.0,"relics_obtained":["Nloth\u0027s Gift"]},{"cards_removed":["Defend_B"],"damage_healed":0.0,"max_hp_gain":0.0,"max_hp_loss":0.0,"gold_gain":0.0,"event_name":"Wheel of Change","player_choice":"Card Removal","floor":39.0,"gold_loss":0.0,"damage_taken":0.0}],"is_beta":false,"boss_relics":[{"not_picked":["Velvet Choker","Inserter"],"picked":"Astrolabe"},{"not_picked":["Philosopher\u0027s Stone","White Beast Statue"],"picked":"Tiny House"}],"items_purged_floors":[4,29,36],"is_endless":false,"potions_floor_spawned":[1,3,7,14,24,25,31,38,40,41,46],"ascension_level":20}