{"gold_per_floor":[118,118,72,88,88,114,132,132,132,118,47,82,99,112,112,211,211,229,229,263,263,277,277,304,304,304,304,304],"floor_reached":28,"playtime":744,"items_purged":[],"score":407,"play_id":"6d6936ab-d53c-42fa-970a-09e1561026a5","local_time":"20190727000842","is_ascension_mode":true,"campfire_choices":[{"floor":15,"key":"REST"},{"data":"Heavy Blade","floor":23,"key":"SMITH"},{"data":"1","floor":25,"key":"LIFT"},{"floor":27,"key":"REST"}],"neow_cost":"NONE","seed_source_timestamp":216354565264587,"circlet_count":0,"master_deck":["AscendersBane","Strike_R","Strike_R","Strike_R","Strike_R","Strike_R","Defend_R","Defend_R","Defend_R","Defend_R","Inflame","Flex+1","Shrug It Off","Inflame","Heavy Blade+1","Spot Weakness","Seeing Red","Immolate","Flex+1"],"relics":["Burning Blood","NeowsBlessing","Turnip","Girya","Dream Catcher","Strawberry","Mark of Pain","Red Mask","The Courier","Paper Frog"],"potions_floor_usage":[12,16,24],"damage_taken":[{"damage":0,"enemies":"Cultist","floor":1,"turns":1},{"damage":0,"enemies":"Small Slimes","floor":4,"turns":2},{"damage":0,"enemies":"Lagavulin","floor":6,"turns":1},{"damage":5,"enemies":"Jaw Worm","floor":7,"turns":6},{"damage":4,"enemies":"Exordium Thugs","floor":10,"turns":4},{"damage":60,"enemies":"Gremlin Nob","floor":12,"turns":6},{"damage":11,"enemies":"Blue Slaver","floor":13,"turns":3},{"damage":36,"enemies":"Large Slime","floor":14,"turns":7},{"damage":38,"enemies":"Slime Boss","floor":16,"turns":8},{"damage":31,"enemies":"Shell Parasite","floor":18,"turns":4},{"damage":42,"enemies":"Masked Bandits","floor":20,"turns":4},{"damage":7,"enemies":"Chosen","floor":22,"turns":4},{"damage":76,"enemies":"Gremlin Leader","floor":24,"turns":7},{"damage":46,"enemies":"Book of Stabbing","floor":28,"turns":4}],"seed_played":"7058986592486119825","potions_obtained":[{"floor":1,"key":"BloodPotion"},{"floor":6,"key":"SpeedPotion"},{"floor":7,"key":"BloodPotion"},{"floor":12,"key":"Dexterity Potion"},{"floor":16,"key":"SteroidPotion"},{"floor":20,"key":"Block Potion"}],"is_trial":false,"path_per_floor":["M","?","$","M","?","E","M","T","T","M","$","E","M","M","R","B",null,"M","?","?","?","M","R","E","R","T","R","E"],"character_chosen":"IRONCLAD","items_purchased":["Flex","Inflame"],"campfire_rested":2,"item_purchase_floors":[3,11],"current_hp_per_floor":[78,71,71,77,77,80,80,80,80,80,80,53,48,18,44,33,74,49,49,13,87,86,86,16,16,16,42,0],"gold":304,"neow_bonus":"THREE_ENEMY_KILL","is_prod":false,"is_daily":false,"chose_seed":false,"campfire_upgraded":1,"win_rate":0,"timestamp":1564200522,"path_taken":["M","?","$","M","?","E","?","?","T","M","?","E","M","M","R","BOSS","M","?","?","?","?","R","E","R","T","R","E"],"build_version":"2019-07-17","purchased_purges":0,"victory":false,"max_hp_per_floor":[80,80,80,80,80,80,80,80,80,80,80,87,87,87,87,87,87,87,87,87,87,87,87,87,87,87,87,87],"card_choices":[{"not_picked":["Wild Strike","Sword Boomerang"],"picked":"Inflame","floor":1},{"not_picked":["Perfected Strike","Thunderclap"],"picked":"Shrug It Off","floor":4},{"not_picked":["Clash","Armaments","Hemokinesis"],"picked":"SKIP","floor":6},{"not_picked":["Iron Wave","Cleave","Offering"],"picked":"SKIP","floor":7},{"not_picked":["Corruption","Clothesline"],"picked":"Entrench","floor":10},{"not_picked":["Exhume","Disarm"],"picked":"Heavy Blade","floor":12},{"not_picked":["Havoc","Perfected Strike"],"picked":"Spot Weakness","floor":13},{"not_picked":["Anger","Clash"],"picked":"Seeing Red","floor":14},{"not_picked":["Dark Embrace","Fiend Fire"],"picked":"Immolate","floor":16},{"not_picked":["Pommel Strike+1","Burning Pact","Infernal Blade"],"picked":"SKIP","floor":18},{"not_picked":["Clash","Evolve","Anger"],"picked":"SKIP","floor":22},{"not_picked":["Sentinel","Body Slam"],"picked":"Flex+1","floor":24}],"player_experience":1107955,"relics_obtained":[{"floor":6,"key":"Turnip"},{"floor":8,"key":"Girya"},{"floor":9,"key":"Dream Catcher"},{"floor":12,"key":"Strawberry"},{"floor":20,"key":"Red Mask"},{"floor":24,"key":"The Courier"},{"floor":26,"key":"Paper Frog"}],"event_choices":[{"cards_removed":["Bash"],"damage_healed":0,"gold_gain":0,"player_choice":"Card Removal","damage_taken":7,"max_hp_gain":0,"max_hp_loss":0,"event_name":"Golden Wing","floor":2,"gold_loss":0},{"damage_healed":0,"gold_gain":0,"player_choice":"Upgraded","damage_taken":0,"max_hp_gain":0,"max_hp_loss":0,"event_name":"Upgrade Shrine","floor":5,"gold_loss":0,"cards_upgraded":["Flex"]},{"damage_healed":0,"gold_gain":0,"player_choice":"Ignored","damage_taken":0,"max_hp_gain":0,"max_hp_loss":0,"event_name":"Ghosts","floor":19,"gold_loss":0},{"damage_healed":0,"gold_gain":0,"player_choice":"Fought Bandits","damage_taken":0,"max_hp_gain":0,"max_hp_loss":0,"event_name":"Masked Bandits","floor":20,"gold_loss":0},{"cards_removed":["Entrench"],"damage_healed":74,"gold_gain":0,"player_choice":"Offered Uncommon","damage_taken":0,"max_hp_gain":0,"max_hp_loss":0,"event_name":"Bonfire Elementals","floor":21,"gold_loss":0}],"is_beta":false,"boss_relics":[{"not_picked":["Eternal Feather","Calling Bell"],"picked":"Mark of Pain"}],"items_purged_floors":[],"is_endless":false,"potions_floor_spawned":[1,6,7,12,16,20],"killed_by":"Book of Stabbing","ascension_level":10}