{"gold_per_floor":[111,122,142,142,142,142,142,142,214,214,85,85,99,139,139,230,230,243,231,231],"floor_reached":20,"playtime":639,"items_purged":["Strike_B"],"score":301,"play_id":"529db41b-a77b-4824-86b0-7daa05ef1dd0","local_time":"20190730163254","is_ascension_mode":true,"campfire_choices":[{"data":"Sweeping Beam","floor":6,"key":"SMITH"},{"data":"Dualcast","floor":8,"key":"SMITH"},{"floor":12,"key":"REST"},{"data":"Self Repair","floor":15,"key":"SMITH"}],"neow_cost":"NONE","seed_source_timestamp":317630917184690,"circlet_count":0,"master_deck":["AscendersBane","Strike_B","Strike_B+1","Strike_B","Defend_B","Defend_B","Defend_B+1","Defend_B","Zap+1","Dualcast+1","Sweeping Beam+1","Ball Lightning","Glacier","Compile Driver","Compile Driver","Self Repair+1","Fission"],"relics":["Cracked Core","Orichalcum","Golden Idol","Symbiotic Virus","Singing Bowl","Snecko Eye"],"potions_floor_usage":[16,19],"damage_taken":[{"damage":0,"enemies":"Small Slimes","floor":1,"turns":3},{"damage":0,"enemies":"2 Louse","floor":2,"turns":2},{"damage":7,"enemies":"Jaw Worm","floor":3,"turns":3},{"damage":1,"enemies":"3 Louse","floor":13,"turns":2},{"damage":15,"enemies":"Lagavulin","floor":14,"turns":4},{"damage":14,"enemies":"Hexaghost","floor":16,"turns":11},{"damage":31,"enemies":"Chosen","floor":18,"turns":7},{"damage":11,"enemies":"2 Thieves","floor":19,"turns":4},{"damage":41,"enemies":"Masked Bandits","floor":20,"turns":3}],"seed_played":"-1270919905699523982","potions_obtained":[{"floor":1,"key":"Swift Potion"},{"floor":3,"key":"Dexterity Potion"},{"floor":14,"key":"FocusPotion"}],"is_trial":false,"path_per_floor":["M","M","M","?","?","R","?","R","T","?","$","R","M","E","R","B",null,"M","M","?"],"character_chosen":"DEFECT","items_purchased":["Compile Driver"],"campfire_rested":1,"item_purchase_floors":[11],"current_hp_per_floor":[64,64,57,39,18,18,18,18,18,18,18,37,36,21,21,17,52,33,34,0],"gold":231,"neow_bonus":"UPGRADE_CARD","is_prod":false,"is_daily":false,"chose_seed":false,"campfire_upgraded":3,"win_rate":0,"timestamp":1564518774,"path_taken":["M","M","M","?","?","R","?","R","T","?","?","R","?","E","R","BOSS","M","M","?"],"build_version":"2019-07-17","purchased_purges":1,"victory":false,"max_hp_per_floor":[71,71,71,71,71,71,64,64,64,64,64,64,64,64,64,64,64,66,68,68],"card_choices":[{"not_picked":["Double Energy","Undo"],"picked":"Sweeping Beam","floor":1},{"not_picked":["Hologram","Loop"],"picked":"Ball Lightning","floor":2},{"not_picked":["Streamline","Gash"],"picked":"Glacier","floor":3},{"not_picked":["Melter","Go for the Eyes"],"picked":"Compile Driver","floor":13},{"not_picked":["Fission","Go for the Eyes"],"picked":"Self Repair","floor":14},{"not_picked":["Multi-Cast","Amplify"],"picked":"Fission","floor":16},{"not_picked":["Gash","Sweeping Beam","Redo"],"picked":"Singing Bowl","floor":18},{"not_picked":["Barrage","Sweeping Beam","Beam Cell"],"picked":"Singing Bowl","floor":19}],"player_experience":1600578,"relics_obtained":[{"floor":9,"key":"Symbiotic Virus"},{"floor":14,"key":"Singing Bowl"}],"event_choices":[{"damage_healed":0,"gold_gain":0,"player_choice":"Success","damage_taken":18,"relics_obtained":["Orichalcum"],"max_hp_gain":0,"max_hp_loss":0,"event_name":"Scrap Ooze","floor":4,"gold_loss":0},{"damage_healed":0,"gold_gain":0,"player_choice":"Entered Light","damage_taken":21,"max_hp_gain":0,"max_hp_loss":0,"event_name":"Shining Light","floor":5,"gold_loss":0,"cards_upgraded":["Defend_B","Strike_B"]},{"damage_healed":0,"gold_gain":0,"player_choice":"Lose Max HP","damage_taken":0,"relics_obtained":["Golden Idol"],"max_hp_gain":0,"max_hp_loss":7,"event_name":"Golden Idol","floor":7,"gold_loss":0},{"damage_healed":0,"gold_gain":0,"player_choice":"Ignored","damage_taken":0,"max_hp_gain":0,"max_hp_loss":0,"event_name":"Liars Game","floor":10,"gold_loss":0},{"damage_healed":0,"gold_gain":0,"player_choice":"Fought Bandits","damage_taken":0,"max_hp_gain":0,"max_hp_loss":0,"event_name":"Masked Bandits","floor":20,"gold_loss":0}],"is_beta":false,"boss_relics":[{"not_picked":["Astrolabe","Calling Bell"],"picked":"Snecko Eye"}],"items_purged_floors":[11],"is_endless":false,"potions_floor_spawned":[1,3,14],"killed_by":"Masked Bandits","ascension_level":15}