{"gold_per_floor":[110,36,111,121,71,104,69,69,69,84,100,134,145,164,164,267,267,285,285,295,13,31,59,59,77,123,143,143,153,188,201,201,305,305,321,321,337,29,74,74,101,101,101,126,14,25,45,45,45,45,45,45,20,52,52],"floor_reached":55,"playtime":3535,"items_purged":["Regret"],"score":779,"play_id":"c545b230-d8ec-4439-9a60-c3e63307f16f","local_time":"20190316015659","is_ascension_mode":false,"campfire_choices":[{"data":"Static Discharge","floor":8.0,"key":"SMITH"},{"floor":15.0,"key":"REST"},{"floor":24.0,"key":"REST"},{"floor":28.0,"key":"REST"},{"floor":32,"key":"REST"},{"floor":40,"key":"REST"},{"floor":42,"key":"RECALL"},{"floor":49,"key":"REST"},{"data":"Amplify","floor":52,"key":"SMITH"}],"neow_cost":"NONE","seed_source_timestamp":251477636902839,"circlet_count":0,"master_deck":["Strike_B","Strike_B","Strike_B","Defend_B","Defend_B","Defend_B","Defend_B+1","Zap","Streamline","Static Discharge+1","Redo+1","Hologram","Melter","Defragment+1","Consume","Capacitor","Genetic Algorithm","Storm","Amplify+1","Redo+1","Capacitor","Self Repair+1","Lockon","Ball Lightning+1","Tempest+1","White Noise","Ball Lightning+1","Seek","Defragment+1","Fusion","Writhe","Heatsinks+1","Self Repair","Stack+1","Leap+1","Conserve Battery+1"],"special_seed":0,"relics":["Cracked Core","NeowsBlessing","FossilizedHelix","Lantern","Letter Opener","Cursed Key","Membership Card","Blood Vial","Boot","War Paint","Regal Pillow","Black Star","Mummified Hand","Lee\u0027s Waffle","Ancient Tea Set","Incense Burner","Dodecahedron","Centennial Puzzle","Smiling Mask","Pear","Art of War","Oddly Smooth Stone"],"potions_floor_usage":[30,33,33,39,44,50,54,55,55],"damage_taken":[{"damage":0.0,"enemies":"2 Louse","floor":1.0,"turns":1.0},{"damage":0.0,"enemies":"Small Slimes","floor":4.0,"turns":1.0},{"damage":0.0,"enemies":"Gremlin Nob","floor":6.0,"turns":1.0},{"damage":0.0,"enemies":"Cultist","floor":10.0,"turns":2.0},{"damage":0.0,"enemies":"Blue Slaver","floor":11.0,"turns":3.0},{"damage":21.0,"enemies":"3 Sentries","floor":12.0,"turns":5.0},{"damage":0.0,"enemies":"Red Slaver","floor":13.0,"turns":4.0},{"damage":33.0,"enemies":"Lots of Slimes","floor":14.0,"turns":4.0},{"damage":25.0,"enemies":"The Guardian","floor":16.0,"turns":7.0},{"damage":0.0,"enemies":"Spheric Guardian","floor":18.0,"turns":2.0},{"damage":5.0,"enemies":"Chosen","floor":20.0,"turns":4.0},{"damage":19.0,"enemies":"Centurion and Healer","floor":22.0,"turns":4.0},{"damage":29.0,"enemies":"Book of Stabbing","floor":23.0,"turns":4.0},{"damage":22.0,"enemies":"Snake Plant","floor":25.0,"turns":3.0},{"damage":34.0,"enemies":"Shelled Parasite and Fungi","floor":27.0,"turns":4.0},{"damage":7.0,"enemies":"Cultist and Chosen","floor":29.0,"turns":4.0},{"damage":18,"enemies":"Gremlin Leader","floor":30,"turns":2},{"damage":16,"enemies":"Snake Plant","floor":31,"turns":3},{"damage":34,"enemies":"Automaton","floor":33,"turns":6},{"damage":14,"enemies":"3 Shapes","floor":35,"turns":3},{"damage":15,"enemies":"Orb Walker","floor":37,"turns":4},{"damage":42,"enemies":"2 Orb Walkers","floor":39,"turns":4},{"damage":47,"enemies":"Nemesis","floor":41,"turns":5},{"damage":39,"enemies":"Giant Head","floor":44,"turns":5},{"damage":0,"enemies":"Transient","floor":46,"turns":5},{"damage":32,"enemies":"Writhing Mass","floor":47,"turns":4},{"damage":27,"enemies":"Donu and Deca","floor":50,"turns":7},{"damage":7,"enemies":"Shield and Spear","floor":54,"turns":3},{"damage":99,"enemies":"The Heart","floor":55,"turns":3}],"seed_played":"-6534795638483407754","potions_obtained":[{"floor":6.0,"key":"SpeedPotion"},{"floor":10.0,"key":"Weak Potion"},{"floor":11.0,"key":"EntropicBrew"},{"floor":14.0,"key":"AttackPotion"},{"floor":18.0,"key":"SkillPotion"},{"floor":25.0,"key":"PowerPotion"},{"floor":27.0,"key":"GamblersBrew"},{"floor":29.0,"key":"PowerPotion"},{"floor":31,"key":"PowerPotion"},{"floor":35,"key":"Explosive Potion"},{"floor":37,"key":"SkillPotion"},{"floor":41,"key":"Regen Potion"}],"is_trial":false,"path_per_floor":["M","$","?","M","?","E","$","R","T","M","M","E","M","M","R","B",null,"M","?","M","$","M","E","R","M","T","M","R","M","E","M","R","B",null,"M","?","M","$","?","R","E","R","T","E","$","M","M","?","R","B",null,"R","$","E","B"],"character_chosen":"DEFECT","items_purchased":["Static Discharge","Melter","Membership Card","Blood Vial","Mummified Hand","Lee\u0027s Waffle","Ancient Tea Set","Self Repair","PowerPotion","PowerPotion"],"campfire_rested":6,"item_purchase_floors":[2,7,21,21,38,38,38,45,45,53],"current_hp_per_floor":[75,75,64,64,64,64,64,64,64,64,64,43,43,10,32,7,75,75,75,70,70,53,36,58,38,38,16,38,43,27,23,60,38,75,61,61,48,82,40,79,44,44,44,42,42,61,48,48,87,77,87,87,87,87,0],"gold":52,"neow_bonus":"THREE_ENEMY_KILL","is_prod":false,"is_daily":false,"chose_seed":false,"campfire_upgraded":2,"win_rate":0,"timestamp":1552715819,"path_taken":["M","$","?","M","?","E","$","R","T","M","M","E","M","M","R","BOSS","M","?","?","$","M","E","R","M","T","M","R","M","E","M","R","BOSS","M","?","?","?","?","R","E","R","T","E","$","M","M","?","R","BOSS","R","$","E","BOSS"],"build_version":"2019-01-23","purchased_purges":1,"victory":false,"max_hp_per_floor":[75,75,75,75,75,75,75,75,75,75,75,75,75,75,75,75,75,75,75,75,75,75,75,75,75,75,75,75,75,75,75,75,75,75,75,75,75,82,82,82,82,82,82,92,92,92,92,87,87,87,87,87,87,87,87],"card_choices":[{"not_picked":["Coolheaded","Go for the Eyes"],"picked":"Streamline","floor":1.0},{"not_picked":["Heatsinks","Sweeping Beam"],"picked":"Redo","floor":4.0},{"not_picked":["Stack","Compile Driver"],"picked":"Hologram","floor":6.0},{"not_picked":["Undo","Glacier"],"picked":"Defragment","floor":10.0},{"not_picked":["Auto Shields","Beam Cell"],"picked":"Consume","floor":11.0},{"not_picked":["Loop","Hologram"],"picked":"Capacitor","floor":12.0},{"not_picked":["Go for the Eyes","Compile Driver"],"picked":"Genetic Algorithm","floor":13.0},{"not_picked":["Chaos","Rebound"],"picked":"Storm","floor":14.0},{"not_picked":["Hyperbeam","All For One"],"picked":"Amplify","floor":16.0},{"not_picked":["Beam Cell+1","Conserve Battery"],"picked":"Redo+1","floor":18.0},{"not_picked":["Compile Driver","Redo"],"picked":"Capacitor","floor":20.0},{"not_picked":["Rip and Tear","Scrape"],"picked":"Self Repair+1","floor":22.0},{"not_picked":["Cold Snap","Auto Shields","Meteor Strike"],"picked":"SKIP","floor":23.0},{"not_picked":["Redo","BootSequence"],"picked":"Lockon","floor":25.0},{"not_picked":["Hello World","Turbo+1"],"picked":"Ball Lightning+1","floor":27.0},{"not_picked":["Reinforced Body+1","Fusion+1"],"picked":"Tempest+1","floor":29.0},{"not_picked":["Reinforced Body","Cold Snap"],"picked":"White Noise","floor":30},{"not_picked":["Steam+1","Sweeping Beam"],"picked":"Ball Lightning+1","floor":31},{"not_picked":["Amplify","Echo Form"],"picked":"Seek","floor":33},{"not_picked":["Barrage+1","Stack"],"picked":"Defragment+1","floor":35},{"not_picked":["FTL+1","Hologram+1","Fusion"],"picked":"SKIP","floor":37},{"not_picked":["Cold Snap","Streamline","Hologram"],"picked":"SKIP","floor":41},{"not_picked":["Streamline+1","Ball Lightning+1"],"picked":"Heatsinks+1","floor":44},{"not_picked":["Hologram","Fusion"],"picked":"Stack+1","floor":46},{"not_picked":["Reboot","Undo"],"picked":"Leap+1","floor":47},{"not_picked":["Coolheaded+1","Gash+1"],"picked":"Conserve Battery+1","floor":54}],"player_experience":703641,"relics_obtained":[{"floor":6.0,"key":"FossilizedHelix"},{"floor":9.0,"key":"Lantern"},{"floor":12.0,"key":"Letter Opener"},{"floor":23.0,"key":"Boot"},{"floor":26.0,"key":"War Paint"},{"floor":30,"key":"Regal Pillow"},{"floor":39,"key":"Incense Burner"},{"floor":41,"key":"Dodecahedron"},{"floor":41,"key":"Centennial Puzzle"},{"floor":44,"key":"Smiling Mask"},{"floor":44,"key":"Pear"},{"floor":54,"key":"Art of War"},{"floor":54,"key":"Oddly Smooth Stone"}],"event_choices":[{"damage_healed":0.0,"max_hp_gain":0.0,"max_hp_loss":0.0,"gold_gain":75.0,"event_name":"World of Goop","player_choice":"Gather Gold","floor":3.0,"gold_loss":0.0,"damage_taken":11.0},{"cards_removed":["Strike_B"],"damage_healed":0.0,"max_hp_gain":0.0,"max_hp_loss":0.0,"gold_gain":0.0,"event_name":"The Cleric","player_choice":"Card Removal","floor":5.0,"gold_loss":50.0,"damage_taken":0.0},{"damage_healed":0.0,"max_hp_gain":0.0,"max_hp_loss":0.0,"gold_gain":0.0,"event_name":"Upgrade Shrine","player_choice":"Upgraded","floor":19.0,"gold_loss":0.0,"damage_taken":0.0,"cards_upgraded":["Defragment"]},{"damage_healed":0,"gold_gain":0,"cards_transformed":["Dualcast"],"player_choice":"Transformed","damage_taken":0,"max_hp_gain":0,"max_hp_loss":0,"event_name":"Transmorgrifier","floor":36,"gold_loss":0,"cards_obtained":["Fusion"]},{"damage_healed":0,"gold_gain":0,"player_choice":"Fight","damage_taken":0,"max_hp_gain":0,"max_hp_loss":0,"event_name":"Mysterious Sphere","floor":39,"gold_loss":0},{"damage_healed":0,"gold_gain":0,"player_choice":"Max HP","damage_taken":0,"max_hp_gain":0,"max_hp_loss":5,"event_name":"Winding Halls","floor":48,"gold_loss":0}],"is_beta":false,"boss_relics":[{"not_picked":["White Beast Statue","Pandora\u0027s Box"],"picked":"Cursed Key"},{"not_picked":["Busted Crown","Runic Dome"],"picked":"Black Star"}],"items_purged_floors":[45],"is_endless":false,"potions_floor_spawned":[6,10,11,13,14,18,25,27,29,31,35,37,41],"killed_by":"The Heart","ascension_level":0}