{"gold_per_floor":[119,44,119,64,83,116,116,141,141,141,159,218,85,101,101,175,175,190,190,390,408,423,423,434,434,514,534,449,449,312,312,312,386,386,400,62,62,73,73,73,84,98,98,98,112,112,142,154,154,154,154,154,154,4,32,32],"floor_reached":57,"playtime":2636,"items_purged":["Strike_R","Strike_R","Bash","Body Slam"],"score":2680,"play_id":"4b8466c5-acd1-4bc0-b4d7-ac8f06851a7a","local_time":"20190601220934","is_ascension_mode":true,"campfire_choices":[{"data":"Armaments","floor":7.0,"key":"SMITH"},{"data":"True Grit","floor":10.0,"key":"SMITH"},{"data":"Body Slam","floor":15.0,"key":"SMITH"},{"floor":23.0,"key":"REST"},{"data":"Sentinel","floor":29.0,"key":"SMITH"},{"data":"Entrench","floor":32.0,"key":"SMITH"},{"data":"Shockwave","floor":40.0,"key":"SMITH"},{"floor":44.0,"key":"DIG"},{"floor":49.0,"key":"RECALL"},{"floor":53.0,"key":"DIG"}],"neow_cost":"NONE","seed_source_timestamp":22991408696994,"circlet_count":0,"master_deck":["AscendersBane","Shrug It Off","Armaments+1","True Grit+1","Spot Weakness+1","Body Slam+1","Shrug It Off","Feed","Sentinel+1","Seeing Red+1","Entrench+1","Barricade+1","Whirlwind","Rupture+1","Shockwave+1","Seeing Red","Reaper","Second Wind","Seeing Red+1","Feel No Pain+1"],"special_seed":0,"relics":["Burning Blood","NeowsBlessing","Mummified Hand","Frozen Egg 2","War Paint","Runic Pyramid","Shovel","Singing Bowl","Unceasing Top","Pandora\u0027s Box","Medical Kit","Incense Burner","Paper Frog","Dream Catcher","Ornamental Fan","Sundial"],"potions_floor_usage":[56,56],"damage_taken":[{"damage":0.0,"enemies":"Small Slimes","floor":1.0,"turns":1.0},{"damage":0.0,"enemies":"2 Louse","floor":5.0,"turns":1.0},{"damage":0.0,"enemies":"Lagavulin","floor":6.0,"turns":1.0},{"damage":53.0,"enemies":"3 Sentries","floor":8.0,"turns":23.0},{"damage":0.0,"enemies":"Jaw Worm","floor":11.0,"turns":4.0},{"damage":22.0,"enemies":"3 Sentries","floor":12.0,"turns":9.0},{"damage":3.0,"enemies":"3 Louse","floor":14.0,"turns":7.0},{"damage":14.0,"enemies":"Hexaghost","floor":16.0,"turns":9.0},{"damage":11.0,"enemies":"Chosen","floor":18.0,"turns":8.0},{"damage":22.0,"enemies":"3 Byrds","floor":21.0,"turns":8.0},{"damage":18.0,"enemies":"Snake Plant","floor":22.0,"turns":6.0},{"damage":25.0,"enemies":"Cultist and Chosen","floor":24.0,"turns":11.0},{"damage":0.0,"enemies":"Centurion and Healer","floor":27.0,"turns":10.0},{"damage":44.0,"enemies":"Collector","floor":33.0,"turns":16.0},{"damage":28.0,"enemies":"3 Darklings","floor":35.0,"turns":7.0},{"damage":11.0,"enemies":"Orb Walker","floor":38.0,"turns":5.0},{"damage":47.0,"enemies":"Transient","floor":41.0,"turns":6.0},{"damage":0.0,"enemies":"3 Darklings","floor":42.0,"turns":7.0},{"damage":23.0,"enemies":"Sphere and 2 Shapes","floor":45.0,"turns":6.0},{"damage":36.0,"enemies":"Nemesis","floor":47.0,"turns":13.0},{"damage":19.0,"enemies":"Maw","floor":48.0,"turns":8.0},{"damage":43.0,"enemies":"Time Eater","floor":50.0,"turns":20.0},{"damage":13.0,"enemies":"Donu and Deca","floor":51.0,"turns":9.0},{"damage":29.0,"enemies":"Shield and Spear","floor":55.0,"turns":6.0},{"damage":22,"enemies":"The Heart","floor":56,"turns":8}],"seed_played":"-2044248628697532081","potions_obtained":[{"floor":8.0,"key":"SkillPotion"},{"floor":16.0,"key":"Poison Potion"},{"floor":24.0,"key":"Ancient Potion"},{"floor":33.0,"key":"Ancient Potion"}],"is_trial":false,"path_per_floor":["M","?","?","$","M","E","R","E","T","R","M","?","$","M","R","B",null,"M","?","?","M","M","R","M","T","T","M","?","R","$","?","R","B",null,"M","$","?","M","?","R","M","M","T","R","M","?","E","M","R","B","B",null,"R","$","E","B",null],"character_chosen":"IRONCLAD","items_purchased":["Armaments","Shrug It Off","Entrench","Medical Kit"],"campfire_rested":1,"item_purchase_floors":[4,13,30,36],"current_hp_per_floor":[74,74,63,63,69,75,75,28,28,28,34,18,18,21,21,13,60,59,59,59,47,39,65,49,49,49,61,61,61,61,61,61,27,82,66,66,66,73,69,69,38,62,62,62,64,64,67,71,71,42,43,114,114,114,107,106],"gold":32,"neow_bonus":"THREE_ENEMY_KILL","is_prod":false,"is_daily":false,"chose_seed":false,"campfire_upgraded":6,"win_rate":0,"timestamp":1559398174,"path_taken":["M","?","?","$","M","E","R","E","T","R","M","?","$","M","R","BOSS","M","?","?","M","M","R","?","?","T","M","?","R","$","?","R","BOSS","M","$","?","?","?","R","M","M","T","R","M","?","E","M","R","BOSS","BOSS","R","$","E","BOSS"],"build_version":"2019-01-23","purchased_purges":4,"victory":true,"max_hp_per_floor":[75,75,75,75,75,75,75,75,75,75,75,75,75,75,75,75,75,79,79,79,83,87,87,90,90,90,96,96,96,96,96,96,100,100,106,106,106,112,118,118,120,126,126,126,129,129,133,133,133,137,137,137,137,137,139,139],"card_choices":[{"not_picked":["Sword Boomerang","Headbutt"],"picked":"Shrug It Off","floor":1.0},{"not_picked":["Havoc","Perfected Strike"],"picked":"True Grit","floor":5.0},{"not_picked":["Wild Strike","Thunderclap","Perfected Strike"],"picked":"SKIP","floor":6.0},{"not_picked":["Berserk","Havoc"],"picked":"Spot Weakness","floor":8.0},{"not_picked":["Seeing Red","Sword Boomerang"],"picked":"Body Slam","floor":11.0},{"not_picked":["Iron Wave","Uppercut","Pommel Strike"],"picked":"SKIP","floor":14.0},{"not_picked":["Bludgeon","Limit Break"],"picked":"Feed","floor":16.0},{"not_picked":["Pommel Strike","True Grit","Thunderclap"],"picked":"SKIP","floor":18.0},{"not_picked":["Anger","Clothesline","Corruption+1"],"picked":"SKIP","floor":21.0},{"not_picked":["Spot Weakness","Clash"],"picked":"Sentinel","floor":22.0},{"not_picked":["Shockwave","Body Slam"],"picked":"Seeing Red+1","floor":24.0},{"not_picked":["Twin Strike","Anger","Fiend Fire"],"picked":"Singing Bowl","floor":27.0},{"not_picked":["Berserk+1","Bludgeon"],"picked":"Barricade+1","floor":33.0},{"not_picked":["Warcry","Heavy Blade","Body Slam+1"],"picked":"Singing Bowl","floor":35.0},{"not_picked":["Rage","Cleave","Headbutt"],"picked":"Singing Bowl","floor":38.0},{"not_picked":["Trip","Dark Shackles","Panacea"],"picked":"Singing Bowl","floor":39.0},{"not_picked":["Enlightenment","Panache+1","The Bomb"],"picked":"Singing Bowl","floor":39.0},{"not_picked":["Discovery","PanicButton","Deep Breath"],"picked":"Singing Bowl","floor":39.0},{"not_picked":["Clash","Twin Strike+1","True Grit"],"picked":"Singing Bowl","floor":41.0},{"not_picked":["Sword Boomerang","Twin Strike","Clash"],"picked":"Singing Bowl","floor":42.0},{"not_picked":["Uppercut+1","Wild Strike"],"picked":"Second Wind","floor":45.0},{"not_picked":["Dual Wield+1","True Grit"],"picked":"Seeing Red+1","floor":47.0},{"not_picked":["Clash","Perfected Strike"],"picked":"Feel No Pain+1","floor":48.0},{"not_picked":["Body Slam","Double Tap","Sever Soul+1"],"picked":"Singing Bowl","floor":55.0}],"player_experience":1828705,"relics_obtained":[{"floor":6.0,"key":"Mummified Hand"},{"floor":8.0,"key":"Frozen Egg 2"},{"floor":12.0,"key":"War Paint"},{"floor":25.0,"key":"Shovel"},{"floor":26.0,"key":"Singing Bowl"},{"floor":43.0,"key":"Incense Burner"},{"floor":44.0,"key":"Paper Frog"},{"floor":47.0,"key":"Dream Catcher"},{"floor":53.0,"key":"Ornamental Fan"},{"floor":55.0,"key":"Sundial"}],"event_choices":[{"cards_removed":["Strike_R"],"damage_healed":0.0,"max_hp_gain":0.0,"max_hp_loss":0.0,"gold_gain":0.0,"event_name":"The Cleric","player_choice":"Card Removal","floor":2.0,"gold_loss":75.0,"damage_taken":0.0},{"damage_healed":0.0,"max_hp_gain":0.0,"max_hp_loss":0.0,"gold_gain":75.0,"event_name":"World of Goop","player_choice":"Gather Gold","floor":3.0,"gold_loss":0.0,"damage_taken":11.0},{"damage_healed":0.0,"max_hp_gain":0.0,"max_hp_loss":0.0,"gold_gain":0.0,"event_name":"Dead Adventurer","player_choice":"Searched \u00271\u0027 times","floor":12.0,"gold_loss":0.0,"damage_taken":0.0},{"damage_healed":0.0,"max_hp_gain":0.0,"max_hp_loss":0.0,"gold_gain":0.0,"event_name":"Cursed Tome","player_choice":"Ignored","floor":19.0,"gold_loss":0.0,"damage_taken":0.0},{"damage_healed":0.0,"max_hp_gain":0.0,"max_hp_loss":0.0,"gold_gain":200.0,"event_name":"Wheel of Change","player_choice":"Gold","floor":20.0,"gold_loss":0.0,"damage_taken":0.0},{"damage_healed":0.0,"max_hp_gain":0.0,"max_hp_loss":0.0,"gold_gain":0.0,"event_name":"Addict","player_choice":"Obtained Relic","floor":28.0,"gold_loss":85.0,"damage_taken":0.0,"relics_obtained":["Unceasing Top"]},{"damage_healed":0.0,"max_hp_gain":0.0,"max_hp_loss":0.0,"gold_gain":0.0,"event_name":"Ghosts","player_choice":"Ignored","floor":31.0,"gold_loss":0.0,"damage_taken":0.0},{"damage_healed":0.0,"max_hp_gain":0.0,"max_hp_loss":0.0,"gold_gain":0.0,"cards_transformed":["Thunderclap"],"event_name":"Transmorgrifier","player_choice":"Transformed","floor":37.0,"gold_loss":0.0,"damage_taken":0.0,"cards_obtained":["Reaper"]},{"damage_healed":0.0,"max_hp_gain":0.0,"max_hp_loss":0.0,"gold_gain":0.0,"event_name":"SensoryStone","player_choice":"Memory 3","floor":39.0,"gold_loss":0.0,"damage_taken":10.0},{"damage_healed":0.0,"max_hp_gain":0.0,"max_hp_loss":0.0,"gold_gain":0.0,"event_name":"Lab","player_choice":"Got Potions","floor":46.0,"gold_loss":0.0,"damage_taken":0.0}],"is_beta":false,"boss_relics":[{"not_picked":["Cursed Key","Calling Bell"],"picked":"Runic Pyramid"},{"not_picked":["Tiny House","Philosopher\u0027s Stone"],"picked":"Pandora\u0027s Box"}],"items_purged_floors":[13,30,36,54],"is_endless":false,"potions_floor_spawned":[8,16,24,33,35,45,48],"ascension_level":20}