{"gold_per_floor":[112,124,136,236,252,252,100,131,131,146,146,71,88,108,108,210,210,227,53,53,73,83,114,127,127,127,127,87,87,102,120,120,220,220,236,236,111,211,211,211,230,230,230,250,269,269,269,119,119,119],"floor_reached":50,"playtime":1560,"items_purged":["Strike_R","Perfected Strike+1","Bash","Evolve"],"score":464,"play_id":"f227827e-95b1-48ea-bdee-c294b39fb66a","local_time":"20190805063131","is_ascension_mode":false,"campfire_choices":[{"data":"Whirlwind","floor":6.0,"key":"SMITH"},{"data":"Demon Form","floor":15.0,"key":"SMITH"},{"data":"True Grit","floor":25.0,"key":"SMITH"},{"data":"Inflame","floor":32.0,"key":"SMITH"},{"data":"Offering","floor":40,"key":"SMITH"},{"data":"Battle Trance","floor":42,"key":"SMITH"},{"data":"Burning Pact","floor":46,"key":"SMITH"},{"data":"Ghostly Armor","floor":47,"key":"SMITH"},{"data":"Flame Barrier","floor":49,"key":"SMITH"}],"neow_cost":"NONE","seed_source_timestamp":13223083678587,"circlet_count":0,"master_deck":["Flame Barrier+1","Whirlwind+1","True Grit+1","Demon Form+1","Inflame+1","Iron Wave+1","Burning Pact+1","Bludgeon+1","Shockwave+1","Pummel+1","Battle Trance+1","Ghostly Armor+1","Offering+1","Flex+1","Flex+1"],"special_seed":0,"relics":["Burning Blood","NeowsBlessing","Bag of Preparation","Meat on the Bone","Molten Egg 2","Pear","Pandora\u0027s Box","Gremlin Horn","Kunai","MutagenicStrength","Eternal Feather","WingedGreaves","Frozen Egg 2"],"potions_floor_usage":[50,50,50],"damage_taken":[{"damage":0.0,"enemies":"2 Louse","floor":1.0,"turns":1.0},{"damage":0.0,"enemies":"Cultist","floor":2.0,"turns":1.0},{"damage":0.0,"enemies":"Jaw Worm","floor":3.0,"turns":1.0},{"damage":11.0,"enemies":"Gremlin Gang","floor":5.0,"turns":3.0},{"damage":30.0,"enemies":"Gremlin Nob","floor":8.0,"turns":5.0},{"damage":16.0,"enemies":"Large Slime","floor":10.0,"turns":7.0},{"damage":22.0,"enemies":"Looter","floor":13.0,"turns":4.0},{"damage":3.0,"enemies":"Exordium Thugs","floor":14.0,"turns":3.0},{"damage":33.0,"enemies":"The Guardian","floor":16.0,"turns":9.0},{"damage":30.0,"enemies":"Chosen","floor":18.0,"turns":7.0},{"damage":12.0,"enemies":"Spheric Guardian","floor":21.0,"turns":5.0},{"damage":0.0,"enemies":"Snecko","floor":22.0,"turns":3.0},{"damage":48.0,"enemies":"Slavers","floor":23.0,"turns":7.0},{"damage":31.0,"enemies":"Centurion and Healer","floor":24.0,"turns":4.0},{"damage":17.0,"enemies":"Sentry and Sphere","floor":30.0,"turns":5.0},{"damage":2.0,"enemies":"Shelled Parasite and Fungi","floor":31.0,"turns":8.0},{"damage":58.0,"enemies":"Automaton","floor":33.0,"turns":10.0},{"damage":21.0,"enemies":"3 Shapes","floor":35.0,"turns":1.0},{"damage":6.0,"enemies":"Mind Bloom Boss Battle","floor":38.0,"turns":7.0},{"damage":6,"enemies":"3 Darklings","floor":41,"turns":1},{"damage":6,"enemies":"Sphere and 2 Shapes","floor":44,"turns":1},{"damage":22,"enemies":"Maw","floor":45,"turns":6},{"damage":111,"enemies":"Awakened One","floor":50,"turns":10}],"seed_played":"-5811493420762483317","potions_obtained":[{"floor":3.0,"key":"BloodPotion"},{"floor":5.0,"key":"Energy Potion"},{"floor":13.0,"key":"Regen Potion"},{"floor":14.0,"key":"Explosive Potion"},{"floor":22.0,"key":"EssenceOfSteel"},{"floor":24.0,"key":"GamblersBrew"},{"floor":30.0,"key":"Swift Potion"},{"floor":41,"key":"FearPotion"},{"floor":44,"key":"Regen Potion"}],"is_trial":false,"path_per_floor":["M","M","M","?","M","R","$","E","T","M","T","$","M","M","R","B",null,"M","$","?","M","M","E","M","R","T","?","?","$","M","M","R","B",null,"M","?","$","?","?","R","M","R","T","M","M","R","R","$","R","B"],"character_chosen":"IRONCLAD","items_purchased":["Bag of Preparation","Battle Trance"],"campfire_rested":0,"item_purchase_floors":[7,19],"current_hp_per_floor":[80,80,80,80,75,75,75,51,51,53,63,63,59,62,62,47,90,66,66,66,60,66,58,45,45,45,45,45,45,46,62,62,22,90,75,75,75,75,75,84,84,90,90,90,74,83,90,90,90,0],"gold":119,"neow_bonus":"THREE_ENEMY_KILL","is_prod":false,"is_daily":false,"chose_seed":false,"campfire_upgraded":9,"win_rate":0,"timestamp":1564954291,"path_taken":["M","M","M","?","M","R","$","E","T","?","?","?","M","?","R","BOSS","M","$","?","M","M","E","M","R","T","?","?","$","M","M","R","BOSS","M","?","$","?","?","R","M","R","T","M","M","R","R","$","R","BOSS"],"build_version":"2019-07-17","purchased_purges":4,"victory":false,"max_hp_per_floor":[80,80,80,80,80,80,80,80,80,80,90,90,90,90,90,90,90,90,90,90,90,90,90,90,90,90,90,90,90,90,90,90,90,90,90,90,90,90,90,90,90,90,90,90,90,90,90,90,90,90],"card_choices":[{"not_picked":["Anger","Power Through"],"picked":"Flame Barrier","floor":1.0},{"not_picked":["True Grit","Body Slam"],"picked":"Whirlwind","floor":2.0},{"not_picked":["Sword Boomerang","Heavy Blade","Headbutt"],"picked":"SKIP","floor":3.0},{"not_picked":["Pommel Strike","Brutality"],"picked":"Metallicize","floor":5.0},{"not_picked":["Rage","Hemokinesis","Dropkick"],"picked":"SKIP","floor":8.0},{"not_picked":["Wild Strike+1","Flame Barrier"],"picked":"True Grit","floor":10.0},{"not_picked":["True Grit","Clash+1","Perfected Strike+1"],"picked":"SKIP","floor":13.0},{"not_picked":["Twin Strike+1","Iron Wave+1"],"picked":"Demon Form","floor":14.0},{"not_picked":["Searing Blow+1","True Grit","Twin Strike+1"],"picked":"SKIP","floor":18.0},{"not_picked":["Rampage+1","Rage+1"],"picked":"Ghostly Armor","floor":21.0},{"not_picked":["Flame Barrier","Entrench","Armaments+1"],"picked":"SKIP","floor":22.0},{"not_picked":["Headbutt+1","Pommel Strike+1","Feel No Pain"],"picked":"SKIP","floor":23.0},{"not_picked":["Rampage+1","Clash+1","Flex"],"picked":"SKIP","floor":24.0},{"not_picked":["Ghostly Armor","Rage","Combust"],"picked":"SKIP","floor":30.0},{"not_picked":["Heavy Blade+1","Sword Boomerang+1","Warcry"],"picked":"SKIP","floor":31.0},{"not_picked":["Reaper+1","Exhume"],"picked":"Offering","floor":33.0},{"not_picked":["Body Slam+1","Flame Barrier"],"picked":"Flex+1","floor":35.0},{"not_picked":["Rupture","Second Wind","Pommel Strike+1"],"picked":"SKIP","floor":41},{"not_picked":["Body Slam+1","Shrug It Off+1"],"picked":"Flex+1","floor":44},{"not_picked":["Wild Strike+1","Second Wind","Armaments"],"picked":"SKIP","floor":45}],"player_experience":259580,"relics_obtained":[{"floor":8.0,"key":"Meat on the Bone"},{"floor":9.0,"key":"Molten Egg 2"},{"floor":11.0,"key":"Pear"},{"floor":23.0,"key":"Gremlin Horn"},{"floor":26.0,"key":"Kunai"},{"floor":38.0,"key":"WingedGreaves"},{"floor":43,"key":"Frozen Egg 2"}],"event_choices":[{"damage_healed":0.0,"max_hp_gain":0.0,"max_hp_loss":0.0,"gold_gain":100.0,"event_name":"Golden Shrine","player_choice":"Pray","floor":4.0,"gold_loss":0.0,"damage_taken":0.0},{"damage_healed":0.0,"max_hp_gain":0.0,"max_hp_loss":0.0,"gold_gain":0.0,"event_name":"Ghosts","player_choice":"Ignored","floor":20.0,"gold_loss":0.0,"damage_taken":0.0},{"damage_healed":0.0,"max_hp_gain":0.0,"max_hp_loss":0.0,"gold_gain":0.0,"event_name":"Drug Dealer","player_choice":"Inject Mutagens","floor":27.0,"gold_loss":0.0,"damage_taken":0.0,"relics_obtained":["MutagenicStrength"]},{"damage_healed":0.0,"max_hp_gain":0.0,"max_hp_loss":0.0,"gold_gain":0.0,"event_name":"Designer","player_choice":"Upgrade","floor":28.0,"gold_loss":40.0,"damage_taken":0.0,"cards_upgraded":["Shockwave"]},{"cards_removed":["Metallicize"],"damage_healed":0.0,"max_hp_gain":0.0,"max_hp_loss":0.0,"gold_gain":0.0,"event_name":"Falling","player_choice":"Removed Power","floor":36.0,"gold_loss":0.0,"damage_taken":0.0},{"damage_healed":0.0,"max_hp_gain":0.0,"max_hp_loss":0.0,"gold_gain":0.0,"event_name":"MindBloom","player_choice":"Fight","floor":38.0,"gold_loss":0.0,"damage_taken":0.0},{"damage_healed":0,"gold_gain":0,"player_choice":"Ignored","damage_taken":0,"max_hp_gain":0,"max_hp_loss":0,"event_name":"Mysterious Sphere","floor":39,"gold_loss":0}],"is_beta":false,"boss_relics":[{"not_picked":["Calling Bell","Orrery"],"picked":"Pandora\u0027s Box"},{"not_picked":["Fusion Hammer","Astrolabe"],"picked":"Eternal Feather"}],"items_purged_floors":[12,19,37,48],"is_endless":false,"potions_floor_spawned":[3,5,13,14,22,24,30,41,44],"killed_by":"Awakened One","ascension_level":0}