{"gold_per_floor":[13,32,32,32,42,42,76,151,205,240,240,1,34,51,51,129,129,146,61,61,78,96,96,126,126,152,152,178,28,48,48,48,119,119,136,136,182,182,83,83,94,123,123,123],"floor_reached":44,"playtime":1991,"items_purged":["Strike_B"],"score":901,"play_id":"a981d265-c7e8-4ee7-a70f-0582448f27ce","local_time":"20190731013708","is_ascension_mode":true,"campfire_choices":[{"data":"Doom and Gloom","floor":6,"key":"SMITH"},{"data":"Go for the Eyes","floor":11,"key":"SMITH"},{"data":"Sweeping Beam","floor":15,"key":"SMITH"},{"data":"Coolheaded","floor":23,"key":"SMITH"},{"data":"Dualcast","floor":27,"key":"SMITH"},{"data":"Coolheaded","floor":32,"key":"SMITH"},{"floor":40,"key":"RECALL"}],"neow_cost":"NO_GOLD","seed_source_timestamp":348935963377536,"circlet_count":0,"master_deck":["AscendersBane","Strike_B","Strike_B","Strike_B+1","Defend_B","Defend_B","Defend_B","Zap+1","Dualcast+1","Doom and Gloom+1","Go for the Eyes+1","Melter","Compile Driver+1","Master of Strategy","Hologram","Sweeping Beam+1","Reinforced Body","All For One","Hologram+1","Glacier","Coolheaded+1","Parasite","Go for the Eyes","Coolheaded+1","Turbo","Meteor Strike","Cold Snap+1","Coolheaded","Sweeping Beam+1","Hologram+1"],"relics":["Cracked Core","Oddly Smooth Stone","Ancient Tea Set","Potion Belt","Blood Vial","Cursed Key","Letter Opener","Whetstone","DataDisk","Regal Pillow","Bag of Preparation","Inserter","Calipers","Omamori"],"potions_floor_usage":[7,7,10,16,16,16,24,28,28,42],"damage_taken":[{"damage":7,"enemies":"Jaw Worm","floor":1,"turns":3},{"damage":2,"enemies":"2 Louse","floor":2,"turns":3},{"damage":0,"enemies":"Cultist","floor":5,"turns":3},{"damage":20,"enemies":"Gremlin Nob","floor":7,"turns":4},{"damage":16,"enemies":"3 Sentries","floor":10,"turns":8},{"damage":8,"enemies":"Gremlin Nob","floor":13,"turns":3},{"damage":0,"enemies":"Blue Slaver","floor":14,"turns":3},{"damage":2,"enemies":"Slime Boss","floor":16,"turns":9},{"damage":7,"enemies":"Shell Parasite","floor":18,"turns":6},{"damage":6,"enemies":"Chosen","floor":21,"turns":4},{"damage":26,"enemies":"Shelled Parasite and Fungi","floor":22,"turns":5},{"damage":22,"enemies":"Gremlin Leader","floor":24,"turns":7},{"damage":0,"enemies":"Slavers","floor":28,"turns":5},{"damage":0,"enemies":"Snake Plant","floor":30,"turns":4},{"damage":29,"enemies":"Automaton","floor":33,"turns":14},{"damage":2,"enemies":"3 Darklings","floor":35,"turns":4},{"damage":37,"enemies":"2 Orb Walkers","floor":37,"turns":8},{"damage":8,"enemies":"3 Shapes","floor":41,"turns":3},{"damage":17,"enemies":"Reptomancer","floor":42,"turns":5},{"damage":46,"enemies":"Giant Head","floor":44,"turns":8}],"seed_played":"-6714373590554245509","potions_obtained":[{"floor":1,"key":"PowerPotion"},{"floor":4,"key":"EntropicBrew"},{"floor":13,"key":"SkillPotion"},{"floor":14,"key":"EntropicBrew"},{"floor":18,"key":"LiquidBronze"},{"floor":24,"key":"Swift Potion"},{"floor":37,"key":"SkillPotion"},{"floor":42,"key":"SteroidPotion"}],"is_trial":false,"path_per_floor":["M","M","?","?","M","R","E","?","T","E","R","$","E","M","R","B",null,"M","?","?","M","M","R","E","?","T","R","E","$","M","?","R","B",null,"M","?","?","?","$","R","M","E","T","E"],"character_chosen":"DEFECT","items_purchased":["Master of Strategy","Hologram","Bag of Preparation","Coolheaded"],"campfire_rested":0,"item_purchase_floors":[12,12,29,39],"current_hp_per_floor":[71,69,69,69,69,69,49,38,38,22,22,22,14,16,16,16,68,63,63,63,59,35,35,15,85,85,85,85,85,85,85,85,56,78,78,78,43,43,43,43,37,22,22,0],"gold":123,"neow_bonus":"TWENTY_PERCENT_HP_BONUS","is_prod":false,"is_daily":false,"chose_seed":false,"campfire_upgraded":6,"win_rate":0,"timestamp":1564551428,"path_taken":["M","M","?","?","?","R","E","?","T","E","R","$","E","M","R","BOSS","M","?","?","M","M","R","E","?","T","R","E","$","?","?","R","BOSS","M","?","?","?","$","R","M","E","T","E"],"build_version":"2019-07-17","purchased_purges":1,"victory":false,"max_hp_per_floor":[85,85,85,85,85,85,85,85,85,85,85,85,85,85,85,85,85,85,85,85,85,85,85,85,85,85,85,85,85,85,85,85,85,85,85,81,81,81,81,81,81,81,81,81],"card_choices":[{"not_picked":["Sweeping Beam","Redo"],"picked":"Doom and Gloom","floor":1},{"not_picked":["Gash","Blizzard"],"picked":"Go for the Eyes","floor":2},{"not_picked":["Steam Power","Streamline"],"picked":"Chill","floor":5},{"not_picked":["Beam Cell","Leap"],"picked":"Melter","floor":7},{"not_picked":["Rip and Tear","Meteor Strike"],"picked":"Compile Driver","floor":10},{"not_picked":["Skim","Cold Snap"],"picked":"Sweeping Beam","floor":13},{"not_picked":["Sweeping Beam","Skim"],"picked":"Reinforced Body","floor":14},{"not_picked":["Meteor Strike","Rainbow"],"picked":"All For One","floor":16},{"not_picked":["Ball Lightning","Scrape+1"],"picked":"Hologram+1","floor":18},{"not_picked":["Leap","Redo"],"picked":"Glacier","floor":21},{"not_picked":["Conserve Battery","Meteor Strike"],"picked":"Coolheaded","floor":22},{"not_picked":["Barrage","Thunder Strike","Darkness"],"picked":"SKIP","floor":24},{"not_picked":["Rebound","Ball Lightning"],"picked":"Go for the Eyes","floor":28},{"not_picked":["Tempest","Self Repair"],"picked":"Coolheaded","floor":30},{"not_picked":["Seek","Thunder Strike"],"picked":"Meteor Strike","floor":33},{"not_picked":["Sweeping Beam","Leap","Scrape"],"picked":"SKIP","floor":35},{"not_picked":["Barrage","Sunder"],"picked":"Cold Snap+1","floor":37},{"not_picked":["Auto Shields","Beam Cell"],"picked":"Sweeping Beam+1","floor":41},{"not_picked":["Reinforced Body","Stack"],"picked":"Hologram+1","floor":42}],"player_experience":1617238,"relics_obtained":[{"floor":7,"key":"Oddly Smooth Stone"},{"floor":9,"key":"Ancient Tea Set"},{"floor":10,"key":"Potion Belt"},{"floor":13,"key":"Blood Vial"},{"floor":24,"key":"Whetstone"},{"floor":26,"key":"DataDisk"},{"floor":28,"key":"Regal Pillow"},{"floor":37,"key":"Calipers"},{"floor":42,"key":"Omamori"}],"event_choices":[{"damage_healed":0,"gold_gain":0,"player_choice":"Grow","damage_taken":0,"max_hp_gain":0,"max_hp_loss":0,"event_name":"Living Wall","floor":3,"gold_loss":0,"cards_upgraded":["Zap"]},{"damage_healed":0,"gold_gain":0,"player_choice":"Got Potions","damage_taken":0,"max_hp_gain":0,"max_hp_loss":0,"event_name":"Lab","floor":4,"gold_loss":0},{"damage_healed":0,"gold_gain":75,"player_choice":"Gather Gold","damage_taken":11,"max_hp_gain":0,"max_hp_loss":0,"event_name":"World of Goop","floor":8,"gold_loss":0},{"damage_healed":0,"gold_gain":0,"player_choice":"Obtained Relic","damage_taken":0,"relics_obtained":["Letter Opener"],"max_hp_gain":0,"max_hp_loss":0,"event_name":"Addict","floor":19,"gold_loss":85},{"damage_healed":0,"gold_gain":0,"player_choice":"Ignored","damage_taken":0,"max_hp_gain":0,"max_hp_loss":0,"event_name":"The Mausoleum","floor":20,"gold_loss":0},{"cards_removed":["Chill"],"damage_healed":70,"gold_gain":0,"player_choice":"Offered Uncommon","damage_taken":0,"max_hp_gain":0,"max_hp_loss":0,"event_name":"Bonfire Elementals","floor":25,"gold_loss":0},{"damage_healed":0,"gold_gain":0,"player_choice":"Read","damage_taken":0,"max_hp_gain":0,"max_hp_loss":0,"event_name":"The Library","floor":31,"gold_loss":0,"cards_obtained":["Turbo"]},{"damage_healed":0,"gold_gain":0,"player_choice":"Max HP","damage_taken":0,"max_hp_gain":0,"max_hp_loss":4,"event_name":"Winding Halls","floor":36,"gold_loss":0},{"damage_healed":0,"gold_gain":0,"player_choice":"Fight","damage_taken":0,"max_hp_gain":0,"max_hp_loss":0,"event_name":"Mysterious Sphere","floor":37,"gold_loss":0},{"cards_removed":["Defend_B"],"damage_healed":0,"gold_gain":0,"player_choice":"Removed Skill","damage_taken":0,"max_hp_gain":0,"max_hp_loss":0,"event_name":"Falling","floor":38,"gold_loss":0}],"is_beta":false,"boss_relics":[{"not_picked":["Empty Cage","Philosopher\u0027s Stone"],"picked":"Cursed Key"},{"not_picked":["Runic Dome","Busted Crown"],"picked":"Inserter"}],"items_purged_floors":[39],"is_endless":false,"potions_floor_spawned":[1,13,14,18,22,24,37,42],"killed_by":"Giant Head","ascension_level":15}