{"gold_per_floor":[209,209,223,148,159,159,184,184,207,242,242,260,45,78,78,157,157,168,185,195,215,68,94,104,104,104,104,122,22,48,78,78,155,155,170,45,45,145,162,194,194,226,251,268,268,25,42,72,72,72,72,72,72,103,103],"floor_reached":56,"playtime":2479,"items_purged":["Strike_B","Strike_B","Strike_B"],"score":2038,"play_id":"9648708d-0987-4814-a5eb-965fb8b0c9b6","local_time":"20190801005026","is_ascension_mode":true,"campfire_choices":[{"data":"Zap","floor":6,"key":"SMITH"},{"data":"Tempest","floor":8,"key":"SMITH"},{"data":"Sweeping Beam","floor":11,"key":"SMITH"},{"data":"Defragment","floor":15,"key":"SMITH"},{"data":"Defragment","floor":25,"key":"SMITH"},{"data":"Self Repair","floor":27,"key":"SMITH"},{"floor":32,"key":"RECALL"},{"data":"Biased Cognition","floor":41,"key":"SMITH"},{"data":"Thunder Strike","floor":49,"key":"SMITH"},{"data":"Capacitor","floor":52,"key":"SMITH"}],"neow_cost":"NONE","seed_source_timestamp":432031065213014,"circlet_count":0,"master_deck":["AscendersBane","Defend_B","Defend_B","Defend_B+1","Defend_B","Dualcast+1","Tempest+1","Gash","Self Repair+1","Ball Lightning+1","Sweeping Beam+1","Compile Driver+1","Hologram","Defragment+1","Sweeping Beam","Seek","Stack+1","Defragment+1","Consume+1","Hologram+1","Gash+1","Glacier","Hologram","Biased Cognition+1","Thunder Strike+1","Gash","Sweeping Beam+1","Static Discharge","Capacitor+1","White Noise","Recycle","Compile Driver"],"relics":["Cracked Core","Bronze Scales","Happy Flower","Gambling Chip","War Paint","Gremlin Horn","Coffee Dripper","PreservedInsect","Meat on the Bone","Centennial Puzzle","Red Mask","Lizard Tail","Nunchaku","Cables","Whetstone","Regal Pillow","Symbiotic Virus","OrangePellets","Unceasing Top","Strawberry"],"potions_floor_usage":[7,20,23,30,31,55],"damage_taken":[{"damage":0,"enemies":"Small Slimes","floor":1,"turns":3},{"damage":0,"enemies":"Cultist","floor":3,"turns":3},{"damage":7,"enemies":"Jaw Worm","floor":5,"turns":3},{"damage":10,"enemies":"3 Sentries","floor":7,"turns":5},{"damage":25,"enemies":"Lagavulin","floor":10,"turns":6},{"damage":3,"enemies":"Exordium Wildlife","floor":12,"turns":2},{"damage":10,"enemies":"Gremlin Nob","floor":14,"turns":3},{"damage":27,"enemies":"The Guardian","floor":16,"turns":7},{"damage":3,"enemies":"3 Byrds","floor":18,"turns":2},{"damage":6,"enemies":"Shell Parasite","floor":19,"turns":4},{"damage":21,"enemies":"Snake Plant","floor":20,"turns":3},{"damage":15,"enemies":"Shelled Parasite and Fungi","floor":21,"turns":4},{"damage":36,"enemies":"Gremlin Leader","floor":23,"turns":4},{"damage":10,"enemies":"Chosen and Byrds","floor":24,"turns":3},{"damage":0,"enemies":"Centurion and Healer","floor":28,"turns":6},{"damage":1,"enemies":"Book of Stabbing","floor":30,"turns":3},{"damage":10,"enemies":"Masked Bandits","floor":31,"turns":3},{"damage":52,"enemies":"Collector","floor":33,"turns":10},{"damage":6,"enemies":"Orb Walker","floor":35,"turns":3},{"damage":8,"enemies":"Mind Bloom Boss Battle","floor":38,"turns":8},{"damage":0,"enemies":"3 Shapes","floor":39,"turns":3},{"damage":20,"enemies":"Nemesis","floor":40,"turns":9},{"damage":21,"enemies":"Giant Head","floor":42,"turns":7},{"damage":0,"enemies":"Sphere and 2 Shapes","floor":44,"turns":5},{"damage":4,"enemies":"Jaw Worm Horde","floor":47,"turns":3},{"damage":0,"enemies":"Reptomancer","floor":48,"turns":3},{"damage":35,"enemies":"Donu and Deca","floor":50,"turns":5},{"damage":17,"enemies":"Shield and Spear","floor":54,"turns":6},{"damage":52,"enemies":"The Heart","floor":55,"turns":9}],"seed_played":"-1324238278230927588","potions_obtained":[{"floor":1,"key":"Explosive Potion"},{"floor":3,"key":"FearPotion"},{"floor":5,"key":"Strength Potion"},{"floor":14,"key":"Swift Potion"},{"floor":19,"key":"Regen Potion"},{"floor":20,"key":"FairyPotion"},{"floor":24,"key":"Energy Potion"},{"floor":30,"key":"Poison Potion"},{"floor":38,"key":"AttackPotion"},{"floor":47,"key":"Block Potion"}],"is_trial":false,"path_per_floor":["M","?","M","$","M","R","E","R","T","E","R","M","$","E","R","B",null,"M","M","M","M","$","E","M","R","T","R","M","$","E","?","R","B",null,"M","$","?","?","M","E","R","E","T","M","?","$","M","E","R","B",null,"R","$","E","B",null],"character_chosen":"DEFECT","items_purchased":["Defragment","War Paint","PreservedInsect","OrangePellets","Capacitor"],"campfire_rested":0,"item_purchase_floors":[13,13,22,46,46],"current_hp_per_floor":[64,64,64,64,64,64,61,61,61,43,43,40,40,30,30,10,56,60,61,47,39,39,19,28,28,28,28,50,50,59,59,59,29,61,65,65,65,67,71,61,61,50,50,60,60,60,66,71,71,46,65,65,65,65,35],"gold":103,"neow_bonus":"HUNDRED_GOLD","is_prod":false,"is_daily":false,"chose_seed":false,"campfire_upgraded":9,"win_rate":0,"timestamp":1564635026,"path_taken":["M","?","M","$","M","R","E","R","T","E","R","M","$","E","R","BOSS","M","?","M","M","$","E","M","R","T","R","M","$","E","?","R","BOSS","M","$","?","?","M","E","R","E","T","M","?","$","?","E","R","BOSS","R","$","E","BOSS"],"build_version":"2019-07-17","purchased_purges":3,"victory":true,"max_hp_per_floor":[71,71,71,71,71,71,71,71,71,71,71,71,71,71,71,71,71,71,71,71,71,71,71,71,71,71,71,71,71,71,71,71,71,71,71,71,71,71,71,71,71,71,71,71,71,71,71,71,71,71,71,71,71,78,78],"card_choices":[{"not_picked":["Blizzard","Stack"],"picked":"Tempest","floor":1},{"not_picked":["Double Energy","Reprogram"],"picked":"Self Repair","floor":3},{"not_picked":["Leap","Fusion"],"picked":"Ball Lightning","floor":5},{"not_picked":["Fusion","Steam"],"picked":"Sweeping Beam","floor":7},{"not_picked":["Go for the Eyes","Darkness"],"picked":"Compile Driver","floor":10},{"not_picked":["Turbo","Steam Power"],"picked":"Hologram","floor":12},{"not_picked":["Force Field","Redo"],"picked":"Sweeping Beam","floor":14},{"not_picked":["Thunder Strike","Multi-Cast"],"picked":"Seek","floor":16},{"not_picked":["Compile Driver","Leap"],"picked":"Stack+1","floor":18},{"not_picked":["Sweeping Beam","Auto Shields+1"],"picked":"Defragment","floor":19},{"not_picked":["Force Field+1","Sweeping Beam"],"picked":"Consume+1","floor":20},{"not_picked":["Force Field","Rebound"],"picked":"Hologram+1","floor":21},{"not_picked":["Consume","Stack"],"picked":"Gash+1","floor":23},{"not_picked":["Streamline+1","Rebound+1"],"picked":"Glacier","floor":24},{"not_picked":["Rebound","Sweeping Beam"],"picked":"Hologram","floor":28},{"not_picked":["Steam Power+1","Aggregate"],"picked":"Biased Cognition","floor":30},{"not_picked":["Core Surge","Machine Learning"],"picked":"Thunder Strike","floor":33},{"not_picked":["Redo","Leap","Streamline"],"picked":"SKIP","floor":35},{"not_picked":["Doom and Gloom","Melter+1"],"picked":"Cold Snap+1","floor":38},{"not_picked":["Conserve Battery","Hyperbeam"],"picked":"Gash","floor":39},{"not_picked":["Hologram","Storm"],"picked":"Sweeping Beam+1","floor":40},{"not_picked":["Turbo","Lockon","Consume+1"],"picked":"SKIP","floor":42},{"not_picked":["Genetic Algorithm","Biased Cognition"],"picked":"Static Discharge","floor":44},{"not_picked":["Reprogram","Beam Cell"],"picked":"White Noise","floor":47},{"not_picked":["Go for the Eyes","Doom and Gloom"],"picked":"Recycle","floor":48},{"not_picked":["Ball Lightning","Rip and Tear"],"picked":"Compile Driver","floor":54}],"player_experience":1630929,"relics_obtained":[{"floor":7,"key":"Bronze Scales"},{"floor":9,"key":"Happy Flower"},{"floor":10,"key":"Gambling Chip"},{"floor":14,"key":"Gremlin Horn"},{"floor":23,"key":"Meat on the Bone"},{"floor":30,"key":"Centennial Puzzle"},{"floor":31,"key":"Red Mask"},{"floor":38,"key":"Nunchaku"},{"floor":40,"key":"Cables"},{"floor":42,"key":"Whetstone"},{"floor":43,"key":"Regal Pillow"},{"floor":48,"key":"Unceasing Top"},{"floor":54,"key":"Strawberry"}],"event_choices":[{"damage_healed":0,"gold_gain":0,"cards_transformed":["Strike_B"],"player_choice":"Transformed","damage_taken":0,"max_hp_gain":0,"max_hp_loss":0,"event_name":"Transmorgrifier","floor":2,"gold_loss":0,"cards_obtained":["Gash"]},{"damage_healed":0,"gold_gain":0,"player_choice":"Fought Bandits","damage_taken":0,"max_hp_gain":0,"max_hp_loss":0,"event_name":"Masked Bandits","floor":31,"gold_loss":0},{"cards_removed":["Zap"],"damage_healed":0,"gold_gain":0,"player_choice":"Removed Skill","damage_taken":0,"max_hp_gain":0,"max_hp_loss":0,"event_name":"Falling","floor":37,"gold_loss":0},{"damage_healed":0,"gold_gain":0,"player_choice":"Fight","damage_taken":0,"max_hp_gain":0,"max_hp_loss":0,"event_name":"MindBloom","floor":38,"gold_loss":0},{"cards_removed":["Cold Snap"],"damage_healed":0,"gold_gain":0,"player_choice":"Gave Card","damage_taken":0,"relics_obtained":["Symbiotic Virus"],"max_hp_gain":0,"max_hp_loss":0,"event_name":"WeMeetAgain","floor":45,"gold_loss":0}],"is_beta":false,"boss_relics":[{"not_picked":["Nuclear Battery","Sozu"],"picked":"Coffee Dripper"},{"not_picked":["Empty Cage","Runic Dome"],"picked":"Lizard Tail"}],"items_purged_floors":[4,29,36],"is_endless":false,"potions_floor_spawned":[1,3,5,14,19,20,24,30,38,39,42,44,47],"ascension_level":15}