{"gold_per_floor":[114,129,129,144,159,189,189,17,92,92,92,107,122,137,137,237,237,162,162,162],"floor_reached":20,"playtime":1135,"items_purged":[],"score":174,"play_id":"defdcd6f-ad7e-466a-a647-66fec9f526b1","local_time":"20180808175919","daily_mods":["Allstar","Uncertain Future","Night Terrors"],"is_ascension_mode":false,"campfire_choices":[{"floor":7,"key":"REST"},{"data":"Leap","floor":10,"key":"SMITH"},{"data":"Leap","floor":15,"key":"SMITH"}],"neow_cost":"","seed_source_timestamp":0,"circlet_count":0,"master_deck":["Strike_B","Strike_B","Defend_B","Defend_B","Defend_B","Defend_B","Zap","Dualcast","Secret Weapon","Deep Breath","Jack Of All Trades","Magnetism","Purity","Leap+1","Steam","Stack","Ball Lightning","Meteor Strike","Stack","Conserve Battery","Go for the Eyes","Hologram","Leap+1","Reboot","Pain","Decay","Doubt","White Noise","Doom and Gloom"],"special_seed":17751,"relics":["Cracked Core","Sundial","Lantern","Bottled Flame","Calling Bell","Regal Pillow","Cables","Torii"],"potions_floor_usage":[16,16],"damage_taken":[{"damage":0,"enemies":"Small Slimes","floor":1,"turns":2},{"damage":11,"enemies":"Jaw Worm","floor":2,"turns":2},{"damage":0,"enemies":"Cultist","floor":4,"turns":4},{"damage":14,"enemies":"Gremlin Gang","floor":5,"turns":6},{"damage":36,"enemies":"Gremlin Nob","floor":6,"turns":6},{"damage":9,"enemies":"3 Louse","floor":12,"turns":3},{"damage":11,"enemies":"Lots of Slimes","floor":13,"turns":3},{"damage":4,"enemies":"Red Slaver","floor":14,"turns":4},{"damage":1,"enemies":"The Guardian","floor":16,"turns":11},{"damage":16,"enemies":"2 Thieves","floor":18,"turns":5},{"damage":7,"enemies":"Shell Parasite","floor":20,"turns":5}],"seed_played":"-1865023326789257994","potions_obtained":[{"floor":2,"key":"LiquidBronze"},{"floor":4,"key":"EssenceOfSteel"},{"floor":13,"key":"SpeedPotion"},{"floor":16,"key":"Regen Potion"}],"is_trial":false,"path_per_floor":["M","M","?","M","M","E","R","$","T","R","?","M","M","M","R","B",null,"M","?"],"character_chosen":"DEFECT","items_purchased":["Lantern","Conserve Battery"],"campfire_rested":1,"item_purchase_floors":[8,8],"current_hp_per_floor":[75,64,64,64,50,14,70,70,70,70,70,61,50,46,46,45,70,54,54,47],"gold":162,"neow_bonus":"","is_prod":false,"is_daily":true,"chose_seed":false,"campfire_upgraded":2,"win_rate":0.0,"timestamp":1533718759,"path_taken":["M","M","?","?","M","E","R","$","T","R","?","M","M","M","R","BOSS","M","?","M"],"build_version":"2018-08-02","purchased_purges":0,"victory":false,"max_hp_per_floor":[75,75,75,75,75,75,70,70,70,70,70,70,70,70,70,70,70,70,70,70],"card_choices":[{"not_picked":["Sweeping Beam","Hello World"],"picked":"Leap","floor":1},{"not_picked":["Chaos","Compile Driver"],"picked":"Steam","floor":2},{"not_picked":["Gash","Beam Cell"],"picked":"Ball Lightning","floor":4},{"not_picked":["Barrage","Tempest"],"picked":"Meteor Strike","floor":5},{"not_picked":["All For One","Turbo"],"picked":"Stack","floor":6},{"not_picked":["Rebound","Streamline"],"picked":"Go for the Eyes","floor":12},{"not_picked":["Coolheaded","Compile Driver"],"picked":"Hologram","floor":13},{"not_picked":["Steam","Chaos"],"picked":"Leap","floor":14},{"not_picked":["Meteor Strike","Thunder Strike"],"picked":"Reboot","floor":16},{"not_picked":["Streamline","Redo"],"picked":"White Noise","floor":18}],"player_experience":164460,"relics_obtained":[{"floor":6,"key":"Sundial"},{"floor":9,"key":"Bottled Flame"},{"floor":17,"key":"Regal Pillow"},{"floor":17,"key":"Cables"},{"floor":17,"key":"Torii"}],"event_choices":[{"event_name":"Living Wall","player_choice":"Change","floor":3,"damage_taken":0},{"event_name":"Bonfire Elementals","player_choice":"BASIC","floor":11,"damage_taken":0},{"event_name":"The Library","player_choice":"Read","floor":19,"damage_taken":0}],"is_beta":false,"boss_relics":[{"not_picked":["Snecko Eye","Astrolabe"],"picked":"Calling Bell"}],"items_purged_floors":[],"is_endless":false,"potions_floor_spawned":[2,4,13,16],"killed_by":"Shell Parasite","ascension_level":0}