{"gold_per_floor":[112,127,141,160,160,192,122,154,233,233,251,28,28,62,62,140,140,155,11,29,79,95,95,129,129,177,204,129,129,154,167,167,241,241,257,257,1256,1268,1284,1309,1309,1338,1338,1356,784,784,799,832,832,832,832,832,256,281,281],"floor_reached":56,"playtime":2562,"items_purged":["Strike_G+1","Quick Slash"],"score":2448,"play_id":"cabe684a-4a51-410e-9ae7-2146a03f0ebc","local_time":"20190802150048","is_ascension_mode":true,"campfire_choices":[{"floor":10,"key":"REST"},{"data":"Well Laid Plans","floor":13,"key":"SMITH"},{"data":"Footwork","floor":15,"key":"SMITH"},{"floor":23,"key":"REST"},{"data":"Catalyst","floor":25,"key":"SMITH"},{"data":"Corpse Explosion","floor":32,"key":"SMITH"},{"floor":41,"key":"RECALL"},{"data":"Footwork","floor":46,"key":"SMITH"},{"data":"Strike_G+1","floor":49,"key":"PURGE"},{"data":"Strike_G+1","floor":52,"key":"PURGE"}],"neow_cost":"NONE","seed_source_timestamp":569374075322900,"circlet_count":0,"master_deck":["AscendersBane","Defend_G+1","Defend_G+1","Defend_G+1","Defend_G+1","Defend_G+1","Survivor","Neutralize+1","Blur","All Out Attack+1","Well Laid Plans+1","Crippling Poison","PiercingWail","Footwork+1","After Image","Corpse Explosion+1","Catalyst+1","Catalyst+1","Predator","Dodge and Roll+1","Bullet Time","After Image","PiercingWail","Noxious Fumes+1","Well Laid Plans+1","Footwork+1","Catalyst+1","Riddle With Holes+1","Backflip","Leg Sweep","Discovery"],"relics":["Ring of the Snake","Omamori","Gambling Chip","Regal Pillow","PreservedInsect","Ancient Tea Set","Snecko Eye","Happy Flower","Bag of Preparation","Pen Nib","Peace Pipe","Anchor","Lizard Tail","Smiling Mask","Pear","Sundial","Mummified Hand","DollysMirror","Blood Vial","Membership Card","Gremlin Horn","Dodecahedron","Bottled Lightning"],"potions_floor_usage":[4,6,20,22,30,48,54,55],"damage_taken":[{"damage":0,"enemies":"2 Louse","floor":1,"turns":4},{"damage":1,"enemies":"Small Slimes","floor":2,"turns":5},{"damage":5,"enemies":"Cultist","floor":3,"turns":5},{"damage":13,"enemies":"Exordium Thugs","floor":4,"turns":8},{"damage":22,"enemies":"Gremlin Nob","floor":6,"turns":4},{"damage":14,"enemies":"3 Sentries","floor":8,"turns":9},{"damage":0,"enemies":"Blue Slaver","floor":11,"turns":5},{"damage":19,"enemies":"Gremlin Nob","floor":14,"turns":5},{"damage":6,"enemies":"The Guardian","floor":16,"turns":18},{"damage":14,"enemies":"Spheric Guardian","floor":18,"turns":8},{"damage":1,"enemies":"2 Thieves","floor":20,"turns":4},{"damage":15,"enemies":"Snake Plant","floor":22,"turns":7},{"damage":0,"enemies":"Gremlin Leader","floor":24,"turns":4},{"damage":0,"enemies":"Slavers","floor":27,"turns":1},{"damage":18,"enemies":"Gremlin Leader","floor":30,"turns":4},{"damage":0,"enemies":"Snecko","floor":31,"turns":3},{"damage":0,"enemies":"Champ","floor":33,"turns":6},{"damage":0,"enemies":"3 Darklings","floor":35,"turns":2},{"damage":0,"enemies":"Orb Walker","floor":38,"turns":4},{"damage":0,"enemies":"4 Shapes","floor":39,"turns":4},{"damage":0,"enemies":"Giant Head","floor":40,"turns":6},{"damage":0,"enemies":"Reptomancer","floor":42,"turns":3},{"damage":0,"enemies":"Sphere and 2 Shapes","floor":44,"turns":5},{"damage":10,"enemies":"Writhing Mass","floor":47,"turns":4},{"damage":0,"enemies":"Nemesis","floor":48,"turns":3},{"damage":6,"enemies":"Donu and Deca","floor":50,"turns":4},{"damage":0,"enemies":"Shield and Spear","floor":54,"turns":3},{"damage":17,"enemies":"The Heart","floor":55,"turns":5}],"seed_played":"7742525594612651383","potions_obtained":[{"floor":1,"key":"Energy Potion"},{"floor":2,"key":"Poison Potion"},{"floor":3,"key":"EssenceOfSteel"},{"floor":11,"key":"GhostInAJar"},{"floor":16,"key":"GhostInAJar"},{"floor":24,"key":"AttackPotion"},{"floor":30,"key":"Weak Potion"},{"floor":31,"key":"Explosive Potion"},{"floor":48,"key":"Poison Potion"}],"is_trial":false,"path_per_floor":["M","M","M","M","?","E","?","E","T","R","M","$","R","E","R","B",null,"M","$","M","?","M","R","E","R","T","E","?","?","E","M","R","B",null,"M","?","?","M","M","E","R","E","T","M","$","R","M","E","R","B",null,"R","$","E","B",null],"character_chosen":"THE_SILENT","items_purchased":["Footwork","PreservedInsect","Happy Flower","Mummified Hand","DollysMirror","GhostInAJar","Membership Card","Gremlin Horn","Dodecahedron","Leg Sweep","Discovery"],"campfire_rested":2,"item_purchase_floors":[12,12,19,45,45,45,53,53,53,53,53],"current_hp_per_floor":[59,58,53,40,40,18,18,4,4,38,38,38,38,19,19,13,53,39,39,38,38,23,57,57,57,57,57,57,57,39,39,39,39,59,59,59,59,59,59,59,59,69,69,69,69,69,59,59,59,55,71,71,71,73,58],"gold":281,"neow_bonus":"UPGRADE_CARD","is_prod":false,"is_daily":false,"chose_seed":false,"campfire_upgraded":5,"win_rate":0,"timestamp":1564772448,"path_taken":["M","M","M","M","?","E","?","E","T","R","?","$","R","E","R","BOSS","M","$","M","?","M","R","E","R","T","E","?","?","E","M","R","BOSS","M","?","?","M","M","E","R","E","T","M","$","R","M","E","R","BOSS","R","$","E","BOSS"],"build_version":"2019-07-17","purchased_purges":2,"victory":true,"max_hp_per_floor":[66,66,66,66,66,66,66,66,66,66,66,66,66,66,66,66,66,66,66,66,66,66,66,66,66,66,66,66,66,66,66,66,66,66,66,66,66,66,66,66,66,76,76,76,76,76,76,76,76,76,76,76,76,76,76],"card_choices":[{"not_picked":["Slice","Dagger Throw"],"picked":"Blur","floor":1},{"not_picked":["Backflip","Underhanded Strike"],"picked":"All Out Attack","floor":2},{"not_picked":["Dodge and Roll","Accuracy","Prepared"],"picked":"SKIP","floor":3},{"not_picked":["Blade Dance","Accuracy"],"picked":"Quick Slash","floor":4},{"not_picked":["Noxious Fumes","Backflip"],"picked":"Well Laid Plans","floor":6},{"not_picked":["Deflect","Underhanded Strike"],"picked":"Crippling Poison","floor":8},{"not_picked":["Choke","Flying Knee"],"picked":"PiercingWail","floor":11},{"not_picked":["Dagger Spray","Tactician"],"picked":"After Image","floor":14},{"not_picked":["Die Die Die","After Image"],"picked":"Corpse Explosion","floor":16},{"not_picked":["Terror","Dodge and Roll"],"picked":"Catalyst+1","floor":18},{"not_picked":["Underhanded Strike","Slice"],"picked":"Catalyst","floor":20},{"not_picked":["Flechettes","Blade Dance","Dagger Spray"],"picked":"SKIP","floor":22},{"not_picked":["Dagger Throw","Quick Slash"],"picked":"Predator","floor":24},{"not_picked":["Prepared","Outmaneuver","Acrobatics"],"picked":"SKIP","floor":27},{"not_picked":["Backstab","Dagger Throw","All Out Attack"],"picked":"SKIP","floor":30},{"not_picked":["Setup","Slice"],"picked":"Dodge and Roll+1","floor":31},{"not_picked":["Grand Finale","Die Die Die"],"picked":"Bullet Time","floor":33},{"not_picked":["Flying Knee+1","Cloak And Dagger","Deadly Poison"],"picked":"SKIP","floor":35},{"not_picked":["Eviscerate","Flying Knee"],"picked":"After Image","floor":38},{"not_picked":["Accuracy","Bouncing Flask"],"picked":"PiercingWail","floor":39},{"not_picked":["Bane","Leg Sweep"],"picked":"Noxious Fumes+1","floor":40},{"not_picked":["Prepared","Reflex"],"picked":"Well Laid Plans+1","floor":42},{"not_picked":["Dagger Throw","Cloak And Dagger"],"picked":"Footwork","floor":44},{"not_picked":["Calculated Gamble","Distraction"],"picked":"Riddle With Holes+1","floor":47},{"not_picked":["Eviscerate","Quick Slash+1"],"picked":"Backflip","floor":48},{"not_picked":["Deadly Poison","Cloak And Dagger","Predator"],"picked":"SKIP","floor":54},{"not_picked":["Deadly Poison","Cloak And Dagger","Predator"],"picked":"SKIP","floor":54}],"player_experience":1645347,"relics_obtained":[{"floor":6,"key":"Omamori"},{"floor":8,"key":"Regal Pillow"},{"floor":14,"key":"Ancient Tea Set"},{"floor":24,"key":"Bag of Preparation"},{"floor":26,"key":"Pen Nib"},{"floor":27,"key":"Peace Pipe"},{"floor":30,"key":"Anchor"},{"floor":40,"key":"Smiling Mask"},{"floor":42,"key":"Pear"},{"floor":43,"key":"Sundial"},{"floor":48,"key":"Blood Vial"},{"floor":54,"key":"Bottled Lightning"}],"event_choices":[{"damage_healed":0,"gold_gain":0,"player_choice":"Grow","damage_taken":0,"max_hp_gain":0,"max_hp_loss":0,"event_name":"Living Wall","floor":5,"gold_loss":0,"cards_upgraded":["All Out Attack"]},{"damage_healed":0,"gold_gain":0,"player_choice":"Paid Gold","damage_taken":0,"relics_obtained":["Gambling Chip"],"max_hp_gain":0,"max_hp_loss":0,"event_name":"WeMeetAgain","floor":7,"gold_loss":70},{"damage_healed":0,"gold_gain":50,"player_choice":"Stole From Cult","damage_taken":0,"max_hp_gain":0,"max_hp_loss":0,"event_name":"Nest","floor":21,"gold_loss":0},{"cards_removed":["Strike_G"],"damage_healed":0,"gold_gain":0,"player_choice":"Gave Gold","damage_taken":0,"max_hp_gain":0,"max_hp_loss":0,"event_name":"Beggar","floor":28,"gold_loss":75},{"damage_healed":0,"gold_gain":0,"player_choice":"Simplicity","damage_taken":0,"max_hp_gain":0,"max_hp_loss":0,"event_name":"Back to Basics","floor":29,"gold_loss":0,"cards_upgraded":["Strike_G","Strike_G","Strike_G","Strike_G","Defend_G","Defend_G","Defend_G","Defend_G","Defend_G"]},{"cards_removed":["Strike_G"],"damage_healed":0,"gold_gain":0,"player_choice":"Removed Attack","damage_taken":0,"max_hp_gain":0,"max_hp_loss":0,"event_name":"Falling","floor":36,"gold_loss":0},{"damage_healed":0,"gold_gain":999,"player_choice":"Gold","damage_taken":0,"max_hp_gain":0,"max_hp_loss":0,"event_name":"MindBloom","floor":37,"gold_loss":0,"cards_obtained":["Normality","Normality"]}],"is_beta":false,"boss_relics":[{"not_picked":["Black Star","Velvet Choker"],"picked":"Snecko Eye"},{"not_picked":["Runic Dome","Calling Bell"],"picked":"Lizard Tail"}],"items_purged_floors":[45,53],"is_endless":false,"potions_floor_spawned":[1,2,3,11,16,18,24,30,31,42,44,48],"ascension_level":15}