{"gold_per_floor":[113,113,126,139,154,154,187,187,266,266],"floor_reached":10,"playtime":438,"items_purged":[],"score":136,"play_id":"93d08c52-c969-478f-ba68-90b14b2cac70","local_time":"20181027184228","is_ascension_mode":true,"campfire_choices":[{"data":"Bash","floor":6,"key":"SMITH"},{"floor":8,"key":"REST"}],"neow_cost":"NONE","seed_source_timestamp":18412524590267,"circlet_count":0,"master_deck":["Strike_R","Strike_R","Strike_R","Strike_R","Defend_R","Defend_R","Defend_R","Defend_R","Bash+1","AscendersBane","Spot Weakness","Shockwave","True Grit","Sword Boomerang","Juggernaut"],"special_seed":0,"relics":["Burning Blood","Unceasing Top","Question Card"],"potions_floor_usage":[5],"damage_taken":[{"damage":2.0,"enemies":"Cultist","floor":1.0,"turns":4.0},{"damage":14.0,"enemies":"Jaw Worm","floor":3.0,"turns":5.0},{"damage":12,"enemies":"2 Louse","floor":4,"turns":4},{"damage":17,"enemies":"Red Slaver","floor":5,"turns":6},{"damage":39,"enemies":"Gremlin Nob","floor":7,"turns":4},{"damage":48,"enemies":"3 Sentries","floor":10,"turns":6}],"seed_played":"1300485227756762023","potions_obtained":[{"floor":1.0,"key":"Fire Potion"}],"is_trial":false,"path_per_floor":["M","?","M","M","M","R","E","R","T"],"character_chosen":"IRONCLAD","items_purchased":[],"campfire_rested":1,"item_purchase_floors":[],"current_hp_per_floor":[79,79,71,65,54,54,21,45,45,0],"gold":266,"neow_bonus":"TEN_PERCENT_HP_BONUS","is_prod":false,"is_daily":false,"chose_seed":false,"campfire_upgraded":1,"win_rate":0,"timestamp":1540680148,"path_taken":["M","?","M","M","M","R","E","R","T","E"],"build_version":"2018-10-25v2","purchased_purges":0,"victory":false,"max_hp_per_floor":[82,82,82,82,82,82,82,82,82,82],"card_choices":[{"not_picked":["Fire Breathing","Twin Strike"],"picked":"Spot Weakness","floor":1.0},{"not_picked":["Heavy Blade","Thunderclap"],"picked":"Shockwave","floor":3},{"not_picked":["Carnage","Flex"],"picked":"True Grit","floor":4},{"not_picked":["Twin Strike","Heavy Blade"],"picked":"Sword Boomerang","floor":5},{"not_picked":["Body Slam","Wild Strike"],"picked":"Juggernaut","floor":7}],"player_experience":1002388,"relics_obtained":[{"floor":7,"key":"Unceasing Top"},{"floor":9,"key":"Question Card"}],"event_choices":[{"cards_removed":["Strike_R"],"damage_healed":0.0,"max_hp_gain":0.0,"max_hp_loss":0.0,"gold_gain":0.0,"event_name":"Bonfire Elementals","player_choice":"Offered Basic","floor":2.0,"gold_loss":0.0,"damage_taken":0.0}],"is_beta":false,"boss_relics":[],"items_purged_floors":[],"is_endless":false,"potions_floor_spawned":[1],"killed_by":"3 Sentries","ascension_level":20}