{"gold_per_floor":[110,179,198,10,10,40,40,70,145,145,163,181,256,271,271,347,347,357,282,282,34,48,48,58,58],"floor_reached":25,"playtime":680,"items_purged":["Strike_B"],"score":472,"play_id":"0726050a-c0c1-44d0-a520-6f7e84fe0f2b","local_time":"20190727150002","is_ascension_mode":true,"campfire_choices":[{"data":"Consume","floor":7.0,"key":"SMITH"},{"data":"Zap","floor":10.0,"key":"SMITH"},{"data":"Dualcast","floor":15.0,"key":"SMITH"},{"data":"Coolheaded","floor":23.0,"key":"SMITH"}],"neow_cost":"NONE","seed_source_timestamp":767280369078468,"circlet_count":0,"master_deck":["AscendersBane","Defend_B","Defend_B","Defend_B","Defend_B","Zap+1","Dualcast+1","Lockon","Chill","Heatsinks","Consume+1","Ball Lightning","Compile Driver","Double Energy","Glacier","BootSequence","Reinforced Body","Core Surge","Coolheaded+1","Creative AI"],"special_seed":0,"relics":["Cracked Core","NeowsBlessing","Sundial","Ancient Tea Set","Pantograph","Shuriken","Empty Cage","Mummified Hand"],"potions_floor_usage":[25],"damage_taken":[{"damage":0.0,"enemies":"Cultist","floor":1.0,"turns":1.0},{"damage":0.0,"enemies":"Jaw Worm","floor":3.0,"turns":1.0},{"damage":0.0,"enemies":"Gremlin Nob","floor":6.0,"turns":1.0},{"damage":29.0,"enemies":"Lagavulin","floor":8.0,"turns":8.0},{"damage":11.0,"enemies":"Small Slimes","floor":11.0,"turns":3.0},{"damage":7.0,"enemies":"3 Louse","floor":12.0,"turns":3.0},{"damage":1.0,"enemies":"Exordium Thugs","floor":14.0,"turns":6.0},{"damage":27.0,"enemies":"Slime Boss","floor":16.0,"turns":13.0},{"damage":10.0,"enemies":"Chosen","floor":18.0,"turns":5.0},{"damage":10.0,"enemies":"Spheric Guardian","floor":22.0,"turns":6.0},{"damage":4.0,"enemies":"Snake Plant","floor":24.0,"turns":6.0},{"damage":34,"enemies":"Book of Stabbing","floor":25,"turns":5}],"seed_played":"3557817455073204014","potions_obtained":[{"floor":5.0,"key":"Dexterity Potion"},{"floor":5.0,"key":"PowerPotion"},{"floor":12.0,"key":"Swift Potion"},{"floor":18.0,"key":"SteroidPotion"},{"floor":24.0,"key":"Weak Potion"}],"is_trial":false,"path_per_floor":["M","T","M","$","?","E","R","E","T","R","M","M","?","M","R","B",null,"M","?","T","$","M","R","M","E"],"character_chosen":"DEFECT","items_purchased":["Heatsinks","Consume","Ball Lightning","Creative AI"],"campfire_rested":0,"item_purchase_floors":[4,4,4,21],"current_hp_per_floor":[64,64,64,64,64,64,64,35,35,35,24,17,6,5,5,3,54,44,44,44,44,34,34,30,0],"gold":58,"neow_bonus":"THREE_ENEMY_KILL","is_prod":false,"is_daily":false,"chose_seed":false,"campfire_upgraded":4,"win_rate":0,"timestamp":1564210802,"path_taken":["M","?","?","$","?","E","R","E","T","R","M","?","?","M","R","BOSS","M","?","?","$","M","R","?","E"],"build_version":"2019-07-17","purchased_purges":1,"victory":false,"max_hp_per_floor":[71,71,71,71,71,71,71,71,71,71,71,71,71,71,71,71,71,71,71,71,71,71,71,71,71],"card_choices":[{"not_picked":["Gash","Reinforced Body"],"picked":"Lockon","floor":1.0},{"not_picked":["Beam Cell","Go for the Eyes"],"picked":"Chill","floor":3.0},{"not_picked":["Stack","Streamline"],"picked":"Compile Driver","floor":6.0},{"not_picked":["FTL","Melter"],"picked":"Double Energy","floor":8.0},{"not_picked":["Sweeping Beam","Streamline"],"picked":"Glacier","floor":11.0},{"not_picked":["Redo","Go for the Eyes"],"picked":"BootSequence","floor":12.0},{"not_picked":["Conserve Battery","Steam Power"],"picked":"Reinforced Body","floor":14.0},{"not_picked":["Buffer","Machine Learning"],"picked":"Core Surge","floor":16.0},{"not_picked":["Storm","Steam"],"picked":"Coolheaded","floor":18.0},{"not_picked":["Conserve Battery","Compile Driver+1","Tempest"],"picked":"SKIP","floor":22.0},{"not_picked":["Go for the Eyes","Stack","Streamline"],"picked":"SKIP","floor":24.0}],"player_experience":2080668,"relics_obtained":[{"floor":2.0,"key":"Sundial"},{"floor":6.0,"key":"Ancient Tea Set"},{"floor":8.0,"key":"Pantograph"},{"floor":9.0,"key":"Shuriken"},{"floor":20.0,"key":"Mummified Hand"}],"event_choices":[{"damage_healed":0.0,"max_hp_gain":0.0,"max_hp_loss":0.0,"gold_gain":0.0,"event_name":"Lab","player_choice":"Got Potions","floor":5.0,"gold_loss":0.0,"damage_taken":0.0},{"damage_healed":0.0,"max_hp_gain":0.0,"max_hp_loss":0.0,"gold_gain":75.0,"event_name":"World of Goop","player_choice":"Gather Gold","floor":13.0,"gold_loss":0.0,"damage_taken":11.0},{"cards_removed":["Strike_B"],"damage_healed":0.0,"max_hp_gain":0.0,"max_hp_loss":0.0,"gold_gain":0.0,"event_name":"Beggar","player_choice":"Gave Gold","floor":19.0,"gold_loss":75.0,"damage_taken":0.0}],"is_beta":false,"boss_relics":[{"not_picked":["Tiny House","White Beast Statue"],"picked":"Empty Cage"}],"items_purged_floors":[21],"is_endless":false,"potions_floor_spawned":[8,12,18,24],"killed_by":"Book of Stabbing","ascension_level":20}