{"gold_per_floor":[111,111,36,36,54,89,108,108,132,195,208,223,223,258,258,334,334,348,348,319,319,330,330,356,356,356,356],"floor_reached":27,"playtime":896,"items_purged":["Strike_G"],"score":552,"play_id":"c474e2d0-d745-4ebd-b68e-cb08e10984c1","local_time":"20190516162531","is_ascension_mode":true,"campfire_choices":[{"data":"Terror","floor":8.0,"key":"SMITH"},{"data":"Escape Plan","floor":13.0,"key":"SMITH"},{"data":"Crippling Poison","floor":15.0,"key":"SMITH"},{"data":"Catalyst","floor":23.0,"key":"SMITH"},{"data":"Well Laid Plans","floor":25.0,"key":"SMITH"}],"neow_cost":"NONE","seed_source_timestamp":522229178539840,"circlet_count":0,"master_deck":["AscendersBane","Defend_G","Defend_G","Defend_G","Defend_G","Defend_G","Strike_G","Strike_G","Strike_G","Strike_G+1","Survivor","Neutralize+1","Terror+1","PiercingWail","Dash","After Image","Escape Plan+1","Crippling Poison+1","Grand Finale","Well Laid Plans+1","After Image","Catalyst+1","Footwork","Deadly Poison"],"special_seed":0,"relics":["Ring of the Snake","NeowsBlessing","Whetstone","Oddly Smooth Stone","Tiny Chest","Snake Skull","Sozu","Thread and Needle","Ornamental Fan"],"potions_floor_usage":[27,27],"damage_taken":[{"damage":0.0,"enemies":"Small Slimes","floor":1.0,"turns":1.0},{"damage":0.0,"enemies":"Jaw Worm","floor":5.0,"turns":1.0},{"damage":0.0,"enemies":"3 Sentries","floor":6.0,"turns":2.0},{"damage":0.0,"enemies":"Cultist","floor":7.0,"turns":4.0},{"damage":14.0,"enemies":"Lagavulin","floor":10.0,"turns":10.0},{"damage":3.0,"enemies":"2 Fungi Beasts","floor":11.0,"turns":5.0},{"damage":0.0,"enemies":"Lots of Slimes","floor":12.0,"turns":8.0},{"damage":11.0,"enemies":"3 Sentries","floor":14.0,"turns":13.0},{"damage":1.0,"enemies":"The Guardian","floor":16.0,"turns":11.0},{"damage":8.0,"enemies":"3 Byrds","floor":18.0,"turns":5.0},{"damage":8.0,"enemies":"2 Thieves","floor":20.0,"turns":4.0},{"damage":10.0,"enemies":"3 Cultists","floor":22.0,"turns":6.0},{"damage":15.0,"enemies":"Gremlin Leader","floor":24.0,"turns":4.0},{"damage":21,"enemies":"Slavers","floor":27,"turns":7}],"seed_played":"7271470626917058640","potions_obtained":[{"floor":1.0,"key":"Poison Potion"},{"floor":4.0,"key":"Energy Potion"},{"floor":12.0,"key":"EntropicBrew"},{"floor":14.0,"key":"Poison Potion"}],"is_trial":false,"path_per_floor":["M","?","$","?","M","E","M","R","T","E","M","M","R","E","R","B",null,"M","?","M","?","M","R","E","R","T","E"],"character_chosen":"THE_SILENT","items_purchased":[],"campfire_rested":0,"item_purchase_floors":[],"current_hp_per_floor":[59,64,64,64,64,64,64,64,64,50,47,47,47,36,36,35,62,54,54,46,46,36,36,21,21,21,0],"gold":356,"neow_bonus":"THREE_ENEMY_KILL","is_prod":false,"is_daily":false,"chose_seed":false,"campfire_upgraded":5,"win_rate":0,"timestamp":1557995131,"path_taken":["M","?","$","?","M","E","M","R","T","E","M","?","R","E","R","BOSS","M","?","?","?","M","R","E","R","T","E"],"build_version":"2019-01-23","purchased_purges":1,"victory":false,"max_hp_per_floor":[66,71,71,71,71,71,71,71,71,71,71,71,71,71,71,71,71,71,71,71,71,71,71,71,71,71,71],"card_choices":[{"not_picked":["Infinite Blades","Reflex"],"picked":"Terror","floor":1.0},{"not_picked":["Riddle With Holes","Masterful Stab"],"picked":"PiercingWail","floor":5.0},{"not_picked":["Backflip","Predator"],"picked":"Dash","floor":6.0},{"not_picked":["Sucker Punch","Blade Dance"],"picked":"After Image","floor":7.0},{"not_picked":["Cloak And Dagger","Underhanded Strike"],"picked":"Escape Plan","floor":10.0},{"not_picked":["Poisoned Stab","Dagger Throw","Cloak And Dagger"],"picked":"SKIP","floor":11.0},{"not_picked":["Underhanded Strike","Concentrate","Dagger Throw"],"picked":"SKIP","floor":12.0},{"not_picked":["Tools of the Trade","Endless Agony"],"picked":"Crippling Poison","floor":14.0},{"not_picked":["Wraith Form v2","Phantasmal Killer"],"picked":"Grand Finale","floor":16.0},{"not_picked":["Blade Dance","Riddle With Holes"],"picked":"Well Laid Plans","floor":18.0},{"not_picked":["Slice","Deflect"],"picked":"Catalyst","floor":20.0},{"not_picked":["Quick Slash","Poisoned Stab"],"picked":"Footwork","floor":22.0},{"not_picked":["Dagger Spray","Accuracy"],"picked":"Deadly Poison","floor":24.0}],"player_experience":1708435,"relics_obtained":[{"floor":6.0,"key":"Whetstone"},{"floor":9.0,"key":"Oddly Smooth Stone"},{"floor":10.0,"key":"Tiny Chest"},{"floor":14.0,"key":"Snake Skull"},{"floor":24.0,"key":"Thread and Needle"},{"floor":26.0,"key":"Ornamental Fan"}],"event_choices":[{"damage_healed":0.0,"max_hp_gain":5.0,"max_hp_loss":0.0,"gold_gain":0.0,"event_name":"Big Fish","player_choice":"Donut","floor":2.0,"gold_loss":0.0,"damage_taken":0.0},{"damage_healed":0.0,"max_hp_gain":0.0,"max_hp_loss":0.0,"gold_gain":0.0,"event_name":"Lab","player_choice":"Got Potions","floor":4.0,"gold_loss":0.0,"damage_taken":0.0},{"damage_healed":0.0,"max_hp_gain":0.0,"max_hp_loss":0.0,"gold_gain":0.0,"event_name":"Duplicator","player_choice":"Copied","floor":19.0,"gold_loss":0.0,"damage_taken":0.0,"cards_obtained":["After Image"]},{"damage_healed":0.0,"max_hp_gain":0.0,"max_hp_loss":0.0,"gold_gain":0.0,"event_name":"The Mausoleum","player_choice":"Ignored","floor":21.0,"gold_loss":0.0,"damage_taken":0.0}],"is_beta":false,"boss_relics":[{"not_picked":["Ring of the Serpent","Black Star"],"picked":"Sozu"}],"items_purged_floors":[3],"is_endless":false,"potions_floor_spawned":[1,10,11,12,14,22,24],"killed_by":"Slavers","ascension_level":20}