{"gold_per_floor":[117,36,36,36,36,49,49,78,78,78,96,107,107,123,123,202,202,213,247,162,162,180,180,209,223,223,223,247,9,21,46,46,120,120,133,53,67,67,77,109,331,366,436,769,204,204,234,247,247,247,247,247,247,18,48,48],"floor_reached":57,"playtime":3964,"items_purged":["Strike_B","Strike_B","Defend_B","Defend_B"],"score":3317,"play_id":"eba4d866-730f-4891-9a47-277c333fb7d0","local_time":"20190517213052","is_ascension_mode":true,"campfire_choices":[{"data":"Sunder","floor":7.0,"key":"SMITH"},{"data":"Defragment","floor":10.0,"key":"SMITH"},{"data":"Dualcast","floor":15.0,"key":"SMITH"},{"data":"Coolheaded","floor":23.0,"key":"SMITH"},{"data":"Coolheaded","floor":27.0,"key":"SMITH"},{"data":"Turbo","floor":32.0,"key":"SMITH"},{"floor":49.0,"key":"RECALL"},{"data":"Recycle","floor":53.0,"key":"SMITH"}],"neow_cost":"NONE","seed_source_timestamp":0,"circlet_count":0,"master_deck":["AscendersBane","Defend_B+1","Defend_B+1","Zap+1","Dualcast+1","Skim","Defragment+1","Sunder+1","Coolheaded+1","Reboot","Glacier","Skim","Buffer","Chill","Blizzard+1","Hologram+1","Coolheaded+1","Conserve Battery+1","Meteor Strike","Undo","Turbo+1","Echo Form","Skim","Self Repair","Hologram","Hologram","Hologram","Compile Driver","Steam Power","Coolheaded","Recycle+1","Loop+1","Heatsinks+1"],"special_seed":0,"relics":["Inserter","Odd Mushroom","Thread and Needle","Nuclear Battery","Red Mask","Bronze Scales","Orichalcum","Cables","Regal Pillow","The Courier","Empty Cage","WingedGreaves","Dream Catcher","Old Coin","Membership Card","Bottled Lightning","Centennial Puzzle","Lantern","Happy Flower","Pocketwatch"],"potions_floor_usage":[56,56],"damage_taken":[{"damage":0.0,"enemies":"2 Louse","floor":1.0,"turns":2.0},{"damage":14.0,"enemies":"Jaw Worm","floor":6.0,"turns":7.0},{"damage":9.0,"enemies":"The Mushroom Lair","floor":8.0,"turns":4.0},{"damage":0.0,"enemies":"Small Slimes","floor":11.0,"turns":5.0},{"damage":0.0,"enemies":"Blue Slaver","floor":12.0,"turns":5.0},{"damage":3.0,"enemies":"Exordium Thugs","floor":14.0,"turns":5.0},{"damage":0.0,"enemies":"Slime Boss","floor":16.0,"turns":9.0},{"damage":0.0,"enemies":"2 Thieves","floor":18.0,"turns":4.0},{"damage":0.0,"enemies":"Masked Bandits","floor":19.0,"turns":4.0},{"damage":0.0,"enemies":"Chosen","floor":22.0,"turns":6.0},{"damage":5.0,"enemies":"Slavers","floor":24.0,"turns":5.0},{"damage":1.0,"enemies":"Snecko","floor":25.0,"turns":6.0},{"damage":0.0,"enemies":"3 Cultists","floor":30.0,"turns":4.0},{"damage":0.0,"enemies":"Gremlin Leader","floor":31.0,"turns":7.0},{"damage":0.0,"enemies":"Collector","floor":33.0,"turns":10.0},{"damage":0.0,"enemies":"3 Shapes","floor":35.0,"turns":5.0},{"damage":0.0,"enemies":"3 Darklings","floor":37.0,"turns":5.0},{"damage":0.0,"enemies":"Spire Growth","floor":39.0,"turns":4.0},{"damage":0.0,"enemies":"Giant Head","floor":40.0,"turns":10.0},{"damage":0.0,"enemies":"Reptomancer","floor":42.0,"turns":8.0},{"damage":0.0,"enemies":"Nemesis","floor":44.0,"turns":9.0},{"damage":0.0,"enemies":"Giant Head","floor":47.0,"turns":11.0},{"damage":2.0,"enemies":"Sphere and 2 Shapes","floor":48.0,"turns":6.0},{"damage":17.0,"enemies":"Awakened One","floor":50.0,"turns":16.0},{"damage":16.0,"enemies":"Time Eater","floor":51.0,"turns":12.0},{"damage":18.0,"enemies":"Shield and Spear","floor":55.0,"turns":5.0},{"damage":10,"enemies":"The Heart","floor":56,"turns":9}],"seed_played":"-1594647475301051298","potions_obtained":[{"floor":1.0,"key":"Dexterity Potion"},{"floor":6.0,"key":"Block Potion"},{"floor":12.0,"key":"AttackPotion"},{"floor":14.0,"key":"PowerPotion"},{"floor":18.0,"key":"FocusPotion"},{"floor":24.0,"key":"SkillPotion"},{"floor":25.0,"key":"SkillPotion"},{"floor":44.0,"key":"Block Potion"},{"floor":55.0,"key":"EssenceOfSteel"}],"is_trial":false,"path_per_floor":["M","$","?","$","?","M","R","?","T","R","M","M","?","M","R","B",null,"M","?","?","?","M","R","E","M","T","R","T","$","M","E","R","B",null,"M","$","M","?","M","E","?","E","T","E","$","?","E","M","R","B","B",null,"R","$","E","B",null],"character_chosen":"DEFECT","items_purchased":["Defragment","Meteor Strike","Membership Card","Skim","Self Repair","Hologram","Hologram","Hologram","Compile Driver","Steam Power","Coolheaded","Recycle","Bottled Lightning","Lantern","Happy Flower","Swift Potion"],"campfire_rested":0,"item_purchase_floors":[2,29,45,45,45,45,45,45,45,45,45,45,45,54,54,54],"current_hp_per_floor":[64,64,43,43,43,29,29,20,20,20,20,20,20,17,17,17,58,58,58,58,58,58,58,53,52,52,52,52,52,52,52,52,52,66,66,66,66,66,66,66,66,66,66,66,66,66,71,71,71,68,59,68,68,68,57,54],"gold":48,"neow_bonus":"BOSS_RELIC","is_prod":false,"is_daily":false,"chose_seed":false,"campfire_upgraded":7,"win_rate":0,"timestamp":1558099852,"path_taken":["M","$","?","?","?","M","R","?","T","R","M","?","?","M","R","BOSS","M","?","?","?","M","R","E","?","T","R","?","$","M","E","R","BOSS","M","$","M","?","M","E","?","E","T","E","?","?","E","?","R","BOSS","BOSS","R","$","E","BOSS"],"build_version":"2019-01-23","purchased_purges":4,"victory":true,"max_hp_per_floor":[71,71,71,71,71,71,71,71,71,71,71,71,71,71,71,71,71,71,71,71,71,71,71,71,71,71,71,71,71,71,71,71,71,71,71,71,71,71,71,71,71,71,71,71,71,71,71,71,71,71,71,71,71,71,71,71],"card_choices":[{"not_picked":["Go for the Eyes","Cold Snap"],"picked":"Skim","floor":1.0},{"not_picked":["Go for the Eyes","Sweeping Beam"],"picked":"Sunder","floor":6.0},{"not_picked":["Steam Power","Loop"],"picked":"Coolheaded","floor":8.0},{"not_picked":["Redo","Stack"],"picked":"Reboot","floor":11.0},{"not_picked":["Steam Power","Barrage"],"picked":"Glacier","floor":12.0},{"not_picked":["Beam Cell","Sweeping Beam"],"picked":"Skim","floor":14.0},{"not_picked":["Reboot","Creative AI"],"picked":"Buffer","floor":16.0},{"not_picked":["Steam","Gash"],"picked":"Chill","floor":18.0},{"not_picked":["Aggregate","Hello World"],"picked":"Blizzard","floor":19.0},{"not_picked":["Scrape","Cold Snap+1"],"picked":"Hologram+1","floor":22.0},{"not_picked":["Darkness","Auto Shields"],"picked":"Coolheaded","floor":24.0},{"not_picked":["Capacitor","Static Discharge+1"],"picked":"Conserve Battery+1","floor":25.0},{"not_picked":["Chaos","FTL"],"picked":"Undo","floor":30.0},{"not_picked":["Gash","Beam Cell"],"picked":"Turbo","floor":31.0},{"not_picked":["Amplify","Reboot"],"picked":"Echo Form","floor":33.0},{"not_picked":["Rip and Tear+1","Cold Snap","FTL"],"picked":"SKIP","floor":35.0},{"not_picked":["Steam","Hello World","Reprogram"],"picked":"SKIP","floor":37.0},{"not_picked":["Leap","Cold Snap","Streamline"],"picked":"SKIP","floor":39.0},{"not_picked":["Compile Driver","Cold Snap","Leap+1"],"picked":"SKIP","floor":40.0},{"not_picked":["Hologram","Leap","Ball Lightning"],"picked":"SKIP","floor":42.0},{"not_picked":["Double Energy","Leap","Storm+1"],"picked":"SKIP","floor":44.0},{"not_picked":["Streamline","Steam+1","Sweeping Beam"],"picked":"SKIP","floor":47.0},{"not_picked":["Redo","Cold Snap"],"picked":"Loop+1","floor":48.0},{"not_picked":["Melter","Steam"],"picked":"Heatsinks+1","floor":55.0}],"player_experience":1713380,"relics_obtained":[{"floor":8.0,"key":"Odd Mushroom"},{"floor":9.0,"key":"Thread and Needle"},{"floor":19.0,"key":"Red Mask"},{"floor":24.0,"key":"Orichalcum"},{"floor":26.0,"key":"Cables"},{"floor":28.0,"key":"Regal Pillow"},{"floor":31.0,"key":"The Courier"},{"floor":40.0,"key":"WingedGreaves"},{"floor":42.0,"key":"Dream Catcher"},{"floor":44.0,"key":"Old Coin"},{"floor":47.0,"key":"Centennial Puzzle"},{"floor":55.0,"key":"Pocketwatch"}],"event_choices":[{"damage_healed":0.0,"max_hp_gain":0.0,"max_hp_loss":0.0,"gold_gain":0.0,"event_name":"Shining Light","player_choice":"Entered Light","floor":3.0,"gold_loss":0.0,"damage_taken":21.0,"cards_upgraded":["Defend_B","Defend_B"]},{"damage_healed":0.0,"max_hp_gain":0.0,"max_hp_loss":0.0,"gold_gain":0.0,"event_name":"The Cleric","player_choice":"Leave","floor":5.0,"gold_loss":0.0,"damage_taken":0.0},{"damage_healed":0.0,"max_hp_gain":0.0,"max_hp_loss":0.0,"gold_gain":0.0,"event_name":"Mushrooms","player_choice":"Fought Mushrooms","floor":8.0,"gold_loss":0.0,"damage_taken":0.0},{"damage_healed":0.0,"max_hp_gain":0.0,"max_hp_loss":0.0,"gold_gain":0.0,"event_name":"Upgrade Shrine","player_choice":"Upgraded","floor":13.0,"gold_loss":0.0,"damage_taken":0.0,"cards_upgraded":["Zap"]},{"damage_healed":0.0,"max_hp_gain":0.0,"max_hp_loss":0.0,"gold_gain":0.0,"event_name":"Masked Bandits","player_choice":"Fought Bandits","floor":19.0,"gold_loss":0.0,"damage_taken":0.0},{"damage_healed":0.0,"max_hp_gain":0.0,"max_hp_loss":0.0,"gold_gain":0.0,"event_name":"Addict","player_choice":"Obtained Relic","floor":20.0,"gold_loss":85.0,"damage_taken":0.0,"relics_obtained":["Bronze Scales"]},{"damage_healed":0.0,"max_hp_gain":0.0,"max_hp_loss":0.0,"gold_gain":0.0,"event_name":"Upgrade Shrine","player_choice":"Upgraded","floor":21.0,"gold_loss":0.0,"damage_taken":0.0,"cards_upgraded":["Blizzard"]},{"damage_healed":0.0,"max_hp_gain":0.0,"max_hp_loss":0.0,"gold_gain":0.0,"event_name":"SensoryStone","player_choice":"Memory 1","floor":38.0,"gold_loss":0.0,"damage_taken":0.0},{"damage_healed":0.0,"max_hp_gain":0.0,"max_hp_loss":0.0,"gold_gain":222.0,"event_name":"Tomb of Lord Red Mask","player_choice":"Wore Mask","floor":41.0,"gold_loss":0.0,"damage_taken":0.0},{"damage_healed":0.0,"max_hp_gain":0.0,"max_hp_loss":0.0,"gold_gain":0.0,"event_name":"Match and Keep!","player_choice":"0 cards matched","floor":46.0,"gold_loss":0.0,"damage_taken":0.0,"cards_obtained":[]}],"is_beta":false,"boss_relics":[{"not_picked":["Philosopher\u0027s Stone","Velvet Choker"],"picked":"Nuclear Battery"},{"not_picked":["Snecko Eye","Tiny House"],"picked":"Empty Cage"}],"items_purged_floors":[29,36,45,54],"is_endless":false,"potions_floor_spawned":[1,6,12,14,18,24,25,30,35,44,48,55],"ascension_level":20}