{"gold_per_floor":[114,134,59,59,134,134,165,189,189,189,212,246,246,286,286,382,382,405,426,426,476,104,135,153,153,178,221,221,221,241,272,272,272],"floor_reached":33,"playtime":1252,"items_purged":["Strike_R","Bite"],"score":674,"play_id":"4d0dea02-a0e4-4878-900a-3991e3490d6b","local_time":"20190801221015","is_ascension_mode":true,"campfire_choices":[{"data":"Whirlwind","floor":6,"key":"SMITH"},{"data":"Bash","floor":10,"key":"SMITH"},{"data":"Evolve","floor":15,"key":"SMITH"},{"data":"Armaments","floor":25,"key":"SMITH"},{"data":"Disarm","floor":29,"key":"SMITH"},{"floor":32,"key":"REST"}],"neow_cost":"NONE","seed_source_timestamp":510069277376754,"circlet_count":0,"master_deck":["AscendersBane","Defend_R","Defend_R","Defend_R","Defend_R","Bash+1","Thunderclap","Whirlwind+1","Spot Weakness","Metallicize","Evolve+1","Reckless Charge","Bludgeon","Limit Break","Shrug It Off+1","Sword Boomerang","Bite","Bite","Bite","Bite","Disarm+1","Armaments+1","Shrug It Off","Shrug It Off"],"relics":["Burning Blood","NeowsBlessing","Golden Idol","Vajra","Self Forming Clay","Torii","Pantograph","Runic Pyramid","Chemical X","Ancient Tea Set","Smiling Mask","Shuriken","Regal Pillow"],"potions_floor_usage":[14,23,24,33],"damage_taken":[{"damage":0,"enemies":"2 Louse","floor":1,"turns":1},{"damage":0,"enemies":"Jaw Worm","floor":2,"turns":1},{"damage":0,"enemies":"Gremlin Nob","floor":7,"turns":1},{"damage":7,"enemies":"Small Slimes","floor":8,"turns":3},{"damage":6,"enemies":"2 Fungi Beasts","floor":11,"turns":3},{"damage":21,"enemies":"Lagavulin","floor":12,"turns":6},{"damage":0,"enemies":"3 Sentries","floor":14,"turns":3},{"damage":30,"enemies":"Slime Boss","floor":16,"turns":6},{"damage":10,"enemies":"3 Byrds","floor":18,"turns":4},{"damage":22,"enemies":"Chosen","floor":19,"turns":5},{"damage":31,"enemies":"Slavers","floor":23,"turns":6},{"damage":8,"enemies":"Snake Plant","floor":24,"turns":10},{"damage":31,"enemies":"Gremlin Leader","floor":27,"turns":6},{"damage":18,"enemies":"Chosen and Byrds","floor":30,"turns":3},{"damage":20,"enemies":"Book of Stabbing","floor":31,"turns":8},{"damage":76,"enemies":"Champ","floor":33,"turns":12}],"seed_played":"7979902695809475233","potions_obtained":[{"floor":11,"key":"Fire Potion"},{"floor":12,"key":"EssenceOfSteel"},{"floor":14,"key":"SpeedPotion"},{"floor":23,"key":"Strength Potion"},{"floor":24,"key":"Explosive Potion"}],"is_trial":false,"path_per_floor":["M","M","$","?","?","R","E","M","T","R","M","E","?","E","R","B",null,"M","M","?","?","$","E","M","R","T","E","T","R","M","E","R","B"],"character_chosen":"IRONCLAD","items_purchased":["Chemical X","Disarm"],"campfire_rested":1,"item_purchase_floors":[22,22],"current_hp_per_floor":[74,75,75,49,38,38,44,43,43,43,43,28,21,27,27,28,63,59,43,43,43,43,28,47,47,47,30,30,30,22,22,52,0],"gold":272,"neow_bonus":"THREE_ENEMY_KILL","is_prod":false,"is_daily":false,"chose_seed":false,"campfire_upgraded":5,"win_rate":0,"timestamp":1564711815,"path_taken":["M","M","$","?","?","R","E","M","T","R","M","E","?","E","R","BOSS","M","M","?","?","$","E","M","R","T","E","?","R","M","E","R","BOSS"],"build_version":"2019-07-17","purchased_purges":2,"victory":false,"max_hp_per_floor":[75,75,75,75,75,75,75,75,75,75,75,75,75,75,75,75,75,75,75,52,52,52,52,52,52,52,52,52,52,52,52,52,52],"card_choices":[{"not_picked":["Headbutt","Twin Strike"],"picked":"Thunderclap","floor":1},{"not_picked":["Cleave","Burning Pact"],"picked":"Whirlwind","floor":2},{"not_picked":["Evolve","Combust"],"picked":"Spot Weakness","floor":7},{"not_picked":["Iron Wave","Warcry"],"picked":"Metallicize","floor":8},{"not_picked":["Twin Strike","Iron Wave"],"picked":"Evolve","floor":11},{"not_picked":["Spot Weakness","Searing Blow"],"picked":"Reckless Charge","floor":12},{"not_picked":["Rupture","Body Slam"],"picked":"Bludgeon","floor":14},{"not_picked":["Double Tap","Juggernaut"],"picked":"Limit Break","floor":16},{"not_picked":["Clothesline","True Grit"],"picked":"Shrug It Off+1","floor":18},{"not_picked":["Anger","Battle Trance"],"picked":"Sword Boomerang","floor":19},{"not_picked":["Bludgeon","Hemokinesis"],"picked":"Armaments","floor":23},{"not_picked":["Entrench","Power Through"],"picked":"Shrug It Off","floor":24},{"not_picked":["Heavy Blade","Perfected Strike","Wild Strike"],"picked":"SKIP","floor":27},{"not_picked":["Heavy Blade","Body Slam","Thunderclap"],"picked":"SKIP","floor":30},{"not_picked":["Wild Strike","Flex"],"picked":"Shrug It Off","floor":31}],"player_experience":1634638,"relics_obtained":[{"floor":7,"key":"Vajra"},{"floor":9,"key":"Self Forming Clay"},{"floor":12,"key":"Torii"},{"floor":14,"key":"Pantograph"},{"floor":23,"key":"Ancient Tea Set"},{"floor":26,"key":"Smiling Mask"},{"floor":27,"key":"Shuriken"},{"floor":31,"key":"Regal Pillow"}],"event_choices":[{"damage_healed":0,"gold_gain":0,"player_choice":"Take Damage","damage_taken":26,"relics_obtained":["Golden Idol"],"max_hp_gain":0,"max_hp_loss":0,"event_name":"Golden Idol","floor":4,"gold_loss":0},{"damage_healed":0,"gold_gain":75,"player_choice":"Gather Gold","damage_taken":11,"max_hp_gain":0,"max_hp_loss":0,"event_name":"World of Goop","floor":5,"gold_loss":0},{"cards_removed":["Strike_R"],"damage_healed":0,"gold_gain":0,"player_choice":"Card Removal","damage_taken":7,"max_hp_gain":0,"max_hp_loss":0,"event_name":"Golden Wing","floor":13,"gold_loss":0},{"damage_healed":0,"gold_gain":0,"player_choice":"Became a vampire","damage_taken":0,"max_hp_gain":0,"max_hp_loss":23,"event_name":"Vampires","floor":20,"gold_loss":0,"cards_obtained":["Bite","Bite","Bite","Bite","Bite"]},{"damage_healed":0,"gold_gain":50,"player_choice":"Stole From Cult","damage_taken":0,"max_hp_gain":0,"max_hp_loss":0,"event_name":"Nest","floor":21,"gold_loss":0}],"is_beta":false,"boss_relics":[{"not_picked":["Velvet Choker","Lizard Tail"],"picked":"Runic Pyramid"}],"items_purged_floors":[3,22],"is_endless":false,"potions_floor_spawned":[11,12,14,23,24],"killed_by":"Champ","ascension_level":15}