{"gold_per_floor":[17,17,17,30,30,30,64,64,90,168,202,227,262,54,54,54],"floor_reached":16,"playtime":452,"items_purged":[],"score":247,"play_id":"108c5e4c-001d-4456-a686-e4e8f6cf3600","local_time":"20181008130250","is_ascension_mode":true,"campfire_choices":[{"data":"Zap","floor":6.0,"key":"SMITH"},{"data":"Core Surge","floor":8.0,"key":"SMITH"},{"data":"Defragment","floor":15.0,"key":"SMITH"}],"neow_cost":"NO_GOLD","seed_source_timestamp":2062199968185823,"circlet_count":0,"master_deck":["Strike_B","Strike_B","Strike_B+1","Strike_B","Defend_B","Defend_B","Defend_B","Defend_B","Zap+1","Dualcast","AscendersBane","Core Surge+1","Redo+1","Conserve Battery","Undo","Defragment+1","Compile Driver","Fission"],"special_seed":0,"relics":["Cracked Core","Golden Idol","Potion Belt","Strawberry","Kunai","FossilizedHelix","DataDisk","Medical Kit"],"potions_floor_usage":[],"damage_taken":[{"damage":2.0,"enemies":"Jaw Worm","floor":1.0,"turns":3.0},{"damage":3.0,"enemies":"2 Louse","floor":4.0,"turns":2.0},{"damage":26.0,"enemies":"Lagavulin","floor":7.0,"turns":8.0},{"damage":10.0,"enemies":"3 Sentries","floor":11.0,"turns":7.0},{"damage":0.0,"enemies":"Cultist","floor":12.0,"turns":3.0},{"damage":0.0,"enemies":"Gremlin Nob","floor":13.0,"turns":3.0},{"damage":8,"enemies":"Hexaghost","floor":16,"turns":7}],"seed_played":"2510584738609207463","potions_obtained":[{"floor":4.0,"key":"Dexterity Potion"},{"floor":7.0,"key":"Fire Potion"},{"floor":11.0,"key":"Poison Potion"}],"is_trial":false,"path_per_floor":["M","?","?","M","?","R","E","R","T","T","E","M","E","$","R"],"character_chosen":"DEFECT","items_purchased":["Medical Kit"],"campfire_rested":0,"item_purchase_floors":[14],"current_hp_per_floor":[62,38,17,14,37,37,11,11,18,18,8,8,8,8,8,0],"gold":54,"neow_bonus":"THREE_RARE_CARDS","is_prod":false,"is_daily":false,"chose_seed":false,"campfire_upgraded":3,"win_rate":0,"timestamp":1539018170,"path_taken":["M","?","?","?","?","R","E","R","T","?","E","?","E","?","R","BOSS"],"build_version":"2018-10-04v2","purchased_purges":0,"victory":false,"max_hp_per_floor":[71,71,71,71,71,71,71,71,78,78,78,78,78,78,78,78],"card_choices":[{"not_picked":["Buffer","Amplify"],"picked":"Core Surge","floor":0.0},{"not_picked":["Turbo","Fusion"],"picked":"Redo","floor":1.0},{"not_picked":["Go for the Eyes","Barrage"],"picked":"Conserve Battery","floor":4.0},{"not_picked":["Force Field","Heatsinks"],"picked":"Undo","floor":7.0},{"not_picked":["Chaos","Aggregate"],"picked":"Defragment","floor":11.0},{"not_picked":["Stack","Coolheaded"],"picked":"Compile Driver","floor":12.0},{"not_picked":["Capacitor","Rebound"],"picked":"Fission","floor":13.0}],"player_experience":834284,"relics_obtained":[{"floor":7.0,"key":"Potion Belt"},{"floor":9.0,"key":"Strawberry"},{"floor":10.0,"key":"Kunai"},{"floor":11.0,"key":"FossilizedHelix"},{"floor":13.0,"key":"DataDisk"}],"event_choices":[{"event_name":"Golden Idol","player_choice":"Take Damage","floor":2.0,"damage_taken":0.0},{"event_name":"Shining Light","player_choice":"Entered Light","floor":3.0,"damage_taken":0.0},{"event_name":"Big Fish","player_choice":"Banana","floor":5.0,"damage_taken":0.0}],"is_beta":false,"boss_relics":[],"items_purged_floors":[],"is_endless":false,"potions_floor_spawned":[4,7,11],"killed_by":"Hexaghost","ascension_level":15}