{"gold_per_floor":[112,187,206,45,45,45,79,89,89,89,102,135,135,135,135,206,206,223,223,223,243,106,132,132,166,216,233,11,28,45,62,62,136,136,153,3,13,63,63,63,63,75,75,85,98,128,128,128,128,128,128,128,128,14,39,39],"floor_reached":57,"playtime":2393,"items_purged":["Strike_B","Strike_B","Strike_B","Defend_B"],"score":2910,"play_id":"b45719e3-f188-4cce-9a7f-9fb340e34f4a","local_time":"20190602233315","is_ascension_mode":true,"campfire_choices":[{"data":"Sunder","floor":6.0,"key":"SMITH"},{"data":"Zap","floor":13.0,"key":"SMITH"},{"floor":15.0,"key":"REST"},{"floor":24.0,"key":"REST"},{"floor":32.0,"key":"REST"},{"data":"Coolheaded","floor":40,"key":"SMITH"},{"floor":49,"key":"RECALL"},{"data":"Loop","floor":53,"key":"SMITH"}],"neow_cost":"NONE","seed_source_timestamp":27187609966509,"circlet_count":0,"master_deck":["AscendersBane","Defend_B","Zap+1","Dualcast","Coolheaded+1","Sunder+1","Biased Cognition","Capacitor","Ball Lightning","Meteor Strike","Loop+1","Glacier+1","Self Repair","Hologram+1","Double Energy+1","Panacea+1","Defragment","Biased Cognition","Coolheaded+1","Core Surge","Reboot+1","Conserve Battery+1","Seek+1","Meteor Strike","Undo+1","Heatsinks","Multi-Cast+1","Coolheaded+1","Reinforced Body+1","Coolheaded+1"],"special_seed":0,"relics":["Cracked Core","NeowsBlessing","Pocketwatch","Bronze Scales","Toxic Egg 2","Snecko Eye","Singing Bowl","Prayer Wheel","Boot","Regal Pillow","Astrolabe","Gremlin Horn","Thread and Needle","Oddly Smooth Stone"],"potions_floor_usage":[56,56],"damage_taken":[{"damage":0.0,"enemies":"2 Louse","floor":1.0,"turns":1.0},{"damage":0.0,"enemies":"Small Slimes","floor":3.0,"turns":1.0},{"damage":0.0,"enemies":"Lagavulin","floor":7.0,"turns":1.0},{"damage":7.0,"enemies":"Jaw Worm","floor":8.0,"turns":2.0},{"damage":10.0,"enemies":"Blue Slaver","floor":11.0,"turns":3.0},{"damage":36.0,"enemies":"Gremlin Nob","floor":12.0,"turns":4.0},{"damage":8.0,"enemies":"The Guardian","floor":16.0,"turns":7.0},{"damage":11.0,"enemies":"Shell Parasite","floor":18.0,"turns":2.0},{"damage":6.0,"enemies":"3 Byrds","floor":21.0,"turns":3.0},{"damage":31.0,"enemies":"Slavers","floor":23.0,"turns":6.0},{"damage":9.0,"enemies":"Gremlin Leader","floor":25.0,"turns":5.0},{"damage":0.0,"enemies":"Snecko","floor":27.0,"turns":3.0},{"damage":9.0,"enemies":"Snake Plant","floor":29.0,"turns":3.0},{"damage":4.0,"enemies":"Centurion and Healer","floor":30.0,"turns":3.0},{"damage":31.0,"enemies":"Shelled Parasite and Fungi","floor":31.0,"turns":3.0},{"damage":32.0,"enemies":"Collector","floor":33.0,"turns":9.0},{"damage":3.0,"enemies":"3 Shapes","floor":35.0,"turns":6.0},{"damage":16.0,"enemies":"Orb Walker","floor":37.0,"turns":2.0},{"damage":0,"enemies":"3 Darklings","floor":42,"turns":3},{"damage":0,"enemies":"Spire Growth","floor":44,"turns":3},{"damage":0,"enemies":"Maw","floor":45,"turns":6},{"damage":0,"enemies":"Reptomancer","floor":46,"turns":4},{"damage":24,"enemies":"Donu and Deca","floor":50,"turns":8},{"damage":0,"enemies":"Awakened One","floor":51,"turns":8},{"damage":30,"enemies":"Shield and Spear","floor":55,"turns":5},{"damage":53,"enemies":"The Heart","floor":56,"turns":10}],"seed_played":"28185398432157078","potions_obtained":[{"floor":8.0,"key":"Explosive Potion"},{"floor":16.0,"key":"Energy Potion"},{"floor":23.0,"key":"LiquidBronze"},{"floor":25.0,"key":"FocusPotion"}],"is_trial":false,"path_per_floor":["M","?","M","$","?","R","E","M","T","?","M","E","R","T","R","B",null,"M","?","T","M","$","E","R","E","T","M","$","M","M","M","R","B",null,"M","$","M","?","$","R","?","M","T","M","M","E","?","?","R","B","B",null,"R","$","E","B",null],"character_chosen":"DEFECT","items_purchased":["Sunder","Self Repair","Panacea+1","Coolheaded+1","Block Potion"],"campfire_rested":3,"item_purchase_floors":[4,22,28,54,54],"current_hp_per_floor":[64,53,53,53,58,58,58,51,51,51,41,5,5,5,27,19,62,51,51,51,45,45,21,43,43,43,52,52,43,43,14,54,29,72,80,80,75,66,66,66,66,75,75,82,91,98,93,93,93,76,83,91,91,91,70,24],"gold":39,"neow_bonus":"THREE_ENEMY_KILL","is_prod":false,"is_daily":false,"chose_seed":false,"campfire_upgraded":4,"win_rate":0,"timestamp":1559489595,"path_taken":["M","?","M","$","?","R","E","M","T","?","M","E","R","?","R","BOSS","M","?","?","M","?","E","R","E","T","M","$","M","M","M","R","BOSS","M","$","M","?","?","R","?","M","T","?","M","E","?","?","R","BOSS","BOSS","R","$","E","BOSS"],"build_version":"2019-01-23","purchased_purges":4,"victory":true,"max_hp_per_floor":[71,71,71,71,76,76,76,76,76,76,76,76,76,76,76,76,76,76,76,76,76,76,76,76,78,78,80,80,80,84,86,86,86,86,90,90,94,94,94,94,94,96,96,96,98,98,93,93,93,93,93,93,93,93,95,95],"card_choices":[{"not_picked":["Hologram","White Noise"],"picked":"Coolheaded","floor":1.0},{"not_picked":["Hologram","Streamline"],"picked":"Barrage","floor":3.0},{"not_picked":["Gash","Turbo"],"picked":"Biased Cognition","floor":7.0},{"not_picked":["Gash","Barrage","Redo"],"picked":"SKIP","floor":8.0},{"not_picked":["Auto Shields","Ball Lightning"],"picked":"Capacitor","floor":11.0},{"not_picked":["Stack","Doom and Gloom"],"picked":"Ball Lightning","floor":12.0},{"not_picked":["Reboot+1","Rainbow+1"],"picked":"Meteor Strike","floor":16.0},{"not_picked":["FTL","Beam Cell"],"picked":"Loop","floor":18.0},{"not_picked":["Gash","Redo+1"],"picked":"Glacier+1","floor":21.0},{"not_picked":["Barrage","Creative AI"],"picked":"Hologram+1","floor":23.0},{"not_picked":["Turbo+1","Ball Lightning","Beam Cell"],"picked":"Singing Bowl","floor":25.0},{"not_picked":["Redo+1","Capacitor"],"picked":"Double Energy+1","floor":27.0},{"not_picked":["Auto Shields+1","Melter","Hello World"],"picked":"Singing Bowl","floor":27.0},{"not_picked":["Self Repair+1","Compile Driver"],"picked":"Defragment","floor":29.0},{"not_picked":["Streamline","Consume+1"],"picked":"Biased Cognition","floor":29.0},{"not_picked":["Redo+1","Self Repair","Ball Lightning"],"picked":"Singing Bowl","floor":30.0},{"not_picked":["Gash","BootSequence+1","Barrage"],"picked":"Singing Bowl","floor":30.0},{"not_picked":["Hologram+1","Barrage+1"],"picked":"Coolheaded+1","floor":31.0},{"not_picked":["Streamline","Steam+1","Sweeping Beam"],"picked":"Singing Bowl","floor":31.0},{"not_picked":["Electrodynamics","Thunder Strike"],"picked":"Core Surge","floor":33.0},{"not_picked":["Consume+1","Auto Shields+1","Sweeping Beam"],"picked":"Singing Bowl","floor":35.0},{"not_picked":["Darkness+1","Turbo+1","Steam+1"],"picked":"Singing Bowl","floor":35.0},{"not_picked":["Turbo+1","Conserve Battery+1","Redo+1"],"picked":"Singing Bowl","floor":37.0},{"not_picked":["Aggregate+1","Leap+1","Turbo+1"],"picked":"Singing Bowl","floor":37.0},{"not_picked":["Beam Cell+1","Scrape"],"picked":"Undo+1","floor":42},{"not_picked":["Storm","Steam+1","Loop"],"picked":"Singing Bowl","floor":42},{"not_picked":["Consume+1","Barrage"],"picked":"Heatsinks","floor":44},{"not_picked":["Aggregate+1","Turbo+1"],"picked":"Multi-Cast+1","floor":44},{"not_picked":["Streamline+1","White Noise+1"],"picked":"Coolheaded+1","floor":45},{"not_picked":["Undo+1","Steam+1","Streamline"],"picked":"Singing Bowl","floor":45},{"not_picked":["Force Field+1","Hologram+1"],"picked":"Reinforced Body+1","floor":46},{"not_picked":["White Noise+1","Chill+1","Darkness+1"],"picked":"Singing Bowl","floor":55}],"player_experience":1847445,"relics_obtained":[{"floor":7.0,"key":"Pocketwatch"},{"floor":12.0,"key":"Bronze Scales"},{"floor":14.0,"key":"Toxic Egg 2"},{"floor":20.0,"key":"Singing Bowl"},{"floor":23.0,"key":"Prayer Wheel"},{"floor":25.0,"key":"Boot"},{"floor":26.0,"key":"Regal Pillow"},{"floor":43,"key":"Gremlin Horn"},{"floor":46,"key":"Thread and Needle"},{"floor":55,"key":"Oddly Smooth Stone"}],"event_choices":[{"damage_healed":0.0,"max_hp_gain":0.0,"max_hp_loss":0.0,"gold_gain":75.0,"event_name":"World of Goop","player_choice":"Gather Gold","floor":2.0,"gold_loss":0.0,"damage_taken":11.0},{"damage_healed":0.0,"max_hp_gain":5.0,"max_hp_loss":0.0,"gold_gain":0.0,"event_name":"Big Fish","player_choice":"Donut","floor":5.0,"gold_loss":0.0,"damage_taken":0.0},{"damage_healed":0.0,"max_hp_gain":0.0,"max_hp_loss":0.0,"gold_gain":0.0,"event_name":"Liars Game","player_choice":"Ignored","floor":10.0,"gold_loss":0.0,"damage_taken":0.0},{"damage_healed":0.0,"max_hp_gain":0.0,"max_hp_loss":0.0,"gold_gain":0.0,"event_name":"Ghosts","player_choice":"Ignored","floor":19.0,"gold_loss":0.0,"damage_taken":0.0},{"damage_healed":0,"gold_gain":50,"player_choice":"Touch","damage_taken":9,"max_hp_gain":0,"max_hp_loss":0,"event_name":"FaceTrader","floor":38,"gold_loss":0},{"damage_healed":0,"gold_gain":0,"player_choice":"Copied","damage_taken":0,"max_hp_gain":0,"max_hp_loss":0,"event_name":"Duplicator","floor":41,"gold_loss":0,"cards_obtained":["Meteor Strike"]},{"damage_healed":0,"gold_gain":0,"player_choice":"Max HP","damage_taken":0,"max_hp_gain":0,"max_hp_loss":5,"event_name":"Winding Halls","floor":47,"gold_loss":0},{"cards_removed":["Defend_B"],"damage_healed":0,"gold_gain":0,"player_choice":"Purged","damage_taken":0,"max_hp_gain":0,"max_hp_loss":0,"event_name":"Purifier","floor":48,"gold_loss":0}],"is_beta":false,"boss_relics":[{"not_picked":["Coffee Dripper","Philosopher\u0027s Stone"],"picked":"Snecko Eye"},{"not_picked":["Runic Dome","Tiny House"],"picked":"Astrolabe"}],"items_purged_floors":[4,22,28,36],"is_endless":false,"potions_floor_spawned":[8,16,23,25,35,44,55],"ascension_level":20}