{"gold_per_floor":[111,129,144,144,144,144,168,208,208,208,231,247,247,281,281,375,375,391,130,155,80,80,80,423,423,423,423,444,468,468,487,487,576,576,599,29,29,29,52,95,108,108,132,155,180,180,195,236,236,236],"floor_reached":51,"playtime":3176,"items_purged":["Endless Agony","Shame"],"score":1475,"play_id":"970bb257-496b-4249-bfc9-9fad754824d2","local_time":"20181007215327","is_ascension_mode":true,"campfire_choices":[{"floor":6,"key":"REST"},{"data":"Neutralize","floor":10,"key":"SMITH"},{"data":"Cloak And Dagger","floor":13,"key":"SMITH"},{"data":"Bouncing Flask","floor":15,"key":"SMITH"},{"data":"Leg Sweep","floor":23,"key":"SMITH"},{"data":"Malaise","floor":25,"key":"SMITH"},{"data":"Crippling Poison","floor":27,"key":"SMITH"},{"floor":30,"key":"REST"},{"floor":32,"key":"REST"},{"data":"Malaise","floor":46,"key":"SMITH"},{"floor":49,"key":"REST"}],"neow_cost":"NONE","seed_source_timestamp":2004941367547304,"circlet_count":0,"master_deck":["Defend_G","Defend_G","Defend_G","Defend_G","Defend_G","Strike_G","Strike_G","Strike_G","Strike_G","Survivor","Neutralize+1","AscendersBane","Bouncing Flask+1","Cloak And Dagger+1","Heel Hook","Crippling Poison+1","Flying Knee","Heel Hook","Footwork+1","Wraith Form v2+1","Bullet Time","Leg Sweep+1","Noxious Fumes+1","Malaise+1","Backflip","Malaise+1","Chrysalis","Backflip","A Thousand Cuts+1","Crippling Poison+1","Footwork+1","PiercingWail+1"],"relics":["Ring of the Snake","Anchor","Golden Idol","Nunchaku","Frozen Egg 2","Mercury Hourglass","Bag of Marbles","Snecko Eye","Singing Bowl","Old Coin","Paper Crane","Busted Crown","Dream Catcher","Mummified Hand","Orichalcum","Oddly Smooth Stone"],"potions_floor_usage":[8,8,14,24,33,50,50],"damage_taken":[{"damage":1,"enemies":"Cultist","floor":1,"turns":4},{"damage":0,"enemies":"2 Louse","floor":2,"turns":3},{"damage":2,"enemies":"Jaw Worm","floor":3,"turns":3},{"damage":3,"enemies":"3 Louse","floor":7,"turns":4},{"damage":2,"enemies":"Gremlin Nob","floor":8,"turns":4},{"damage":0,"enemies":"Large Slime","floor":11,"turns":4},{"damage":0,"enemies":"2 Fungi Beasts","floor":12,"turns":3},{"damage":20,"enemies":"Lagavulin","floor":14,"turns":4},{"damage":0,"enemies":"Hexaghost","floor":16,"turns":9},{"damage":0,"enemies":"3 Byrds","floor":18,"turns":2},{"damage":1,"enemies":"Shell Parasite","floor":20,"turns":4},{"damage":11,"enemies":"Slavers","floor":24,"turns":6},{"damage":7,"enemies":"Shelled Parasite and Fungi","floor":28,"turns":6},{"damage":0,"enemies":"Sentry and Sphere","floor":29,"turns":4},{"damage":0,"enemies":"Snake Plant","floor":31,"turns":3},{"damage":15,"enemies":"Collector","floor":33,"turns":10},{"damage":0,"enemies":"Orb Walker","floor":35,"turns":4},{"damage":9,"enemies":"3 Shapes","floor":39,"turns":6},{"damage":8,"enemies":"2 Orb Walkers","floor":40,"turns":5},{"damage":0,"enemies":"Sphere and 2 Shapes","floor":41,"turns":3},{"damage":0,"enemies":"3 Darklings","floor":44,"turns":5},{"damage":0,"enemies":"4 Shapes","floor":45,"turns":5},{"damage":4,"enemies":"Reptomancer","floor":47,"turns":8},{"damage":17,"enemies":"Giant Head","floor":48,"turns":8},{"damage":0,"enemies":"Time Eater","floor":50,"turns":12}],"seed_played":"8073369616811348403","potions_obtained":[{"floor":1,"key":"PowerPotion"},{"floor":2,"key":"FearPotion"},{"floor":11,"key":"AttackPotion"},{"floor":20,"key":"SkillPotion"},{"floor":24,"key":"Block Potion"},{"floor":40,"key":"Block Potion"},{"floor":41,"key":"SkillPotion"},{"floor":45,"key":"PowerPotion"}],"is_trial":false,"path_per_floor":["M","M","M","?","?","R","M","E","T","R","M","M","R","E","R","B",null,"M","$","M","?","?","R","E","R","T","R","M","M","R","M","R","B",null,"M","$","?","?","M","E","M","$","T","M","M","R","M","E","R","B"],"character_chosen":"THE_SILENT","items_purchased":["Bullet Time","Leg Sweep","Chrysalis","Backflip","Dream Catcher","Caltrops+1"],"campfire_rested":4,"item_purchase_floors":[19,19,36,36,36,36],"current_hp_per_floor":[58,58,56,33,15,34,31,29,29,29,29,29,29,9,9,9,52,52,52,51,51,51,51,40,40,40,40,33,35,55,57,70,55,66,68,68,72,62,55,49,51,51,51,51,53,53,49,32,56,56],"gold":236,"neow_bonus":"RANDOM_COMMON_RELIC","is_prod":false,"is_daily":false,"chose_seed":false,"campfire_upgraded":7,"win_rate":0,"timestamp":1538963607,"path_taken":["M","M","?","?","?","R","M","E","T","R","M","M","R","E","R","BOSS","M","$","M","?","?","R","E","R","T","R","?","M","R","M","R","BOSS","M","$","?","?","M","E","M","$","T","M","M","R","M","E","R","BOSS"],"build_version":"2018-10-04v2","purchased_purges":2,"victory":true,"max_hp_per_floor":[66,66,66,66,66,66,66,66,66,66,66,66,66,66,66,66,66,66,66,66,66,66,66,66,66,66,66,66,68,68,70,70,70,70,72,72,72,72,74,76,78,78,78,78,80,80,80,80,80,80],"card_choices":[{"not_picked":["Setup","Reflex"],"picked":"Bouncing Flask","floor":1},{"not_picked":["Acrobatics","Choke"],"picked":"Endless Agony","floor":2},{"not_picked":["Sucker Punch","Crippling Poison"],"picked":"Cloak And Dagger","floor":3},{"not_picked":["Distraction","Masterful Stab"],"picked":"Heel Hook","floor":7},{"not_picked":["Blade Dance","Infinite Blades"],"picked":"Crippling Poison","floor":8},{"not_picked":["Underhanded Strike","Flechettes"],"picked":"Flying Knee","floor":11},{"not_picked":["Dagger Spray","Bane"],"picked":"Heel Hook","floor":12},{"not_picked":["Flying Knee","Well Laid Plans+1"],"picked":"Footwork+1","floor":14},{"not_picked":["Tools of the Trade+1","Bullet Time"],"picked":"Wraith Form v2+1","floor":16},{"not_picked":["Outmaneuver","Bane","Deadly Poison"],"picked":"SKIP","floor":18},{"not_picked":["Quick Slash","Deflect"],"picked":"Noxious Fumes+1","floor":20},{"not_picked":["Envenom+1","Accuracy+1"],"picked":"Malaise","floor":24},{"not_picked":["Sucker Punch","Flechettes"],"picked":"Backflip","floor":28},{"not_picked":["Backflip","Dagger Spray","Bane+1"],"picked":"Singing Bowl","floor":29},{"not_picked":["Flying Knee","Bane","Distraction"],"picked":"Singing Bowl","floor":31},{"not_picked":["Grand Finale","Phantasmal Killer"],"picked":"Malaise","floor":33},{"not_picked":["Dagger Spray"],"picked":"Singing Bowl","floor":35},{"not_picked":["Dodge and Roll"],"picked":"Singing Bowl","floor":39},{"not_picked":["Outmaneuver+1"],"picked":"Singing Bowl","floor":40},{"not_picked":["Flying Knee"],"picked":"Singing Bowl","floor":41},{"not_picked":[],"picked":"A Thousand Cuts+1","floor":44},{"not_picked":["Eviscerate"],"picked":"Singing Bowl","floor":45},{"not_picked":[],"picked":"Crippling Poison+1","floor":47},{"not_picked":[],"picked":"Footwork+1","floor":48},{"not_picked":[],"picked":"PiercingWail+1","floor":49}],"player_experience":826444,"relics_obtained":[{"floor":8,"key":"Frozen Egg 2"},{"floor":9,"key":"Mercury Hourglass"},{"floor":14,"key":"Bag of Marbles"},{"floor":24,"key":"Old Coin"},{"floor":26,"key":"Paper Crane"},{"floor":40,"key":"Mummified Hand"},{"floor":43,"key":"Orichalcum"},{"floor":48,"key":"Oddly Smooth Stone"}],"event_choices":[{"event_name":"Golden Idol","player_choice":"Take Damage","floor":4,"damage_taken":0},{"event_name":"Scrap Ooze","player_choice":"success","floor":5,"damage_taken":18},{"event_name":"Beggar","player_choice":"Gave Gold","floor":21,"damage_taken":0},{"event_name":"Addict","player_choice":"Stole Relic","floor":22,"damage_taken":0},{"event_name":"Bonfire Elementals","player_choice":"UNCOMMON","floor":37,"damage_taken":0},{"event_name":"Wheel of Change","player_choice":"Damage","floor":38,"damage_taken":0}],"is_beta":false,"boss_relics":[{"not_picked":["Eternal Feather","Lizard Tail"],"picked":"Snecko Eye"},{"not_picked":["Tiny House","Pandora\u0027s Box"],"picked":"Busted Crown"}],"items_purged_floors":[19,36],"is_endless":false,"potions_floor_spawned":[1,2,7,11,20,24,40,41,45],"ascension_level":15}