{"gold_per_floor":[113,113,133,58,58,58,78,78,146,146,176,193,222,252,252,252],"floor_reached":16,"playtime":441,"items_purged":["Hello World"],"score":124,"play_id":"6358cb40-937a-4203-b5f8-c5d4f95229fe","local_time":"20190509172503","is_ascension_mode":true,"campfire_choices":[{"floor":6,"key":"REST"},{"data":"Dualcast","floor":8,"key":"SMITH"},{"data":"Zap","floor":10,"key":"SMITH"},{"floor":15,"key":"REST"}],"neow_cost":"TEN_PERCENT_HP_LOSS","seed_source_timestamp":81584534871311,"circlet_count":0,"master_deck":["Strike_B","Strike_B","Strike_B","Defend_B","Defend_B","Zap+1","Dualcast+1","Storm","Go for the Eyes","Force Field","BootSequence","Consume","Conserve Battery"],"relics":["Cracked Core","Cables","Shuriken","Blood Vial","Tiny Chest"],"potions_floor_usage":[11,13],"damage_taken":[{"damage":10,"enemies":"Small Slimes","floor":1,"turns":3},{"damage":7,"enemies":"2 Louse","floor":3,"turns":2},{"damage":1,"enemies":"Cultist","floor":7,"turns":3},{"damage":15,"enemies":"Gremlin Nob","floor":11,"turns":3},{"damage":11,"enemies":"2 Fungi Beasts","floor":12,"turns":3},{"damage":8,"enemies":"Lagavulin","floor":13,"turns":5},{"damage":49,"enemies":"Slime Boss","floor":16,"turns":6}],"seed_played":"-3164797714015921349","potions_obtained":[{"floor":7,"key":"FearPotion"},{"floor":12,"key":"AttackPotion"},{"floor":13,"key":"Fire Potion"}],"is_trial":false,"path_per_floor":["M","?","M","$","?","R","M","R","T","R","E","M","E","?","R","B"],"character_chosen":"DEFECT","items_purchased":[],"campfire_rested":2,"item_purchase_floors":[],"current_hp_per_floor":[58,40,33,33,26,46,45,45,45,45,30,19,11,11,31,0],"gold":252,"neow_bonus":"TRANSFORM_TWO_CARDS","is_prod":false,"is_daily":false,"chose_seed":false,"campfire_upgraded":2,"win_rate":0,"timestamp":1557437103,"path_taken":["M","?","M","$","?","R","M","R","T","R","E","M","E","?","R","BOSS"],"build_version":"2019-01-23","purchased_purges":1,"victory":false,"max_hp_per_floor":[68,68,68,68,68,68,68,68,68,68,68,68,68,68,68,68],"card_choices":[{"not_picked":["Steam","Steam Power"],"picked":"Go for the Eyes","floor":1},{"not_picked":["Stack","Redo","Compile Driver"],"picked":"SKIP","floor":3},{"not_picked":["Undo","Chill"],"picked":"Force Field","floor":7},{"not_picked":["Doom and Gloom","Undo"],"picked":"BootSequence","floor":11},{"not_picked":["Go for the Eyes","Streamline"],"picked":"Consume","floor":12},{"not_picked":["Leap","Rainbow"],"picked":"Conserve Battery","floor":13}],"player_experience":960742,"relics_obtained":[{"floor":11,"key":"Shuriken"},{"floor":13,"key":"Blood Vial"}],"event_choices":[{"damage_healed":0,"gold_gain":0,"player_choice":"Success","damage_taken":18,"relics_obtained":["Cables"],"max_hp_gain":0,"max_hp_loss":0,"event_name":"Scrap Ooze","floor":2,"gold_loss":0},{"cards_removed":["Defend_B"],"damage_healed":0,"gold_gain":0,"player_choice":"Card Removal","damage_taken":7,"max_hp_gain":0,"max_hp_loss":0,"event_name":"Golden Wing","floor":5,"gold_loss":0},{"damage_healed":0,"gold_gain":0,"player_choice":"Gave Potion","damage_taken":0,"relics_obtained":["Tiny Chest"],"max_hp_gain":0,"max_hp_loss":0,"event_name":"WeMeetAgain","floor":14,"gold_loss":0}],"is_beta":false,"boss_relics":[],"items_purged_floors":[4],"is_endless":false,"potions_floor_spawned":[7,12,13],"killed_by":"Slime Boss","ascension_level":3}