{"gold_per_floor":[114,128,139,139,64,64,82,408,408,408,458,474,344,344,344,344],"floor_reached":16,"playtime":251,"items_purged":["Strike_R","Strike_R"],"score":200,"play_id":"11068848-1302-415b-b4b1-9e07fcbd74c6","local_time":"20190601211323","is_ascension_mode":true,"campfire_choices":[{"data":"Pommel Strike","floor":6.0,"key":"SMITH"},{"data":"Flex","floor":10.0,"key":"SMITH"},{"floor":15,"key":"REST"}],"neow_cost":"NONE","seed_source_timestamp":22683834087193,"circlet_count":0,"master_deck":["AscendersBane","Strike_R","Strike_R","Defend_R","Defend_R","Defend_R","Defend_R","Bash","Pommel Strike+1","Flex+1","Battle Trance","Shrug It Off","Offering"],"special_seed":0,"relics":["Burning Blood","NeowsBlessing","Orichalcum","Old Coin","Bottled Flame"],"potions_floor_usage":[16,16,16],"damage_taken":[{"damage":0.0,"enemies":"Cultist","floor":1.0,"turns":1.0},{"damage":0.0,"enemies":"Small Slimes","floor":2.0,"turns":1.0},{"damage":0.0,"enemies":"Jaw Worm","floor":3.0,"turns":1.0},{"damage":11.0,"enemies":"2 Fungi Beasts","floor":7.0,"turns":3.0},{"damage":49.0,"enemies":"Gremlin Nob","floor":8.0,"turns":5.0},{"damage":0,"enemies":"Large Slime","floor":12,"turns":4},{"damage":24,"enemies":"The Guardian","floor":16,"turns":8}],"seed_played":"-3569306706801066592","potions_obtained":[{"floor":1.0,"key":"SteroidPotion"},{"floor":3.0,"key":"EntropicBrew"}],"is_trial":false,"path_per_floor":["M","M","M","?","$","R","M","E","T","R","?","M","$","?","R","B"],"character_chosen":"IRONCLAD","items_purchased":["Shrug It Off"],"campfire_rested":1,"item_purchase_floors":[13],"current_hp_per_floor":[74,75,75,57,57,57,52,9,9,9,2,8,8,8,30,6],"gold":344,"neow_bonus":"THREE_ENEMY_KILL","is_prod":false,"is_daily":false,"chose_seed":false,"campfire_upgraded":2,"win_rate":0,"timestamp":1559394803,"path_taken":["M","M","M","?","$","R","M","E","T","R","?","?","$","?","R","BOSS"],"build_version":"2019-01-23","purchased_purges":2,"victory":false,"max_hp_per_floor":[75,75,75,75,75,75,75,75,75,75,75,75,75,75,75,75],"card_choices":[{"not_picked":["Reckless Charge","Clothesline","Dual Wield"],"picked":"SKIP","floor":1.0},{"not_picked":["Cleave","Wild Strike","Headbutt"],"picked":"SKIP","floor":2.0},{"not_picked":["Perfected Strike","Dual Wield"],"picked":"Pommel Strike","floor":3.0},{"not_picked":["Warcry","Thunderclap"],"picked":"Flex","floor":7.0},{"not_picked":["Havoc","Heavy Blade","Clash"],"picked":"SKIP","floor":8.0},{"not_picked":["Carnage","Sword Boomerang"],"picked":"Battle Trance","floor":12}],"player_experience":1828454,"relics_obtained":[{"floor":8.0,"key":"Old Coin"},{"floor":9.0,"key":"Bottled Flame"}],"event_choices":[{"damage_healed":0.0,"max_hp_gain":0.0,"max_hp_loss":0.0,"gold_gain":0.0,"event_name":"Scrap Ooze","player_choice":"Success","floor":4.0,"gold_loss":0.0,"damage_taken":18.0,"relics_obtained":["Orichalcum"]},{"damage_healed":0,"gold_gain":50,"player_choice":"Touch","damage_taken":7,"max_hp_gain":0,"max_hp_loss":0,"event_name":"FaceTrader","floor":11,"gold_loss":0},{"damage_healed":0,"gold_gain":0,"cards_transformed":["Strike_R"],"player_choice":"Change","damage_taken":0,"max_hp_gain":0,"max_hp_loss":0,"event_name":"Living Wall","floor":14,"gold_loss":0,"cards_obtained":["Offering"]}],"is_beta":false,"boss_relics":[],"items_purged_floors":[5,13],"is_endless":false,"potions_floor_spawned":[1,3,8,12],"killed_by":"The Guardian","ascension_level":20}