{"gold_per_floor":[114,114,114,127,139,139,171,187,187,187,198,198,231,249,249,323,323,340,102,17,30,30,58,58,71,117,132,160,160,160,170,170,242,242,258,258,269,289,339,339,339],"floor_reached":41,"playtime":1227,"items_purged":["Strike_B"],"score":1086,"play_id":"3f106643-ce4a-4d26-9c3f-041d44198c85","local_time":"20190527172508","is_ascension_mode":true,"campfire_choices":[{"data":"Chaos","floor":6.0,"key":"SMITH"},{"data":"Defragment","floor":10.0,"key":"SMITH"},{"data":"Zap","floor":12.0,"key":"SMITH"},{"data":"Dualcast","floor":15.0,"key":"SMITH"},{"data":"Coolheaded","floor":24.0,"key":"SMITH"},{"data":"Coolheaded","floor":29.0,"key":"SMITH"},{"data":"Heatsinks","floor":32.0,"key":"SMITH"},{"data":"Buffer","floor":40.0,"key":"SMITH"}],"neow_cost":"NONE","seed_source_timestamp":168011640817563,"circlet_count":0,"master_deck":["AscendersBane","Strike_B","Strike_B","Defend_B","Defend_B","Defend_B","Defend_B","Zap+1","Dualcast+1","Chaos+1","Defragment+1","Coolheaded+1","Ball Lightning","Buffer+1","Conserve Battery","Melter","Meteor Strike","Heatsinks+1","Biased Cognition","Reinforced Body","Meteor Strike","Coolheaded+1","Electrodynamics","Echo Form","Compile Driver","Thunder Strike","Loop+1"],"special_seed":0,"relics":["Cracked Core","NeowsBlessing","Sundial","Shuriken","Strawberry","Snecko Eye","Pocketwatch","Meat on the Bone","Smiling Mask","Darkstone Periapt","Runic Pyramid","Torii"],"potions_floor_usage":[41,41],"damage_taken":[{"damage":0.0,"enemies":"Jaw Worm","floor":1.0,"turns":1.0},{"damage":0.0,"enemies":"Small Slimes","floor":4.0,"turns":1.0},{"damage":0.0,"enemies":"Cultist","floor":5.0,"turns":1.0},{"damage":10.0,"enemies":"Lagavulin","floor":7.0,"turns":6.0},{"damage":26.0,"enemies":"Exordium Wildlife","floor":8.0,"turns":5.0},{"damage":0.0,"enemies":"Looter","floor":11.0,"turns":3.0},{"damage":12.0,"enemies":"3 Sentries","floor":13.0,"turns":6.0},{"damage":9.0,"enemies":"Lots of Slimes","floor":14.0,"turns":4.0},{"damage":0.0,"enemies":"Slime Boss","floor":16.0,"turns":11.0},{"damage":16.0,"enemies":"2 Thieves","floor":18.0,"turns":3.0},{"damage":4.0,"enemies":"3 Byrds","floor":21.0,"turns":3.0},{"damage":15.0,"enemies":"Slavers","floor":23.0,"turns":4.0},{"damage":0.0,"enemies":"Shelled Parasite and Fungi","floor":25.0,"turns":3.0},{"damage":18.0,"enemies":"Snake Plant","floor":27.0,"turns":3.0},{"damage":9.0,"enemies":"Book of Stabbing","floor":28.0,"turns":4.0},{"damage":0.0,"enemies":"Snecko","floor":31.0,"turns":3.0},{"damage":0.0,"enemies":"Champ","floor":33.0,"turns":5.0},{"damage":0.0,"enemies":"3 Shapes","floor":35.0,"turns":4.0},{"damage":3.0,"enemies":"Orb Walker","floor":37.0,"turns":3.0},{"damage":0.0,"enemies":"Jaw Worm Horde","floor":38.0,"turns":4.0},{"damage":18.0,"enemies":"2 Orb Walkers","floor":39.0,"turns":2.0},{"damage":9,"enemies":"Reptomancer","floor":41,"turns":2}],"seed_played":"-8602042687618425137","potions_obtained":[{"floor":4.0,"key":"FocusPotion"},{"floor":13.0,"key":"AttackPotion"},{"floor":14.0,"key":"FearPotion"},{"floor":16.0,"key":"Block Potion"},{"floor":23.0,"key":"LiquidBronze"},{"floor":27.0,"key":"Ancient Potion"}],"is_trial":false,"path_per_floor":["M","?","?","M","M","R","E","M","T","R","M","R","E","M","R","B",null,"M","$","?","M","?","E","R","M","T","M","E","R","?","M","R","B",null,"M","?","M","M","?","R","E"],"character_chosen":"DEFECT","items_purchased":["Meteor Strike"],"campfire_rested":0,"item_purchase_floors":[19],"current_hp_per_floor":[64,64,64,64,64,64,54,28,28,28,28,28,23,14,14,14,62,46,46,46,42,42,27,27,39,39,33,36,36,36,48,48,48,71,71,71,68,68,50,50,41],"gold":339,"neow_bonus":"THREE_ENEMY_KILL","is_prod":false,"is_daily":false,"chose_seed":false,"campfire_upgraded":8,"win_rate":0,"timestamp":1558949108,"path_taken":["M","?","?","M","?","R","E","M","T","R","M","R","E","M","R","BOSS","M","$","?","M","?","E","R","M","T","?","E","R","?","M","R","BOSS","M","?","M","M","?","R","E"],"build_version":"2019-01-23","purchased_purges":1,"victory":false,"max_hp_per_floor":[71,71,71,71,71,71,71,71,71,71,71,71,78,78,78,78,78,78,78,78,78,78,78,78,78,78,78,78,78,78,78,78,78,78,78,78,78,78,78,78,78],"card_choices":[{"not_picked":["Go for the Eyes","Streamline"],"picked":"Chaos","floor":1.0},{"not_picked":["Sweeping Beam","Loop"],"picked":"Coolheaded","floor":4.0},{"not_picked":["Coolheaded","Redo"],"picked":"Ball Lightning","floor":5.0},{"not_picked":["Coolheaded","Steam Power"],"picked":"Buffer","floor":7.0},{"not_picked":["Hologram","Beam Cell"],"picked":"Conserve Battery","floor":8.0},{"not_picked":["Beam Cell","Streamline"],"picked":"Melter","floor":11.0},{"not_picked":["Ball Lightning","Coolheaded"],"picked":"Meteor Strike","floor":13.0},{"not_picked":["Sweeping Beam","Chill"],"picked":"Heatsinks","floor":14.0},{"not_picked":["Fission","Amplify"],"picked":"Biased Cognition","floor":16.0},{"not_picked":["Defragment","Stack"],"picked":"Reinforced Body","floor":18.0},{"not_picked":["White Noise","Cold Snap"],"picked":"Coolheaded","floor":21.0},{"not_picked":["Redo","Chaos"],"picked":"Electrodynamics","floor":23.0},{"not_picked":["Steam Power","Leap","Rebound"],"picked":"SKIP","floor":25.0},{"not_picked":["Barrage","Steam","Rebound"],"picked":"SKIP","floor":27.0},{"not_picked":["Stack","Melter"],"picked":"Echo Form","floor":28.0},{"not_picked":["Melter","Turbo"],"picked":"Compile Driver","floor":31.0},{"not_picked":["Fission","Reboot"],"picked":"Thunder Strike","floor":33.0},{"not_picked":["Double Energy","Gash"],"picked":"Loop+1","floor":35.0},{"not_picked":["Go for the Eyes","Cold Snap+1","Barrage"],"picked":"SKIP","floor":37.0},{"not_picked":["Barrage","Streamline+1","Gash+1"],"picked":"SKIP","floor":38.0}],"player_experience":1774798,"relics_obtained":[{"floor":7.0,"key":"Sundial"},{"floor":9.0,"key":"Shuriken"},{"floor":13.0,"key":"Strawberry"},{"floor":23.0,"key":"Meat on the Bone"},{"floor":26.0,"key":"Smiling Mask"},{"floor":28.0,"key":"Darkstone Periapt"},{"floor":39.0,"key":"Torii"}],"event_choices":[{"damage_healed":0.0,"max_hp_gain":0.0,"max_hp_loss":0.0,"gold_gain":0.0,"event_name":"Liars Game","player_choice":"Ignored","floor":2.0,"gold_loss":0.0,"damage_taken":0.0},{"damage_healed":0.0,"max_hp_gain":0.0,"max_hp_loss":0.0,"gold_gain":0.0,"cards_transformed":["Strike_B"],"event_name":"Transmorgrifier","player_choice":"Transformed","floor":3.0,"gold_loss":0.0,"damage_taken":0.0,"cards_obtained":["Defragment"]},{"damage_healed":0.0,"max_hp_gain":0.0,"max_hp_loss":0.0,"gold_gain":0.0,"event_name":"Addict","player_choice":"Obtained Relic","floor":20.0,"gold_loss":85.0,"damage_taken":0.0,"relics_obtained":["Pocketwatch"]},{"damage_healed":0.0,"max_hp_gain":0.0,"max_hp_loss":0.0,"gold_gain":0.0,"event_name":"Lab","player_choice":"Got Potions","floor":22.0,"gold_loss":0.0,"damage_taken":0.0},{"damage_healed":0.0,"max_hp_gain":0.0,"max_hp_loss":0.0,"gold_gain":0.0,"event_name":"Cursed Tome","player_choice":"Ignored","floor":30.0,"gold_loss":0.0,"damage_taken":0.0},{"damage_healed":0.0,"max_hp_gain":0.0,"max_hp_loss":0.0,"gold_gain":0.0,"event_name":"Tomb of Lord Red Mask","player_choice":"Ignored","floor":36.0,"gold_loss":0.0,"damage_taken":0.0},{"damage_healed":0.0,"max_hp_gain":0.0,"max_hp_loss":0.0,"gold_gain":0.0,"event_name":"Mysterious Sphere","player_choice":"Fight","floor":39.0,"gold_loss":0.0,"damage_taken":0.0}],"is_beta":false,"boss_relics":[{"not_picked":["Empty Cage","Inserter"],"picked":"Snecko Eye"},{"not_picked":["Fusion Hammer","Philosopher\u0027s Stone"],"picked":"Runic Pyramid"}],"items_purged_floors":[19],"is_endless":false,"potions_floor_spawned":[4,13,14,16,23,27,28,35,38],"killed_by":"Reptomancer","ascension_level":20}