{"gold_per_floor":[118,134,134,134,150,150,190,210,237,237,260,260,19,40,40,170,170,191,151,0,0,14,55,55,78,78,91,91,126,51,71,71,71],"floor_reached":33,"playtime":1319,"items_purged":[],"score":287,"play_id":"f91387a3-6e22-49f8-98a4-0984be87b3eb","local_time":"20190324123902","is_ascension_mode":false,"campfire_choices":[{"data":"Streamline","floor":6,"key":"SMITH"},{"data":"Sunder","floor":10,"key":"SMITH"},{"data":"Leap","floor":12,"key":"SMITH"},{"floor":15,"key":"REST"},{"floor":24,"key":"REST"},{"floor":28,"key":"REST"},{"data":"White Noise","floor":32,"key":"SMITH"}],"neow_cost":"NONE","seed_source_timestamp":91870076165179,"circlet_count":0,"master_deck":["Strike_B","Strike_B","Strike_B","Strike_B","Defend_B","Defend_B","Defend_B","Zap","Dualcast","Leap+1","Genetic Algorithm+1","Streamline+1","Sunder+1","Turbo+1","Leap","Conserve Battery","Conserve Battery","Biased Cognition+1","Cold Snap","Biased Cognition+1","Sweeping Beam","Self Repair+1","Self Repair","Coolheaded+1","White Noise+1"],"relics":["Cracked Core","Omamori","Golden Idol","Lantern","Runic Capacitor","Black Star","PreservedInsect","Potion Belt","Mercury Hourglass","Regal Pillow","Question Card","Turnip"],"potions_floor_usage":[7,16,16,29,31],"damage_taken":[{"damage":1,"enemies":"Jaw Worm","floor":1,"turns":4},{"damage":5,"enemies":"Small Slimes","floor":2,"turns":3},{"damage":3,"enemies":"Cultist","floor":5,"turns":5},{"damage":19,"enemies":"Lagavulin","floor":7,"turns":6},{"damage":8,"enemies":"Exordium Thugs","floor":8,"turns":3},{"damage":11,"enemies":"Gremlin Gang","floor":11,"turns":4},{"damage":0,"enemies":"Large Slime","floor":14,"turns":3},{"damage":2,"enemies":"The Guardian","floor":16,"turns":13},{"damage":5,"enemies":"3 Byrds","floor":18,"turns":4},{"damage":18,"enemies":"Spheric Guardian","floor":22,"turns":4},{"damage":29,"enemies":"Book of Stabbing","floor":23,"turns":6},{"damage":12,"enemies":"Snecko","floor":25,"turns":5},{"damage":16,"enemies":"Snake Plant","floor":27,"turns":4},{"damage":18,"enemies":"Gremlin Leader","floor":29,"turns":4},{"damage":13,"enemies":"3 Cultists","floor":31,"turns":5},{"damage":76,"enemies":"Collector","floor":33,"turns":7}],"seed_played":"4900811775259343074","potions_obtained":[{"floor":1,"key":"SpeedPotion"},{"floor":8,"key":"EssenceOfSteel"},{"floor":11,"key":"Weak Potion"},{"floor":18,"key":"Strength Potion"},{"floor":27,"key":"Weak Potion"},{"floor":29,"key":"Block Potion"}],"is_trial":false,"path_per_floor":["M","M","?","?","M","R","E","M","T","R","M","R","$","M","R","B",null,"M","?","$","?","M","E","R","M","T","M","R","E","?","M","R","B"],"character_chosen":"DEFECT","items_purchased":["Runic Capacitor","Conserve Battery","PreservedInsect"],"campfire_rested":3,"item_purchase_floors":[13,13,20],"current_hp_per_floor":[74,69,69,69,66,66,47,39,39,39,28,28,28,28,50,48,75,70,70,70,70,52,23,45,43,43,37,74,66,66,70,70,0],"gold":71,"neow_bonus":"RANDOM_COMMON_RELIC","is_prod":false,"is_daily":false,"chose_seed":false,"campfire_upgraded":4,"win_rate":0,"timestamp":1553445542,"path_taken":["M","M","?","?","M","R","E","M","T","R","M","R","?","M","R","BOSS","M","?","$","?","M","E","R","M","T","?","R","E","?","M","R","BOSS"],"build_version":"2019-01-23","purchased_purges":0,"victory":false,"max_hp_per_floor":[75,75,75,75,75,75,75,75,75,75,75,75,75,75,75,75,75,75,75,75,75,75,75,75,75,75,75,75,75,75,75,75,75],"card_choices":[{"not_picked":["Recycle","Gash"],"picked":"Leap","floor":1},{"not_picked":["Go for the Eyes","Barrage"],"picked":"Genetic Algorithm","floor":2},{"not_picked":["Hologram","Fission"],"picked":"Streamline","floor":5},{"not_picked":["Cold Snap","Steam Power"],"picked":"Sunder","floor":7},{"not_picked":["Hologram","Beam Cell"],"picked":"Turbo","floor":8},{"not_picked":["Gash","Steam"],"picked":"Leap","floor":11},{"not_picked":["Rebound","Steam"],"picked":"Conserve Battery","floor":14},{"not_picked":["Rainbow","Amplify"],"picked":"Biased Cognition","floor":16},{"not_picked":["Stack","Leap"],"picked":"Cold Snap","floor":18},{"not_picked":["Heatsinks","Steam Power+1"],"picked":"Sweeping Beam","floor":22},{"not_picked":["Redo+1","Sunder"],"picked":"Self Repair+1","floor":23},{"not_picked":["Beam Cell","Gash","Reinforced Body"],"picked":"SKIP","floor":25},{"not_picked":["Aggregate","Rip and Tear+1"],"picked":"Self Repair","floor":27},{"not_picked":["Capacitor","Compile Driver"],"picked":"Coolheaded+1","floor":29},{"not_picked":["Cold Snap","Rebound","Steam"],"picked":"White Noise","floor":31}],"player_experience":754619,"relics_obtained":[{"floor":7,"key":"Lantern"},{"floor":23,"key":"Potion Belt"},{"floor":23,"key":"Mercury Hourglass"},{"floor":26,"key":"Regal Pillow"},{"floor":29,"key":"Question Card"},{"floor":29,"key":"Turnip"}],"event_choices":[{"damage_healed":0,"gold_gain":0,"player_choice":"Take Wound","damage_taken":0,"relics_obtained":["Golden Idol"],"max_hp_gain":0,"max_hp_loss":0,"event_name":"Golden Idol","floor":3,"gold_loss":0,"cards_obtained":["Injury"]},{"damage_healed":0,"gold_gain":0,"player_choice":"Grow","damage_taken":0,"max_hp_gain":0,"max_hp_loss":0,"event_name":"Living Wall","floor":4,"gold_loss":0,"cards_upgraded":["Genetic Algorithm"]},{"damage_healed":0,"gold_gain":0,"player_choice":"Upgraded Two","damage_taken":0,"max_hp_gain":0,"max_hp_loss":0,"event_name":"Designer","floor":19,"gold_loss":40,"cards_upgraded":["Turbo","Biased Cognition"]},{"damage_healed":0,"gold_gain":0,"player_choice":"Copied","damage_taken":0,"max_hp_gain":0,"max_hp_loss":0,"event_name":"Duplicator","floor":21,"gold_loss":0,"cards_obtained":["Biased Cognition"]},{"cards_removed":["Defend_B"],"damage_healed":0,"gold_gain":0,"player_choice":"Gave Gold","damage_taken":0,"max_hp_gain":0,"max_hp_loss":0,"event_name":"Beggar","floor":30,"gold_loss":75}],"is_beta":false,"boss_relics":[{"not_picked":["Calling Bell","Nuclear Battery"],"picked":"Black Star"}],"items_purged_floors":[],"is_endless":false,"potions_floor_spawned":[1,8,11,18,27,29],"killed_by":"Collector","ascension_level":0}