{"gold_per_floor":[114,125,125,95,109,109,122,122,148,148,163,163,193,206,206,304,304,304,304,101,101,26,26,26,26,26,0,0,0,0,0,0,0,0,0,0,0,0,0,0,0,0,0,0,0],"floor_reached":45,"playtime":12772,"items_purged":["Regret"],"score":485,"play_id":"cf1fa9e0-ca3c-43bb-9e9a-f7cf9d39482d","local_time":"20190422213621","is_ascension_mode":false,"campfire_choices":[{"data":"Conserve Battery","floor":6.0,"key":"SMITH"},{"data":"Defragment","floor":8.0,"key":"SMITH"},{"data":"Barrage","floor":12.0,"key":"SMITH"},{"floor":15.0,"key":"REST"},{"floor":25.0,"key":"REST"},{"floor":28.0,"key":"REST"},{"floor":32.0,"key":"REST"},{"data":"Defragment","floor":40,"key":"SMITH"},{"floor":42,"key":"RECALL"}],"neow_cost":"NONE","seed_source_timestamp":0,"circlet_count":0,"master_deck":["Strike_B+1","Strike_B+1","Strike_B+1","Defend_B+1","Defend_B+1","Zap","Dualcast","Steam","Coolheaded","Conserve Battery+1","Defragment+1","Barrage+1","Conserve Battery","Defragment+1","Echo Form","Defragment+1","Capacitor","Cold Snap","Steam","Hologram","Redo","Amplify","Barrage","Madness","Madness","Capacitor+1"],"special_seed":0,"relics":["FrozenCore","Bag of Marbles","Bronze Scales","Potion Belt","Ectoplasm","GremlinMask","Orichalcum","Ancient Tea Set","Red Mask","Blood Vial"],"potions_floor_usage":[38,45,45],"damage_taken":[{"damage":1.0,"enemies":"Cultist","floor":1.0,"turns":3.0},{"damage":0.0,"enemies":"2 Louse","floor":2.0,"turns":2.0},{"damage":0.0,"enemies":"Small Slimes","floor":5.0,"turns":2.0},{"damage":0.0,"enemies":"Exordium Thugs","floor":7.0,"turns":1.0},{"damage":11.0,"enemies":"Large Slime","floor":11.0,"turns":5.0},{"damage":28.0,"enemies":"3 Sentries","floor":13.0,"turns":4.0},{"damage":1.0,"enemies":"Blue Slaver","floor":14.0,"turns":2.0},{"damage":15.0,"enemies":"The Guardian","floor":16.0,"turns":11.0},{"damage":11.0,"enemies":"Shell Parasite","floor":18.0,"turns":5.0},{"damage":42.0,"enemies":"Gremlin Leader","floor":23.0,"turns":7.0},{"damage":6.0,"enemies":"2 Thieves","floor":27.0,"turns":4.0},{"damage":1.0,"enemies":"3 Cultists","floor":29.0,"turns":5.0},{"damage":9.0,"enemies":"Sentry and Sphere","floor":30.0,"turns":5.0},{"damage":5.0,"enemies":"Shelled Parasite and Fungi","floor":31.0,"turns":6.0},{"damage":0.0,"enemies":"Champ","floor":33.0,"turns":14.0},{"damage":1.0,"enemies":"Orb Walker","floor":35.0,"turns":5.0},{"damage":0.0,"enemies":"3 Shapes","floor":37.0,"turns":8.0},{"damage":7,"enemies":"Writhing Mass","floor":38,"turns":9},{"damage":7,"enemies":"3 Darklings","floor":44,"turns":8},{"damage":55,"enemies":"Reptomancer","floor":45,"turns":2}],"seed_played":"-7595180077879460727","potions_obtained":[{"floor":2.0,"key":"GamblersBrew"},{"floor":4.0,"key":"AttackPotion"},{"floor":4.0,"key":"SteroidPotion"},{"floor":5.0,"key":"Fire Potion"},{"floor":7.0,"key":"PowerPotion"},{"floor":13.0,"key":"EssenceOfSteel"},{"floor":23.0,"key":"Dexterity Potion"},{"floor":29.0,"key":"Block Potion"},{"floor":37.0,"key":"Explosive Potion"},{"floor":38,"key":"Poison Potion"}],"is_trial":false,"path_per_floor":["M","M","?","?","M","R","M","R","T","?","M","R","E","M","R","B",null,"M","?","$","$","?","E","?","R","T","M","R","M","M","M","R","B",null,"M","?","M","M","?","R","?","R","T","M","E"],"character_chosen":"DEFECT","items_purchased":["Capacitor","Cold Snap"],"campfire_rested":4,"item_purchase_floors":[20,20],"current_hp_per_floor":[74,74,67,67,67,67,67,67,67,67,56,56,28,27,49,34,75,64,64,64,64,64,22,22,44,44,38,60,59,50,45,67,67,75,74,74,74,67,58,58,58,58,58,53,0],"gold":0,"neow_bonus":"RANDOM_COMMON_RELIC","is_prod":false,"is_daily":false,"chose_seed":false,"campfire_upgraded":4,"win_rate":0,"timestamp":1555983381,"path_taken":["M","M","?","?","M","R","?","R","T","?","M","R","E","M","R","BOSS","M","?","?","$","?","E","?","R","T","M","R","M","M","M","R","BOSS","M","?","M","M","?","R","?","R","T","M","E"],"build_version":"2019-01-23","purchased_purges":1,"victory":false,"max_hp_per_floor":[75,75,75,75,75,75,75,75,75,75,75,75,75,75,75,75,75,75,75,75,75,75,75,75,75,75,75,75,75,75,75,75,75,75,75,75,75,75,75,75,75,75,75,75,75],"card_choices":[{"not_picked":["Barrage","Sunder"],"picked":"Steam","floor":1.0},{"not_picked":["Rip and Tear","Hello World"],"picked":"Coolheaded","floor":2.0},{"not_picked":["Hello World","Darkness"],"picked":"Conserve Battery","floor":5.0},{"not_picked":["Redo","Glacier"],"picked":"Defragment","floor":7.0},{"not_picked":["Go for the Eyes","Ball Lightning"],"picked":"Barrage","floor":11.0},{"not_picked":["Core Surge","Undo"],"picked":"Conserve Battery","floor":13.0},{"not_picked":["Auto Shields","Conserve Battery"],"picked":"Defragment","floor":14.0},{"not_picked":["Amplify","All For One"],"picked":"Echo Form","floor":16.0},{"not_picked":["Coolheaded","Go for the Eyes+1"],"picked":"Defragment+1","floor":18.0},{"not_picked":["Sunder","Rebound"],"picked":"Steam","floor":23.0},{"not_picked":["Beam Cell","Streamline+1","Rebound"],"picked":"SKIP","floor":27.0},{"not_picked":["Gash","Reinforced Body+1"],"picked":"Hologram","floor":29.0},{"not_picked":["Sunder","FTL"],"picked":"Redo","floor":30.0},{"not_picked":["Go for the Eyes","Leap","Beam Cell+1"],"picked":"SKIP","floor":31.0},{"not_picked":["Fission","All For One"],"picked":"Amplify","floor":33.0},{"not_picked":["Sweeping Beam+1","Hologram"],"picked":"Barrage","floor":35.0},{"not_picked":["Aggregate","Gash","Streamline"],"picked":"SKIP","floor":37.0},{"not_picked":["Heatsinks","Streamline","Compile Driver"],"picked":"SKIP","floor":38},{"not_picked":["Doom and Gloom","Redo"],"picked":"Capacitor+1","floor":44}],"player_experience":875345,"relics_obtained":[{"floor":13.0,"key":"Potion Belt"},{"floor":23.0,"key":"Orichalcum"},{"floor":26.0,"key":"Ancient Tea Set"},{"floor":43,"key":"Blood Vial"}],"event_choices":[{"cards_removed":["Defend_B"],"damage_healed":0.0,"max_hp_gain":0.0,"max_hp_loss":0.0,"gold_gain":0.0,"event_name":"Golden Wing","player_choice":"Card Removal","floor":3.0,"gold_loss":0.0,"damage_taken":7.0},{"damage_healed":0.0,"max_hp_gain":0.0,"max_hp_loss":0.0,"gold_gain":0.0,"event_name":"The Woman in Blue","player_choice":"Bought 2 Potions","floor":4.0,"gold_loss":0.0,"damage_taken":0.0},{"damage_healed":0.0,"max_hp_gain":0.0,"max_hp_loss":0.0,"gold_gain":0.0,"event_name":"Big Fish","player_choice":"Box","floor":10.0,"gold_loss":0.0,"damage_taken":0.0,"relics_obtained":["Bronze Scales"],"cards_obtained":["Regret"]},{"damage_healed":0.0,"max_hp_gain":0.0,"max_hp_loss":0.0,"gold_gain":0.0,"event_name":"FaceTrader","player_choice":"Trade","floor":19.0,"gold_loss":0.0,"damage_taken":0.0,"relics_obtained":["GremlinMask"]},{"cards_removed":["Defend_B"],"damage_healed":0.0,"max_hp_gain":0.0,"max_hp_loss":0.0,"gold_gain":0.0,"event_name":"Beggar","player_choice":"Gave Gold","floor":22.0,"gold_loss":75.0,"damage_taken":0.0},{"damage_healed":0.0,"max_hp_gain":0.0,"max_hp_loss":0.0,"gold_gain":0.0,"event_name":"Back to Basics","player_choice":"Simplicity","floor":24.0,"gold_loss":0.0,"damage_taken":0.0,"cards_upgraded":["Strike_B","Strike_B","Strike_B","Strike_B","Defend_B","Defend_B"]},{"damage_healed":0.0,"max_hp_gain":0.0,"max_hp_loss":0.0,"gold_gain":0.0,"event_name":"Tomb of Lord Red Mask","player_choice":"Paid","floor":36.0,"gold_loss":0.0,"damage_taken":0.0,"relics_obtained":["Red Mask"]},{"damage_healed":0,"gold_gain":0,"player_choice":"Embrace Madness","damage_taken":9,"max_hp_gain":0,"max_hp_loss":0,"event_name":"Winding Halls","floor":39,"gold_loss":0,"cards_obtained":["Madness","Madness"]},{"cards_removed":["Strike_B"],"damage_healed":0,"gold_gain":0,"player_choice":"Purged","damage_taken":0,"max_hp_gain":0,"max_hp_loss":0,"event_name":"Purifier","floor":41,"gold_loss":0}],"is_beta":false,"boss_relics":[{"not_picked":["Astrolabe","Philosopher\u0027s Stone"],"picked":"Ectoplasm"},{"not_picked":["Eternal Feather","Lizard Tail"],"picked":"FrozenCore"}],"items_purged_floors":[20],"is_endless":false,"potions_floor_spawned":[2,5,7,13,23,29,37,38],"killed_by":"Reptomancer","ascension_level":0}