{"gold_per_floor":[109,123,36,47,74,109,109,127,127,127,127,160,35,46,46,117,117,131,46,46,46,46,46,46,46,46,46,65,65,75,88,88,166,166,181,199,219,119,133,133,164,164,164,197,207,217,217,236,236,236,236,236,236,78,111,111],"floor_reached":56,"playtime":1839,"items_purged":["Pain","Strike_R","Bash"],"score":1984,"play_id":"5662d51a-03c9-40b8-8be5-7c4dfc2eb848","local_time":"20190622140808","is_ascension_mode":true,"campfire_choices":[{"data":"Searing Blow","floor":7.0,"key":"SMITH"},{"data":"Searing Blow+1","floor":10.0,"key":"SMITH"},{"data":"Armaments","floor":15.0,"key":"SMITH"},{"data":"Searing Blow+2","floor":23.0,"key":"SMITH"},{"data":"Searing Blow+3","floor":25.0,"key":"SMITH"},{"data":"Searing Blow+4","floor":29.0,"key":"SMITH"},{"data":"Searing Blow+5","floor":32.0,"key":"SMITH"},{"data":"Searing Blow+6","floor":40.0,"key":"SMITH"},{"data":"Searing Blow+7","floor":42.0,"key":"SMITH"},{"floor":49.0,"key":"RECALL"},{"data":"Searing Blow+8","floor":53.0,"key":"SMITH"}],"neow_cost":"TEN_PERCENT_HP_LOSS","seed_source_timestamp":1721288772983236,"circlet_count":0,"master_deck":["AscendersBane","Strike_R","Defend_R","Defend_R","Defend_R","Defend_R","Searing Blow+9","Battle Trance","Seeing Red","Armaments+1","True Grit","Shrug It Off","Impervious","Evolve","Body Slam+1","Burning Pact","Feel No Pain+1"],"special_seed":0,"relics":["Burning Blood","PreservedInsect","Molten Egg 2","Question Card","WarpedTongs","Anchor","Busted Crown","Bag of Preparation","Paper Frog","Runic Cube","Smiling Mask","Pantograph","Letter Opener"],"potions_floor_usage":[56],"damage_taken":[{"damage":7.0,"enemies":"Cultist","floor":1.0,"turns":4.0},{"damage":10.0,"enemies":"2 Louse","floor":2.0,"turns":4.0},{"damage":10.0,"enemies":"Small Slimes","floor":4.0,"turns":3.0},{"damage":40.0,"enemies":"Lagavulin","floor":6.0,"turns":5.0},{"damage":12.0,"enemies":"Looter","floor":8.0,"turns":4.0},{"damage":10.0,"enemies":"Gremlin Nob","floor":12.0,"turns":3.0},{"damage":7.0,"enemies":"2 Fungi Beasts","floor":14.0,"turns":3.0},{"damage":23.0,"enemies":"Hexaghost","floor":16.0,"turns":8.0},{"damage":2.0,"enemies":"Chosen","floor":18.0,"turns":5.0},{"damage":4.0,"enemies":"3 Byrds","floor":28.0,"turns":6.0},{"damage":27.0,"enemies":"Cultist and Chosen","floor":30.0,"turns":6.0},{"damage":0.0,"enemies":"3 Cultists","floor":31.0,"turns":4.0},{"damage":0.0,"enemies":"Champ","floor":33.0,"turns":6.0},{"damage":3.0,"enemies":"3 Shapes","floor":35.0,"turns":6.0},{"damage":0.0,"enemies":"Orb Walker","floor":36.0,"turns":2.0},{"damage":11.0,"enemies":"Maw","floor":37.0,"turns":8.0},{"damage":0.0,"enemies":"Jaw Worm Horde","floor":39.0,"turns":3.0},{"damage":59.0,"enemies":"Reptomancer","floor":41.0,"turns":6.0},{"damage":6.0,"enemies":"Giant Head","floor":44.0,"turns":6.0},{"damage":4.0,"enemies":"Transient","floor":45.0,"turns":6.0},{"damage":0.0,"enemies":"4 Shapes","floor":46.0,"turns":4.0},{"damage":0.0,"enemies":"3 Darklings","floor":48.0,"turns":7.0},{"damage":18.0,"enemies":"Donu and Deca","floor":50.0,"turns":6.0},{"damage":28.0,"enemies":"Awakened One","floor":51.0,"turns":9.0},{"damage":0.0,"enemies":"Shield and Spear","floor":55.0,"turns":3.0},{"damage":77,"enemies":"The Heart","floor":56,"turns":8}],"seed_played":"4602808760908613632","potions_obtained":[{"floor":2.0,"key":"Regen Potion"},{"floor":6.0,"key":"Poison Potion"},{"floor":16.0,"key":"Poison Potion"},{"floor":18.0,"key":"PowerPotion"},{"floor":28.0,"key":"SpeedPotion"},{"floor":39.0,"key":"Weak Potion"},{"floor":41.0,"key":"Regen Potion"},{"floor":45.0,"key":"Block Potion"}],"is_trial":false,"path_per_floor":["M","M","$","M","T","E","R","M","T","R","?","E","$","M","R","B",null,"M","?","?","?","?","R","?","R","T","?","M","R","M","M","R","B",null,"M","M","M","$","M","R","E","R","T","E","M","M","?","M","R","B","B",null,"R","$","E","B"],"character_chosen":"IRONCLAD","items_purchased":["Battle Trance","Armaments","PowerPotion","Explosive Potion"],"campfire_rested":0,"item_purchase_floors":[3,13,54,54],"current_hp_per_floor":[67,63,63,59,59,37,37,31,31,31,31,27,27,26,26,9,53,57,57,38,38,38,38,38,38,38,38,40,40,19,25,25,31,63,66,72,67,67,73,73,20,20,20,20,37,43,43,49,49,61,51,68,68,68,73,0],"gold":111,"neow_bonus":"REMOVE_TWO","is_prod":false,"is_daily":false,"chose_seed":false,"campfire_upgraded":10,"win_rate":0,"timestamp":1561183688,"path_taken":["M","M","$","M","?","E","R","M","T","R","?","E","$","?","R","BOSS","M","?","?","?","?","R","?","R","T","?","M","R","M","M","R","BOSS","M","?","M","$","M","R","E","R","T","E","M","M","?","M","R","BOSS","BOSS","R","$","E","BOSS"],"build_version":"2019-01-23","purchased_purges":3,"victory":false,"max_hp_per_floor":[68,68,68,68,68,68,68,68,68,68,68,68,68,68,68,68,68,68,68,73,73,73,73,73,73,73,73,73,73,73,73,73,73,73,73,73,73,73,73,73,73,73,73,73,73,73,73,73,73,73,73,73,73,73,73,73],"card_choices":[{"not_picked":["Iron Wave","True Grit"],"picked":"Searing Blow","floor":1.0},{"not_picked":["Body Slam","Clothesline","Heavy Blade"],"picked":"SKIP","floor":2.0},{"not_picked":["Thunderclap","Entrench","Battle Trance"],"picked":"SKIP","floor":4.0},{"not_picked":["Thunderclap","Headbutt","Flex"],"picked":"SKIP","floor":6.0},{"not_picked":["Shrug It Off","Flex","Heavy Blade+1"],"picked":"SKIP","floor":8.0},{"not_picked":["Juggernaut","Infernal Blade","Pommel Strike+1"],"picked":"Seeing Red","floor":12.0},{"not_picked":["Sword Boomerang+1","Inflame","Corruption","Havoc"],"picked":"SKIP","floor":14.0},{"not_picked":["Headbutt+1","Dual Wield"],"picked":"SKIP","floor":18.0},{"not_picked":["Warcry","Clothesline+1"],"picked":"SKIP","floor":28.0},{"not_picked":["Warcry","Perfected Strike+1"],"picked":"SKIP","floor":30.0},{"not_picked":["True Grit+1"],"picked":"Shrug It Off","floor":31.0},{"not_picked":["Dark Embrace"],"picked":"Impervious","floor":33.0},{"not_picked":["Wild Strike+1"],"picked":"Evolve","floor":35.0},{"not_picked":["Clothesline+1","Entrench"],"picked":"SKIP","floor":36.0},{"not_picked":["Heavy Blade+1"],"picked":"Body Slam+1","floor":37.0},{"not_picked":["Clothesline+1"],"picked":"Burning Pact","floor":39.0},{"not_picked":["Pummel+1"],"picked":"Feel No Pain+1","floor":41.0},{"not_picked":["Armaments","Brutality"],"picked":"SKIP","floor":44.0},{"not_picked":["Shrug It Off","Burning Pact"],"picked":"SKIP","floor":45.0},{"not_picked":["Heavy Blade+1","Headbutt+1"],"picked":"SKIP","floor":46.0},{"not_picked":["Rupture+1","Iron Wave+1"],"picked":"SKIP","floor":48.0},{"not_picked":["Shrug It Off","Clash+1"],"picked":"SKIP","floor":55.0}],"player_experience":1969957,"relics_obtained":[{"floor":5.0,"key":"PreservedInsect"},{"floor":6.0,"key":"Molten Egg 2"},{"floor":9.0,"key":"Question Card"},{"floor":12.0,"key":"Anchor"},{"floor":26.0,"key":"Paper Frog"},{"floor":41.0,"key":"Smiling Mask"},{"floor":44.0,"key":"Pantograph"},{"floor":55.0,"key":"Letter Opener"}],"event_choices":[{"damage_healed":0.0,"max_hp_gain":0.0,"max_hp_loss":0.0,"gold_gain":0.0,"event_name":"Accursed Blacksmith","player_choice":"Rummage","floor":11.0,"gold_loss":0.0,"damage_taken":0.0,"relics_obtained":["WarpedTongs"],"cards_obtained":["Pain"]},{"damage_healed":0.0,"max_hp_gain":0.0,"max_hp_loss":0.0,"gold_gain":0.0,"event_name":"Addict","player_choice":"Obtained Relic","floor":19.0,"gold_loss":85.0,"damage_taken":0.0,"relics_obtained":["Bag of Preparation"]},{"damage_healed":0.0,"max_hp_gain":5.0,"max_hp_loss":0.0,"gold_gain":0.0,"event_name":"Forgotten Altar","player_choice":"Shed Blood","floor":20.0,"gold_loss":0.0,"damage_taken":24.0},{"damage_healed":0.0,"max_hp_gain":0.0,"max_hp_loss":0.0,"gold_gain":0.0,"event_name":"The Library","player_choice":"Read","floor":21.0,"gold_loss":0.0,"damage_taken":0.0,"cards_obtained":["True Grit"]},{"damage_healed":0.0,"max_hp_gain":0.0,"max_hp_loss":0.0,"gold_gain":0.0,"event_name":"The Mausoleum","player_choice":"Ignored","floor":22.0,"gold_loss":0.0,"damage_taken":0.0},{"damage_healed":0.0,"max_hp_gain":0.0,"max_hp_loss":0.0,"gold_gain":0.0,"event_name":"Beggar","player_choice":"Ignored","floor":24.0,"gold_loss":0.0,"damage_taken":0.0},{"cards_removed":["Strike_R"],"damage_healed":0.0,"max_hp_gain":0.0,"max_hp_loss":0.0,"gold_gain":0.0,"event_name":"Purifier","player_choice":"Purged","floor":27.0,"gold_loss":0.0,"damage_taken":0.0},{"damage_healed":0.0,"max_hp_gain":0.0,"max_hp_loss":0.0,"gold_gain":0.0,"event_name":"Tomb of Lord Red Mask","player_choice":"Ignored","floor":47.0,"gold_loss":0.0,"damage_taken":0.0}],"is_beta":false,"boss_relics":[{"not_picked":["Orrery","Philosopher\u0027s Stone"],"picked":"Busted Crown"},{"not_picked":["Fusion Hammer","White Beast Statue"],"picked":"Runic Cube"}],"items_purged_floors":[13,38,54],"is_endless":false,"potions_floor_spawned":[2,6,16,18,28,30,39,41,45],"killed_by":"The Heart","ascension_level":20}