{"gold_per_floor":[12,62,77,77,95,95,127,127,127,71,85,85,101,114,114,188,188,202,202,218,268,287,287,301,320,320,320,331,331,256,272,272,349,349,365,465,465,61,80,111,111,111,111,121,132,7,7,37,37,37,37,37,37,37,68,68],"floor_reached":57,"playtime":3000,"items_purged":["Melter","Defend_B","Defend_B"],"score":2603,"play_id":"b1109bbc-5ba5-4686-93b3-1c069ae14661","local_time":"20190602020636","is_ascension_mode":true,"campfire_choices":[{"data":"Fusion","floor":6.0,"key":"SMITH"},{"data":"Zap","floor":8.0,"key":"SMITH"},{"data":"Loop","floor":15.0,"key":"SMITH"},{"data":"Heatsinks","floor":23.0,"key":"SMITH"},{"data":"Defragment","floor":27.0,"key":"SMITH"},{"floor":29.0,"key":"REST"},{"data":"Recycle","floor":32.0,"key":"SMITH"},{"data":"Seek","floor":41.0,"key":"SMITH"},{"data":"Dualcast","floor":47.0,"key":"SMITH"},{"floor":49.0,"key":"RECALL"},{"data":"Finesse","floor":53.0,"key":"SMITH"}],"neow_cost":"NO_GOLD","seed_source_timestamp":10555742915920,"circlet_count":0,"master_deck":["AscendersBane","Zap+1","Dualcast+1","Conserve Battery","Fusion+1","Glacier+1","Tempest","Turbo","Heatsinks+1","Loop+1","Ball Lightning","Seek+1","Sunder","Defragment+1","Compile Driver","Recycle+1","Cold Snap","Multi-Cast+1","Coolheaded+1","Defragment+1","Defragment+1","Turbo+1","Flash of Steel","Finesse+1","Heatsinks+1","Heatsinks+1","Core Surge"],"special_seed":0,"relics":["Cracked Core","Ice Cream","Mummified Hand","Empty Cage","Frozen Egg 2","Runic Pyramid","Pocketwatch","PreservedInsect","Bottled Tornado","Smiling Mask","War Paint"],"potions_floor_usage":[],"damage_taken":[{"damage":4.0,"enemies":"Small Slimes","floor":1.0,"turns":5.0},{"damage":1.0,"enemies":"Cultist","floor":3.0,"turns":4.0},{"damage":5.0,"enemies":"2 Louse","floor":5.0,"turns":2.0},{"damage":18.0,"enemies":"Lagavulin","floor":7.0,"turns":7.0},{"damage":1.0,"enemies":"Exordium Wildlife","floor":11.0,"turns":5.0},{"damage":11.0,"enemies":"Red Slaver","floor":13.0,"turns":4.0},{"damage":2.0,"enemies":"Exordium Thugs","floor":14.0,"turns":4.0},{"damage":18.0,"enemies":"Hexaghost","floor":16.0,"turns":9.0},{"damage":5.0,"enemies":"Chosen","floor":18.0,"turns":5.0},{"damage":11.0,"enemies":"2 Thieves","floor":20.0,"turns":3.0},{"damage":4.0,"enemies":"Snake Plant","floor":22.0,"turns":3.0},{"damage":15.0,"enemies":"Chosen and Byrds","floor":24.0,"turns":5.0},{"damage":1.0,"enemies":"Snecko","floor":25.0,"turns":4.0},{"damage":0.0,"enemies":"Centurion and Healer","floor":28.0,"turns":6.0},{"damage":13.0,"enemies":"Snake Plant","floor":31.0,"turns":3.0},{"damage":27.0,"enemies":"Champ","floor":33.0,"turns":15.0},{"damage":0.0,"enemies":"Orb Walker","floor":35.0,"turns":3.0},{"damage":0.0,"enemies":"Mind Bloom Boss Battle","floor":36.0,"turns":4.0},{"damage":6.0,"enemies":"3 Shapes","floor":39.0,"turns":2.0},{"damage":2.0,"enemies":"Reptomancer","floor":40.0,"turns":4.0},{"damage":0.0,"enemies":"Sphere and 2 Shapes","floor":44.0,"turns":3.0},{"damage":0.0,"enemies":"Maw","floor":45.0,"turns":4.0},{"damage":4.0,"enemies":"Giant Head","floor":48.0,"turns":2.0},{"damage":22.0,"enemies":"Donu and Deca","floor":50.0,"turns":6.0},{"damage":19.0,"enemies":"Awakened One","floor":51.0,"turns":7.0},{"damage":26.0,"enemies":"Shield and Spear","floor":55.0,"turns":4.0},{"damage":18,"enemies":"The Heart","floor":56,"turns":8}],"seed_played":"2037106277940009350","potions_obtained":[{"floor":3.0,"key":"Poison Potion"},{"floor":7.0,"key":"GamblersBrew"},{"floor":11.0,"key":"Regen Potion"},{"floor":16.0,"key":"Explosive Potion"},{"floor":20.0,"key":"Swift Potion"},{"floor":24.0,"key":"Weak Potion"},{"floor":33.0,"key":"Block Potion"},{"floor":39.0,"key":"Block Potion"},{"floor":44.0,"key":"SteroidPotion"},{"floor":48.0,"key":"Weak Potion"}],"is_trial":false,"path_per_floor":["M","?","M","?","M","R","E","R","T","$","M","?","M","M","R","B",null,"M","?","M","?","M","R","M","M","T","R","M","R","$","M","R","B",null,"M","?","?","$","M","E","R","?","T","M","M","$","R","E","R","B","B",null,"R","$","E","B",null],"character_chosen":"DEFECT","items_purchased":["Turbo","Defragment+1","PreservedInsect","Swift Potion"],"campfire_rested":1,"item_purchase_floors":[10,38,38,38],"current_hp_per_floor":[60,53,52,52,47,47,29,29,29,29,28,33,22,20,20,17,61,56,56,45,45,41,41,26,25,25,25,25,47,47,34,34,7,59,59,59,59,59,53,51,51,46,46,46,46,46,46,42,42,20,1,57,57,57,31,13],"gold":68,"neow_bonus":"REMOVE_TWO","is_prod":false,"is_daily":false,"chose_seed":false,"campfire_upgraded":9,"win_rate":0,"timestamp":1559412396,"path_taken":["M","?","?","?","M","R","E","R","T","?","?","?","M","M","R","BOSS","M","?","M","?","M","R","M","M","T","R","?","R","$","M","R","BOSS","M","?","?","?","M","E","R","?","T","M","M","$","R","E","R","BOSS","BOSS","R","$","E","BOSS"],"build_version":"2019-01-23","purchased_purges":3,"victory":true,"max_hp_per_floor":[71,71,71,71,71,71,71,71,71,71,71,76,76,76,76,76,76,76,76,76,76,76,76,76,76,76,76,76,76,76,76,76,76,76,76,76,76,76,76,76,76,76,76,76,76,76,76,76,76,76,76,76,76,76,76,76],"card_choices":[{"not_picked":["Go for the Eyes","Steam Power"],"picked":"Conserve Battery","floor":1.0},{"not_picked":["Beam Cell","Redo"],"picked":"Fusion","floor":3.0},{"not_picked":["Chill","Go for the Eyes"],"picked":"Glacier","floor":5.0},{"not_picked":["Stack","Streamline"],"picked":"Tempest","floor":7.0},{"not_picked":["Conserve Battery","BootSequence"],"picked":"Heatsinks","floor":11.0},{"not_picked":["Gash","Reinforced Body"],"picked":"Loop","floor":13.0},{"not_picked":["Capacitor","Conserve Battery"],"picked":"Ball Lightning","floor":14.0},{"not_picked":["Thunder Strike","All For One"],"picked":"Seek","floor":16.0},{"not_picked":["Doom and Gloom","Ball Lightning"],"picked":"Sunder","floor":18.0},{"not_picked":["Steam+1","Steam Power"],"picked":"Defragment","floor":20.0},{"not_picked":["Fusion","Steam","Streamline"],"picked":"SKIP","floor":22.0},{"not_picked":["Rip and Tear","Darkness","Barrage"],"picked":"SKIP","floor":24.0},{"not_picked":["Lockon","Turbo"],"picked":"Compile Driver","floor":25.0},{"not_picked":["Leap+1","Gash"],"picked":"Recycle","floor":28.0},{"not_picked":["Beam Cell","Barrage"],"picked":"Cold Snap","floor":31.0},{"not_picked":["Amplify","Seek"],"picked":"Multi-Cast","floor":33.0},{"not_picked":["Steam Power","Streamline+1","Consume+1"],"picked":"SKIP","floor":35.0},{"not_picked":["Streamline","Gash"],"picked":"Coolheaded+1","floor":36.0},{"not_picked":["White Noise","Cold Snap"],"picked":"Defragment+1","floor":39.0},{"not_picked":["Streamline","Reprogram"],"picked":"Turbo+1","floor":40.0},{"not_picked":["Dark Shackles","Discovery"],"picked":"Flash of Steel","floor":42.0},{"not_picked":["Good Instincts","Flash of Steel"],"picked":"Finesse","floor":42.0},{"not_picked":["Darkness","Static Discharge+1"],"picked":"Heatsinks+1","floor":44.0},{"not_picked":["Conserve Battery","Redo","Chaos"],"picked":"SKIP","floor":45.0},{"not_picked":["Tempest","Hello World+1"],"picked":"Heatsinks+1","floor":48.0},{"not_picked":["Barrage","Undo"],"picked":"Core Surge","floor":55.0}],"player_experience":1836983,"relics_obtained":[{"floor":7.0,"key":"Ice Cream"},{"floor":9.0,"key":"Mummified Hand"},{"floor":26.0,"key":"Frozen Egg 2"},{"floor":36.0,"key":"Pocketwatch"},{"floor":40.0,"key":"Bottled Tornado"},{"floor":48.0,"key":"Smiling Mask"},{"floor":55.0,"key":"War Paint"}],"event_choices":[{"damage_healed":0.0,"max_hp_gain":0.0,"max_hp_loss":0.0,"gold_gain":50.0,"event_name":"FaceTrader","player_choice":"Touch","floor":2.0,"gold_loss":0.0,"damage_taken":7.0},{"damage_healed":0.0,"max_hp_gain":0.0,"max_hp_loss":0.0,"gold_gain":0.0,"cards_transformed":["Strike_B"],"event_name":"Living Wall","player_choice":"Change","floor":4.0,"gold_loss":0.0,"damage_taken":0.0,"cards_obtained":["Melter"]},{"damage_healed":0.0,"max_hp_gain":5.0,"max_hp_loss":0.0,"gold_gain":0.0,"event_name":"Big Fish","player_choice":"Donut","floor":12.0,"gold_loss":0.0,"damage_taken":0.0},{"cards_removed":["Defend_B"],"damage_healed":0.0,"max_hp_gain":0.0,"max_hp_loss":0.0,"gold_gain":0.0,"event_name":"Back to Basics","player_choice":"Elegance","floor":19.0,"gold_loss":0.0,"damage_taken":0.0},{"damage_healed":0.0,"max_hp_gain":0.0,"max_hp_loss":0.0,"gold_gain":100.0,"event_name":"The Joust","player_choice":"Bet on Murderer","floor":21.0,"gold_loss":50.0,"damage_taken":0.0},{"damage_healed":0.0,"max_hp_gain":0.0,"max_hp_loss":0.0,"gold_gain":0.0,"event_name":"MindBloom","player_choice":"Fight","floor":36.0,"gold_loss":0.0,"damage_taken":0.0},{"damage_healed":0.0,"max_hp_gain":0.0,"max_hp_loss":0.0,"gold_gain":0.0,"event_name":"Mysterious Sphere","player_choice":"Ignored","floor":37.0,"gold_loss":0.0,"damage_taken":0.0},{"damage_healed":0.0,"max_hp_gain":0.0,"max_hp_loss":0.0,"gold_gain":0.0,"event_name":"SensoryStone","player_choice":"Memory 2","floor":42.0,"gold_loss":0.0,"damage_taken":5.0}],"is_beta":false,"boss_relics":[{"not_picked":["Eternal Feather","Velvet Choker"],"picked":"Empty Cage"},{"not_picked":["Snecko Eye","Lizard Tail"],"picked":"Runic Pyramid"}],"items_purged_floors":[30,38,46],"is_endless":false,"potions_floor_spawned":[3,7,11,16,18,20,24,33,39,44,48],"ascension_level":20}