{"gold_per_floor":[216,232,244,36,54,89,1,1,25,53,124,101,126,166,178,291,303,328,360,372,384,9,9,9,42,42,42,42,42,59,78,78,78],"floor_reached":33,"playtime":2806,"items_purged":[],"score":283,"play_id":"ba0cbb78-aac9-4064-8b9d-87b80f1cfdaa","local_time":"20190707221121","is_ascension_mode":false,"campfire_choices":[{"floor":8,"key":"REST"},{"floor":15,"key":"REST"},{"data":"Dual Wield","floor":23,"key":"SMITH"},{"floor":27,"key":"REST"},{"floor":32,"key":"REST"}],"neow_cost":"NONE","seed_source_timestamp":1538947880329700,"circlet_count":0,"master_deck":["Strike_R","Strike_R","Strike_R","Strike_R","Strike_R","Defend_R","Defend_R","Defend_R+1","Defend_R+1","Bash","Cleave","Clothesline","Heavy Blade","Flame Barrier","Flex","Hemokinesis","Spot Weakness","Inflame","Dual Wield+1","Heavy Blade","Berserk","Pommel Strike","Rage","Immolate","Havoc","Double Tap","Thunderclap+1"],"relics":["Burning Blood","HandDrill","War Paint","Strawberry","MawBank","Orichalcum","Omamori","Velvet Choker","Bronze Scales","Mummified Hand","MutagenicStrength","Nunchaku","Question Card"],"potions_floor_usage":[6,6,16,16,18,25,31],"damage_taken":[{"damage":4,"enemies":"2 Louse","floor":1,"turns":4},{"damage":6,"enemies":"Small Slimes","floor":2,"turns":3},{"damage":1,"enemies":"Cultist","floor":3,"turns":3},{"damage":10,"enemies":"3 Louse","floor":5,"turns":4},{"damage":38,"enemies":"3 Sentries","floor":6,"turns":8},{"damage":19,"enemies":"Gremlin Nob","floor":10,"turns":4},{"damage":21,"enemies":"Gremlin Nob","floor":11,"turns":5},{"damage":7,"enemies":"Blue Slaver","floor":13,"turns":4},{"damage":12,"enemies":"3 Sentries","floor":14,"turns":4},{"damage":81,"enemies":"The Guardian","floor":16,"turns":10},{"damage":10,"enemies":"Spheric Guardian","floor":18,"turns":4},{"damage":13,"enemies":"3 Byrds","floor":19,"turns":5},{"damage":37,"enemies":"Slavers","floor":25,"turns":4},{"damage":16,"enemies":"Centurion and Healer","floor":30,"turns":6},{"damage":14,"enemies":"Snecko","floor":31,"turns":4},{"damage":93,"enemies":"Automaton","floor":33,"turns":6}],"seed_played":"-1701339512964988424","potions_obtained":[{"floor":1,"key":"Ancient Potion"},{"floor":2,"key":"Fire Potion"},{"floor":6,"key":"Swift Potion"},{"floor":14,"key":"Swift Potion"},{"floor":16,"key":"PowerPotion"},{"floor":30,"key":"EssenceOfSteel"}],"is_trial":false,"path_per_floor":["M","M","M","$","M","E","$","R","T","E","?","?","M","E","R","B",null,"M","M","?","?","$","R","?","E","T","R","?","$","M","M","R","B"],"character_chosen":"IRONCLAD","items_purchased":["HandDrill","Flex","Hemokinesis","Immolate","Mummified Hand","Explosive Potion"],"campfire_rested":4,"item_purchase_floors":[4,7,7,22,22,22],"current_hp_per_floor":[80,80,80,80,76,44,44,68,75,62,47,68,67,61,87,12,87,83,76,59,59,59,59,59,28,28,55,55,55,45,37,64,0],"gold":78,"neow_bonus":"HUNDRED_GOLD","is_prod":false,"is_daily":false,"chose_seed":false,"campfire_upgraded":1,"win_rate":0.0,"timestamp":1562555481,"path_taken":["M","M","M","$","M","E","$","R","T","E","?","?","M","E","R","BOSS","M","M","?","?","$","R","?","E","T","R","?","?","M","M","R","BOSS"],"build_version":"2019-07-05","purchased_purges":0,"victory":false,"max_hp_per_floor":[80,80,80,80,80,80,80,80,87,87,87,87,87,87,87,87,87,87,87,92,92,92,92,92,92,92,92,92,92,92,92,92,92],"card_choices":[{"not_picked":["Disarm","Wild Strike"],"picked":"Cleave","floor":1},{"not_picked":["Iron Wave","Seeing Red"],"picked":"Clothesline","floor":2},{"not_picked":["Wild Strike","Second Wind"],"picked":"Heavy Blade","floor":3},{"not_picked":["Armaments","Body Slam"],"picked":"Flame Barrier","floor":5},{"not_picked":["True Grit","Burning Pact","Metallicize"],"picked":"SKIP","floor":6},{"not_picked":["Second Wind","Juggernaut"],"picked":"Spot Weakness","floor":10},{"not_picked":["Sword Boomerang","Warcry"],"picked":"Inflame","floor":11},{"not_picked":["Corruption","Rupture"],"picked":"Dual Wield","floor":13},{"not_picked":["Entrench","Pummel"],"picked":"Heavy Blade","floor":14},{"not_picked":["Juggernaut","Exhume"],"picked":"Berserk","floor":16},{"not_picked":["Sentinel","Pummel"],"picked":"Pommel Strike","floor":18},{"not_picked":["Headbutt","Perfected Strike"],"picked":"Rage","floor":19},{"not_picked":["Shrug It Off","Sentinel"],"picked":"Havoc","floor":25},{"not_picked":["Havoc","True Grit","Reckless Charge"],"picked":"Double Tap","floor":30},{"not_picked":["Havoc","Pommel Strike","Iron Wave"],"picked":"Thunderclap+1","floor":31}],"player_experience":50241,"relics_obtained":[{"floor":6,"key":"War Paint"},{"floor":9,"key":"Strawberry"},{"floor":10,"key":"MawBank"},{"floor":11,"key":"Orichalcum"},{"floor":14,"key":"Omamori"},{"floor":25,"key":"Nunchaku"},{"floor":26,"key":"Question Card"}],"event_choices":[{"damage_healed":0,"gold_gain":0,"player_choice":"Searched \u00272\u0027 times","damage_taken":0,"max_hp_gain":0,"max_hp_loss":0,"event_name":"Dead Adventurer","floor":11,"gold_loss":0},{"damage_healed":21,"gold_gain":0,"player_choice":"Healed","damage_taken":0,"max_hp_gain":0,"max_hp_loss":0,"event_name":"The Cleric","floor":12,"gold_loss":35},{"damage_healed":0,"gold_gain":0,"player_choice":"Shed Blood","damage_taken":22,"max_hp_gain":5,"max_hp_loss":0,"event_name":"Forgotten Altar","floor":20,"gold_loss":0},{"damage_healed":0,"gold_gain":0,"player_choice":"Opened","damage_taken":0,"relics_obtained":["Bronze Scales"],"max_hp_gain":0,"max_hp_loss":0,"event_name":"The Mausoleum","floor":21,"gold_loss":0},{"damage_healed":0,"gold_gain":0,"player_choice":"Inject Mutagens","damage_taken":0,"relics_obtained":["MutagenicStrength"],"max_hp_gain":0,"max_hp_loss":0,"event_name":"Drug Dealer","floor":24,"gold_loss":0},{"damage_healed":0,"gold_gain":0,"player_choice":"Ignored","damage_taken":0,"max_hp_gain":0,"max_hp_loss":0,"event_name":"Vampires","floor":28,"gold_loss":0}],"is_beta":false,"boss_relics":[{"not_picked":["Black Star","Sozu"],"picked":"Velvet Choker"}],"items_purged_floors":[],"is_endless":false,"potions_floor_spawned":[1,2,6,14,16,30],"killed_by":"Automaton","ascension_level":0}