{"gold_per_floor":[112,187,187,187,12,43,0,32,32,43,56,83,95,112,112,112],"floor_reached":16,"playtime":265,"items_purged":[],"score":340,"play_id":"3c733d6a-7476-4409-b671-8aaf35b0a54e","local_time":"20190524211329","is_ascension_mode":true,"campfire_choices":[{"data":"Sunder","floor":15,"key":"SMITH"}],"neow_cost":"NONE","seed_source_timestamp":8274722666238,"circlet_count":0,"master_deck":["AscendersBane","Strike_B+1","Strike_B+1","Strike_B","Strike_B","Defend_B","Defend_B","Defend_B","Defend_B","Zap","Dualcast","Cold Snap","Meteor Strike","Conserve Battery","Heatsinks","Sunder+1","White Noise","Seek","Ball Lightning","Self Repair"],"relics":["Cracked Core","NeowsBlessing","Lantern","Centennial Puzzle","Ornamental Fan","Smiling Mask"],"potions_floor_usage":[],"damage_taken":[{"damage":0,"enemies":"Small Slimes","floor":1,"turns":1},{"damage":0,"enemies":"3 Sentries","floor":6,"turns":1},{"damage":0,"enemies":"Gremlin Nob","floor":8,"turns":1},{"damage":0,"enemies":"2 Louse","floor":10,"turns":3},{"damage":0,"enemies":"Jaw Worm","floor":11,"turns":2},{"damage":30,"enemies":"3 Sentries","floor":12,"turns":7},{"damage":8,"enemies":"Red Slaver","floor":13,"turns":2},{"damage":1,"enemies":"Large Slime","floor":14,"turns":4},{"damage":10,"enemies":"The Guardian","floor":16,"turns":4}],"seed_played":"5897958258542445268","potions_obtained":[{"floor":6,"key":"LiquidBronze"},{"floor":10,"key":"EssenceOfSteel"}],"is_trial":false,"path_per_floor":["M","?","?","?","$","E","$","E","T","M","M","E","M","M","R","B"],"character_chosen":"DEFECT","items_purchased":["Meteor Strike","Heatsinks"],"campfire_rested":0,"item_purchase_floors":[5,7],"current_hp_per_floor":[64,53,32,55,55,55,55,55,55,55,55,25,17,16,16,6],"gold":112,"neow_bonus":"THREE_ENEMY_KILL","is_prod":false,"is_daily":false,"chose_seed":false,"campfire_upgraded":1,"win_rate":0,"timestamp":1558703609,"path_taken":["M","?","?","?","?","E","$","E","T","M","M","E","M","M","R","BOSS"],"build_version":"2019-01-23","purchased_purges":0,"victory":false,"max_hp_per_floor":[71,71,71,71,71,71,71,71,71,71,71,71,71,71,71,71],"card_choices":[{"not_picked":["Sweeping Beam","Leap"],"picked":"Cold Snap","floor":1},{"not_picked":["Blizzard","Reboot"],"picked":"Conserve Battery","floor":6},{"not_picked":["BootSequence","Steam"],"picked":"Sunder","floor":8},{"not_picked":["Steam","Compile Driver"],"picked":"White Noise","floor":10},{"not_picked":["Gash","Redo","Scrape"],"picked":"SKIP","floor":11},{"not_picked":["Redo","Go for the Eyes"],"picked":"Seek","floor":12},{"not_picked":["Steam Power","Cold Snap"],"picked":"Ball Lightning","floor":13},{"not_picked":["Streamline","Lockon"],"picked":"Self Repair","floor":14}],"player_experience":1765123,"relics_obtained":[{"floor":6,"key":"Lantern"},{"floor":8,"key":"Centennial Puzzle"},{"floor":9,"key":"Ornamental Fan"},{"floor":12,"key":"Smiling Mask"}],"event_choices":[{"damage_healed":0,"gold_gain":75,"player_choice":"Gather Gold","damage_taken":11,"max_hp_gain":0,"max_hp_loss":0,"event_name":"World of Goop","floor":2,"gold_loss":0},{"damage_healed":0,"gold_gain":0,"player_choice":"Entered Light","damage_taken":21,"max_hp_gain":0,"max_hp_loss":0,"event_name":"Shining Light","floor":3,"gold_loss":0,"cards_upgraded":["Strike_B","Strike_B"]},{"damage_healed":23,"gold_gain":0,"player_choice":"Banana","damage_taken":0,"max_hp_gain":0,"max_hp_loss":0,"event_name":"Big Fish","floor":4,"gold_loss":0}],"is_beta":false,"boss_relics":[],"items_purged_floors":[],"is_endless":false,"potions_floor_spawned":[6,10,11,14],"killed_by":"The Guardian","ascension_level":20}