{"gold_per_floor":[112,129,129,147,72,72,42,56,56,86,101,130,130,156,156,230,230,240,240,240,155,74,74,93,93,169,198,148,71,89,105,105,179,179,198,65,65,82,82,82,117,117,117,136,61,80,113,125,125,125,125,125,125,50,80,80],"floor_reached":56,"playtime":2398,"items_purged":["Strike_B"],"score":1986,"play_id":"991592ed-8ae7-4f50-86a7-595f0be13f8c","local_time":"20190719170517","is_ascension_mode":true,"campfire_choices":[{"data":"Zap","floor":6.0,"key":"SMITH"},{"data":"Defragment","floor":15.0,"key":"SMITH"},{"data":"Coolheaded","floor":23.0,"key":"SMITH"},{"floor":25.0,"key":"REST"},{"data":"Blizzard","floor":32.0,"key":"SMITH"},{"data":"Defragment","floor":40.0,"key":"SMITH"},{"data":"Loop","floor":42.0,"key":"SMITH"},{"floor":49.0,"key":"RECALL"},{"data":"Dualcast","floor":53.0,"key":"SMITH"}],"neow_cost":"NONE","seed_source_timestamp":81651588512886,"circlet_count":0,"master_deck":["AscendersBane","Defend_B","Defend_B+1","Defend_B","Defend_B","Zap+1","Dualcast+1","White Noise","Tempest","Cold Snap","Lockon","Coolheaded+1","Defragment+1","Loop+1","Fission+1","Fusion+1","Skim+1","Defragment+1","Glacier+1","Hologram+1","Blizzard+1","Coolheaded+1","Meteor Strike","Double Energy+1","Turbo+1","Defragment+1","Compile Driver","Purity+1","Impatience+1","Meteor Strike","Hologram+1","Undo+1","Capacitor","BootSequence+1"],"special_seed":0,"relics":["Cracked Core","NeowsBlessing","Sundial","Bag of Preparation","Pantograph","Toxic Egg 2","Empty Cage","Vajra","Pear","Meat on the Bone","Coffee Dripper","Centennial Puzzle","Mango","Darkstone Periapt","Happy Flower","Bottled Tornado"],"potions_floor_usage":[],"damage_taken":[{"damage":0.0,"enemies":"Small Slimes","floor":1.0,"turns":1.0},{"damage":0.0,"enemies":"2 Louse","floor":2.0,"turns":1.0},{"damage":0.0,"enemies":"Cultist","floor":4.0,"turns":1.0},{"damage":6.0,"enemies":"Looter","floor":8.0,"turns":3.0},{"damage":11.0,"enemies":"Gremlin Nob","floor":10.0,"turns":3.0},{"damage":16.0,"enemies":"Lots of Slimes","floor":11.0,"turns":4.0},{"damage":12.0,"enemies":"Lagavulin","floor":12.0,"turns":6.0},{"damage":4.0,"enemies":"Gremlin Nob","floor":14.0,"turns":3.0},{"damage":22.0,"enemies":"The Guardian","floor":16.0,"turns":12.0},{"damage":16.0,"enemies":"3 Byrds","floor":18.0,"turns":5.0},{"damage":17.0,"enemies":"2 Thieves","floor":24.0,"turns":4.0},{"damage":9.0,"enemies":"Book of Stabbing","floor":27.0,"turns":7.0},{"damage":0.0,"enemies":"Chosen and Byrds","floor":30.0,"turns":7.0},{"damage":1.0,"enemies":"Snecko","floor":31.0,"turns":6.0},{"damage":64.0,"enemies":"Champ","floor":33.0,"turns":10.0},{"damage":1.0,"enemies":"Orb Walker","floor":35.0,"turns":3.0},{"damage":0.0,"enemies":"3 Darklings","floor":38.0,"turns":3.0},{"damage":0.0,"enemies":"Nemesis","floor":41.0,"turns":3.0},{"damage":0.0,"enemies":"Sphere and 2 Shapes","floor":44.0,"turns":1.0},{"damage":20.0,"enemies":"Maw","floor":46.0,"turns":4.0},{"damage":50.0,"enemies":"Reptomancer","floor":47.0,"turns":5.0},{"damage":1.0,"enemies":"Jaw Worm Horde","floor":48.0,"turns":6.0},{"damage":9.0,"enemies":"Awakened One","floor":50.0,"turns":6.0},{"damage":36.0,"enemies":"Time Eater","floor":51.0,"turns":14.0},{"damage":40.0,"enemies":"Shield and Spear","floor":55.0,"turns":5.0},{"damage":72,"enemies":"The Heart","floor":56,"turns":5}],"seed_played":"-6153909202954576442","potions_obtained":[{"floor":1.0,"key":"SteroidPotion"},{"floor":2.0,"key":"FearPotion"},{"floor":12.0,"key":"FocusPotion"},{"floor":14.0,"key":"Dexterity Potion"},{"floor":16.0,"key":"Swift Potion"},{"floor":30.0,"key":"SkillPotion"},{"floor":35.0,"key":"Weak Potion"},{"floor":38.0,"key":"Regen Potion"},{"floor":48.0,"key":"Block Potion"}],"is_trial":false,"path_per_floor":["M","M","?","M","?","R","$","M","T","E","M","E","?","E","R","B",null,"M","?","?","?","$","R","M","R","T","E","?","$","M","M","R","B",null,"M","$","?","M","?","R","E","R","T","M","$","M","E","M","R","B","B",null,"R","$","E","B"],"character_chosen":"DEFECT","items_purchased":["Cold Snap","Defragment","Blizzard","Turbo+1","Defragment","Undo+1"],"campfire_rested":1,"item_purchase_floors":[7,22,29,36,36,45],"current_hp_per_floor":[64,64,69,69,69,69,69,63,63,52,36,24,6,2,2,5,58,42,42,20,20,20,20,3,27,37,28,28,28,40,51,51,24,74,73,73,73,73,68,68,82,82,82,82,82,62,36,47,47,63,64,95,95,95,55,8],"gold":80,"neow_bonus":"THREE_ENEMY_KILL","is_prod":false,"is_daily":false,"chose_seed":false,"campfire_upgraded":7,"win_rate":0,"timestamp":1563527117,"path_taken":["M","M","?","M","?","R","$","M","T","E","M","E","?","E","R","BOSS","M","?","?","?","$","R","M","R","T","E","?","$","?","M","R","BOSS","M","$","?","?","?","R","E","R","T","M","$","M","E","M","R","BOSS","BOSS","R","$","E","BOSS"],"build_version":"2019-07-17","purchased_purges":1,"victory":false,"max_hp_per_floor":[71,71,76,76,76,76,76,76,76,76,76,76,76,76,76,76,76,76,76,81,81,81,81,81,81,91,91,91,91,91,91,91,91,91,91,91,91,91,91,91,105,105,105,105,105,105,105,105,105,105,105,105,105,105,105,105],"card_choices":[{"not_picked":["Streamline","FTL"],"picked":"White Noise","floor":1.0},{"not_picked":["Leap","White Noise"],"picked":"Tempest","floor":2.0},{"not_picked":["Leap","Redo","Sweeping Beam"],"picked":"SKIP","floor":4.0},{"not_picked":["Barrage","Stack"],"picked":"Lockon","floor":8.0},{"not_picked":["Gash","Auto Shields"],"picked":"Coolheaded","floor":10.0},{"not_picked":["Darkness","Coolheaded"],"picked":"Defragment","floor":11.0},{"not_picked":["Hello World","Melter","Static Discharge"],"picked":"SKIP","floor":12.0},{"not_picked":["Auto Shields","White Noise"],"picked":"Loop","floor":14.0},{"not_picked":["Meteor Strike","Electrodynamics"],"picked":"Fission+1","floor":16.0},{"not_picked":["Leap+1","Double Energy+1"],"picked":"Fusion+1","floor":18.0},{"not_picked":["Redo+1","Hologram+1"],"picked":"Glacier+1","floor":24.0},{"not_picked":["Melter","Go for the Eyes"],"picked":"Hologram+1","floor":27.0},{"not_picked":["Sunder","Chill+1"],"picked":"Coolheaded+1","floor":30.0},{"not_picked":["Gash","Steam Power+1","Ball Lightning"],"picked":"SKIP","floor":31.0},{"not_picked":["Hyperbeam","Machine Learning"],"picked":"Meteor Strike","floor":33.0},{"not_picked":["Streamline","Compile Driver"],"picked":"Double Energy+1","floor":35.0},{"not_picked":["Streamline+1","Cold Snap+1"],"picked":"Compile Driver","floor":38.0},{"not_picked":["Discovery+1","Dramatic Entrance"],"picked":"Purity+1","floor":39.0},{"not_picked":["Panacea+1","PanicButton+1"],"picked":"Impatience+1","floor":39.0},{"not_picked":["Compile Driver","Glacier+1"],"picked":"Meteor Strike","floor":41.0},{"not_picked":["Barrage+1","Loop"],"picked":"Hologram+1","floor":44.0},{"not_picked":["Scrape","Tempest+1"],"picked":"Capacitor","floor":46.0},{"not_picked":["Hello World","Lockon","Redo+1"],"picked":"SKIP","floor":47.0},{"not_picked":["FTL","Redo+1"],"picked":"BootSequence+1","floor":48.0},{"not_picked":["Rainbow+1","Compile Driver","Cold Snap"],"picked":"SKIP","floor":55.0}],"player_experience":2039665,"relics_obtained":[{"floor":10.0,"key":"Sundial"},{"floor":12.0,"key":"Bag of Preparation"},{"floor":14.0,"key":"Toxic Egg 2"},{"floor":26.0,"key":"Pear"},{"floor":27.0,"key":"Meat on the Bone"},{"floor":41.0,"key":"Mango"},{"floor":43.0,"key":"Darkstone Periapt"},{"floor":47.0,"key":"Happy Flower"},{"floor":55.0,"key":"Bottled Tornado"}],"event_choices":[{"damage_healed":0.0,"max_hp_gain":5.0,"max_hp_loss":0.0,"gold_gain":0.0,"event_name":"Big Fish","player_choice":"Donut","floor":3.0,"gold_loss":0.0,"damage_taken":0.0},{"cards_removed":["Strike_B"],"damage_healed":0.0,"max_hp_gain":0.0,"max_hp_loss":0.0,"gold_gain":0.0,"event_name":"The Cleric","player_choice":"Card Removal","floor":5.0,"gold_loss":75.0,"damage_taken":0.0},{"damage_healed":0.0,"max_hp_gain":0.0,"max_hp_loss":0.0,"gold_gain":0.0,"event_name":"Scrap Ooze","player_choice":"Success","floor":13.0,"gold_loss":0.0,"damage_taken":18.0,"relics_obtained":["Pantograph"]},{"damage_healed":0.0,"max_hp_gain":0.0,"max_hp_loss":0.0,"gold_gain":0.0,"event_name":"The Library","player_choice":"Read","floor":19.0,"gold_loss":0.0,"damage_taken":0.0,"cards_obtained":["Skim"]},{"damage_healed":0.0,"max_hp_gain":5.0,"max_hp_loss":0.0,"gold_gain":0.0,"event_name":"Forgotten Altar","player_choice":"Shed Blood","floor":20.0,"gold_loss":0.0,"damage_taken":27.0},{"damage_healed":0.0,"max_hp_gain":0.0,"max_hp_loss":0.0,"gold_gain":0.0,"event_name":"Addict","player_choice":"Obtained Relic","floor":21.0,"gold_loss":85.0,"damage_taken":0.0,"relics_obtained":["Vajra"]},{"damage_healed":0.0,"max_hp_gain":0.0,"max_hp_loss":0.0,"gold_gain":0.0,"event_name":"Designer","player_choice":"Upgraded Two","floor":28.0,"gold_loss":50.0,"damage_taken":0.0,"cards_upgraded":["Defragment","Defend_B"]},{"damage_healed":0.0,"max_hp_gain":0.0,"max_hp_loss":0.0,"gold_gain":0.0,"event_name":"WeMeetAgain","player_choice":"Gave Potion","floor":37.0,"gold_loss":0.0,"damage_taken":0.0,"relics_obtained":["Centennial Puzzle"]},{"damage_healed":0.0,"max_hp_gain":0.0,"max_hp_loss":0.0,"gold_gain":0.0,"event_name":"SensoryStone","player_choice":"Memory 2","floor":39.0,"gold_loss":0.0,"damage_taken":5.0}],"is_beta":false,"boss_relics":[{"not_picked":["Fusion Hammer","Snecko Eye"],"picked":"Empty Cage"},{"not_picked":["Busted Crown","Tiny House"],"picked":"Coffee Dripper"}],"items_purged_floors":[54],"is_endless":false,"potions_floor_spawned":[1,2,12,14,16,24,30,35,38,48],"killed_by":"The Heart","ascension_level":20}