{"gold_per_floor":[110,125,125,90,90,90,124,124,206,229,242,242,281,327,327,447,447,462,475,475,495,495,495,9,9,9,9,25,25,25,57,57,157,157,169,80,99,99],"floor_reached":38,"playtime":1760,"items_purged":[],"score":475,"play_id":"1cf08d5e-8cfc-4432-8ba7-c4ea781607ff","local_time":"20190210090527","is_ascension_mode":false,"campfire_choices":[{"data":"Blade Dance","floor":6.0,"key":"SMITH"},{"floor":8.0,"key":"REST"},{"data":"Cloak And Dagger","floor":12.0,"key":"SMITH"},{"floor":15.0,"key":"REST"},{"data":"Accuracy","floor":23.0,"key":"SMITH"},{"data":"1","floor":27.0,"key":"LIFT"},{"data":"2","floor":30.0,"key":"LIFT"},{"data":"Blade Dance","floor":32,"key":"SMITH"}],"neow_cost":"NONE","seed_source_timestamp":0,"circlet_count":0,"master_deck":["Defend_G","Defend_G","Defend_G","Defend_G","Strike_G","Strike_G","Strike_G","Strike_G","Strike_G","Survivor+1","Neutralize","Burst+1","Flying Knee+1","Blade Dance+1","Slice+1","Cloak And Dagger+1","Sucker Punch+1","Finisher+1","Corpse Explosion","Dodge and Roll+1","Accuracy+1","After Image","Blade Dance+1","After Image","Footwork","Accuracy"],"special_seed":0,"relics":["Ring of the Snake","Molten Egg 2","Bloody Idol","Omamori","The Courier","Meat on the Bone","War Paint","WristBlade","Girya","Paper Crane","PreservedInsect","Sling","Kunai","Sundial","HoveringKite"],"potions_floor_usage":[38],"damage_taken":[{"damage":4.0,"enemies":"Cultist","floor":1.0,"turns":6.0},{"damage":0.0,"enemies":"2 Louse","floor":2.0,"turns":3.0},{"damage":33.0,"enemies":"3 Sentries","floor":7.0,"turns":11.0},{"damage":6.0,"enemies":"Jaw Worm","floor":10.0,"turns":3.0},{"damage":0.0,"enemies":"2 Fungi Beasts","floor":11.0,"turns":3.0},{"damage":16.0,"enemies":"Lagavulin","floor":13.0,"turns":6.0},{"damage":0.0,"enemies":"Slime Boss","floor":16.0,"turns":7.0},{"damage":0.0,"enemies":"Spheric Guardian","floor":18.0,"turns":3.0},{"damage":0.0,"enemies":"Chosen","floor":19.0,"turns":6.0},{"damage":23.0,"enemies":"Sentry and Sphere","floor":21.0,"turns":6.0},{"damage":1.0,"enemies":"Chosen and Byrds","floor":28.0,"turns":4.0},{"damage":0,"enemies":"Book of Stabbing","floor":31,"turns":3},{"damage":14,"enemies":"Collector","floor":33,"turns":11},{"damage":34,"enemies":"3 Shapes","floor":35,"turns":2},{"damage":13,"enemies":"Orb Walker","floor":37,"turns":5},{"damage":0,"enemies":"Transient","floor":38,"turns":4}],"seed_played":"-1121993741889882038","potions_obtained":[{"floor":7.0,"key":"EssenceOfSteel"},{"floor":10.0,"key":"SteroidPotion"},{"floor":13.0,"key":"Fire Potion"},{"floor":21.0,"key":"Poison Potion"},{"floor":28.0,"key":"GamblersBrew"},{"floor":31,"key":"SpeedPotion"},{"floor":37,"key":"Block Potion"}],"is_trial":false,"path_per_floor":["M","M","?","?","?","R","E","R","T","M","M","R","E","T","R","B",null,"M","M","?","M","?","R","$","?","T","R","M","$","R","E","R","B",null,"M","$","M","M"],"character_chosen":"THE_SILENT","items_purchased":["Paper Crane","PreservedInsect","Sling","Footwork","Accuracy"],"campfire_rested":2,"item_purchase_floors":[24,24,24,36,36],"current_hp_per_floor":[66,66,54,70,65,65,32,51,51,45,45,45,29,29,48,48,65,65,65,65,42,42,42,42,42,42,42,46,46,46,51,51,42,65,48,48,40,40],"gold":99,"neow_bonus":"TRANSFORM_CARD","is_prod":false,"is_daily":false,"chose_seed":false,"campfire_upgraded":4,"win_rate":0,"timestamp":1549807527,"path_taken":["M","?","?","?","?","R","E","R","T","M","M","R","E","?","R","BOSS","M","M","?","M","?","R","$","?","T","R","?","$","R","E","R","BOSS","M","$","M","?"],"build_version":"2019-01-23","purchased_purges":0,"victory":false,"max_hp_per_floor":[70,70,70,70,65,65,65,65,65,65,65,65,65,65,65,65,65,65,65,65,65,65,65,65,65,65,65,65,65,65,65,65,65,65,65,65,65,65],"card_choices":[{"not_picked":["Infinite Blades","Leg Sweep"],"picked":"Flying Knee","floor":1.0},{"not_picked":["Catalyst","Dagger Throw"],"picked":"Blade Dance","floor":2.0},{"not_picked":["Poisoned Stab+1","Concentrate"],"picked":"Slice+1","floor":7.0},{"not_picked":["Distraction","Backflip"],"picked":"Cloak And Dagger","floor":10.0},{"not_picked":["Escape Plan","Underhanded Strike+1"],"picked":"Sucker Punch+1","floor":11.0},{"not_picked":["After Image","Dodge and Roll"],"picked":"Finisher+1","floor":13.0},{"not_picked":["Burst","Storm of Steel"],"picked":"Corpse Explosion","floor":16.0},{"not_picked":["Distraction","Acrobatics+1"],"picked":"Dodge and Roll+1","floor":18.0},{"not_picked":["Deadly Poison","Deflect+1"],"picked":"Accuracy","floor":19.0},{"not_picked":["PiercingWail","Calculated Gamble","Escape Plan"],"picked":"SKIP","floor":21.0},{"not_picked":["Acrobatics+1","Dodge and Roll"],"picked":"After Image","floor":28.0},{"not_picked":["Quick Slash+1","Bane+1"],"picked":"Blade Dance","floor":31},{"not_picked":["Envenom","Unload+1"],"picked":"After Image","floor":33},{"not_picked":["PiercingWail+1","Prepared","Poisoned Stab+1"],"picked":"SKIP","floor":35},{"not_picked":["Sucker Punch+1","Flying Knee+1","Prepared+1"],"picked":"SKIP","floor":37}],"player_experience":562256,"relics_obtained":[{"floor":7.0,"key":"Omamori"},{"floor":9.0,"key":"The Courier"},{"floor":13.0,"key":"Meat on the Bone"},{"floor":14.0,"key":"War Paint"},{"floor":26.0,"key":"Kunai"},{"floor":31,"key":"Sundial"}],"event_choices":[{"damage_healed":0.0,"max_hp_gain":0.0,"max_hp_loss":0.0,"gold_gain":0.0,"event_name":"Scrap Ooze","player_choice":"Success","floor":3.0,"gold_loss":0.0,"damage_taken":12.0,"relics_obtained":["Molten Egg 2"]},{"damage_healed":17.0,"max_hp_gain":0.0,"max_hp_loss":0.0,"gold_gain":0.0,"event_name":"The Cleric","player_choice":"Healed","floor":4.0,"gold_loss":35.0,"damage_taken":0.0},{"damage_healed":0.0,"max_hp_gain":0.0,"max_hp_loss":5.0,"gold_gain":0.0,"event_name":"Golden Idol","player_choice":"Lose Max HP","floor":5.0,"gold_loss":0.0,"damage_taken":0.0,"relics_obtained":["Golden Idol"]},{"damage_healed":0.0,"max_hp_gain":0.0,"max_hp_loss":0.0,"gold_gain":0.0,"event_name":"The Mausoleum","player_choice":"Opened","floor":20.0,"gold_loss":0.0,"damage_taken":0.0,"relics_obtained":["Girya"]},{"damage_healed":0.0,"max_hp_gain":0.0,"max_hp_loss":0.0,"gold_gain":0.0,"event_name":"Forgotten Altar","player_choice":"Gave Idol","floor":22.0,"relics_lost":["Golden Idol"],"gold_loss":0.0,"damage_taken":0.0,"relics_obtained":["Bloody Idol"]},{"damage_healed":0.0,"max_hp_gain":0.0,"max_hp_loss":0.0,"gold_gain":0.0,"event_name":"Upgrade Shrine","player_choice":"Upgraded","floor":25.0,"gold_loss":0.0,"damage_taken":0.0,"cards_upgraded":["Flying Knee"]}],"is_beta":false,"boss_relics":[{"not_picked":["Pandora\u0027s Box","Empty Cage"],"picked":"WristBlade"},{"not_picked":["Lizard Tail","Runic Pyramid"],"picked":"HoveringKite"}],"items_purged_floors":[],"is_endless":false,"potions_floor_spawned":[7,10,13,21,28,31,37],"killed_by":"Transient","ascension_level":0}