{"gold_per_floor":[117,117,137,154,124,124,136,136,136,151,151,18,38,56,56,157,207,222,240,251,251],"floor_reached":21,"playtime":2463,"items_purged":[],"score":175,"play_id":"82e47ec3-ad13-42aa-9785-c06b5d69f70c","local_time":"20190703103602","is_ascension_mode":false,"campfire_choices":[{"data":"Clothesline","floor":6,"key":"SMITH"},{"data":"Armaments","floor":8,"key":"SMITH"},{"data":"Flex","floor":11,"key":"SMITH"},{"data":"Pommel Strike","floor":15,"key":"SMITH"}],"neow_cost":"NONE","seed_source_timestamp":1151971088675500,"circlet_count":0,"master_deck":["Strike_R","Strike_R","Strike_R","Strike_R","Strike_R","Defend_R","Defend_R+1","Defend_R","Defend_R","Bash","Clothesline+1","Flex+1","Heavy Blade","Armaments+1","Iron Wave","Shrug It Off","PanicButton","Pommel Strike+1","Anger","Impervious","Cleave","Cleave","Flex","Pommel Strike"],"relics":["Burning Blood","Peace Pipe","Girya","Tiny House"],"potions_floor_usage":[16,19,19,21],"damage_taken":[{"damage":10,"enemies":"Jaw Worm","floor":1,"turns":6},{"damage":0,"enemies":"2 Louse","floor":3,"turns":6},{"damage":0,"enemies":"Cultist","floor":4,"turns":3},{"damage":8,"enemies":"Gremlin Gang","floor":7,"turns":5},{"damage":2,"enemies":"Looter","floor":10,"turns":4},{"damage":7,"enemies":"Blue Slaver","floor":13,"turns":5},{"damage":0,"enemies":"Red Slaver","floor":14,"turns":4},{"damage":61,"enemies":"Hexaghost","floor":16,"turns":13},{"damage":5,"enemies":"Chosen","floor":18,"turns":4},{"damage":17,"enemies":"2 Thieves","floor":19,"turns":5},{"damage":58,"enemies":"Sentry and Sphere","floor":20,"turns":8},{"damage":42,"enemies":"Centurion and Healer","floor":21,"turns":10}],"seed_played":"-5525649323272160325","potions_obtained":[{"floor":4,"key":"Explosive Potion"},{"floor":5,"key":"Block Potion"},{"floor":5,"key":"LiquidBronze"},{"floor":17,"key":"SteroidPotion"}],"is_trial":false,"path_per_floor":["M","?","M","M","?","R","M","R","T","M","R","$","M","M","R","B",null,"M","M","M","M"],"character_chosen":"IRONCLAD","items_purchased":["Shrug It Off","PanicButton"],"campfire_rested":0,"item_purchase_floors":[12,12],"current_hp_per_floor":[84,72,78,84,84,84,82,82,82,86,86,86,85,88,88,33,93,93,82,30,0],"gold":251,"neow_bonus":"TEN_PERCENT_HP_BONUS","is_prod":false,"is_daily":false,"chose_seed":false,"campfire_upgraded":4,"win_rate":0.0,"timestamp":1562168162,"path_taken":["M","?","M","M","?","R","M","R","T","M","R","$","M","?","R","BOSS","M","M","?","M"],"build_version":"2019-07-01","purchased_purges":0,"victory":false,"max_hp_per_floor":[88,88,88,88,88,88,88,88,88,88,88,88,88,88,88,88,93,93,93,93,93],"card_choices":[{"not_picked":["Flex","Warcry"],"picked":"Clothesline","floor":1},{"not_picked":["True Grit","Combust"],"picked":"Flex","floor":3},{"not_picked":["Flex","True Grit"],"picked":"Heavy Blade","floor":4},{"not_picked":["Rupture","Clothesline"],"picked":"Armaments","floor":7},{"not_picked":["Twin Strike","Armaments"],"picked":"Iron Wave","floor":10},{"not_picked":["Reckless Charge","Body Slam"],"picked":"Pommel Strike","floor":13},{"not_picked":["Cleave","Sword Boomerang"],"picked":"Anger","floor":14},{"not_picked":["Barricade","Feed"],"picked":"Impervious","floor":16},{"not_picked":["Anger","Headbutt"],"picked":"Cleave","floor":17},{"not_picked":["Pummel","Dropkick"],"picked":"Cleave","floor":18},{"not_picked":["Ghostly Armor","Brutality"],"picked":"Flex","floor":19},{"not_picked":["Metallicize","Ghostly Armor"],"picked":"Pommel Strike","floor":20}],"player_experience":9578,"relics_obtained":[{"floor":9,"key":"Girya"}],"event_choices":[{"damage_healed":0,"gold_gain":0,"player_choice":"Success","damage_taken":12,"relics_obtained":["Peace Pipe"],"max_hp_gain":0,"max_hp_loss":0,"event_name":"Scrap Ooze","floor":2,"gold_loss":0},{"damage_healed":0,"gold_gain":0,"player_choice":"Bought 2 Potions","damage_taken":0,"max_hp_gain":0,"max_hp_loss":0,"event_name":"The Woman in Blue","floor":5,"gold_loss":0}],"is_beta":false,"boss_relics":[{"not_picked":["Eternal Feather","Runic Dome"],"picked":"Tiny House"}],"items_purged_floors":[],"is_endless":false,"potions_floor_spawned":[4,14,18],"killed_by":"Centurion and Healer","ascension_level":0}