{"gold_per_floor":[18,35,35,88,88,88,102,102,129,129,140,140,11,37,37,142,142,153,79,79,79,79,105,116,146,146,146,71,71,31,51,51,151,151,165,176,276,276,293,293,328,339,339,366,366,366,366,411,411,411],"floor_reached":51,"playtime":2153,"items_purged":["Regret"],"score":1021,"play_id":"cc79fccd-86ce-4f6f-9ec3-c3cf221866cb","local_time":"20190520120655","is_ascension_mode":true,"campfire_choices":[{"floor":6.0,"key":"DIG"},{"floor":8.0,"key":"DIG"},{"floor":10.0,"key":"DIG"},{"floor":12.0,"key":"DIG"},{"floor":15.0,"key":"DIG"},{"data":"Heavy Blade","floor":27.0,"key":"SMITH"},{"data":"Limit Break","floor":32.0,"key":"SMITH"},{"data":"Heavy Blade","floor":40.0,"key":"SMITH"},{"floor":47,"key":"DIG"},{"floor":49,"key":"DIG"}],"neow_cost":"NO_GOLD","seed_source_timestamp":1920089628739,"circlet_count":0,"master_deck":["Strike_R","Strike_R+1","Strike_R","Strike_R","Strike_R+1","Defend_R","Defend_R","Defend_R","Bash","Flex","Heavy Blade+1","Heavy Blade+1","Offering","Flex","Limit Break+1","Inflame+1","Ghostly","Ghostly","Ghostly","Ghostly","Ghostly","Metallicize+1","Writhe","Inflame+1","Flex","Metallicize+1","Dual Wield","Writhe"],"special_seed":0,"relics":["Burning Blood","Shovel","Frozen Egg 2","Bag of Preparation","Oddly Smooth Stone","Anchor","Dream Catcher","Whetstone","Pen Nib","Strawberry","Turnip","Busted Crown","Darkstone Periapt","Juzu Bracelet","Bottled Flame","Red Skull","Philosopher\u0027s Stone","Prayer Wheel","Mercury Hourglass","Potion Belt","Happy Flower","Kunai","Calipers","Pantograph"],"potions_floor_usage":[50,50,50],"damage_taken":[{"damage":11.0,"enemies":"Jaw Worm","floor":1.0,"turns":4.0},{"damage":5.0,"enemies":"Small Slimes","floor":2.0,"turns":3.0},{"damage":4.0,"enemies":"Cultist","floor":7.0,"turns":3.0},{"damage":5.0,"enemies":"3 Louse","floor":11.0,"turns":3.0},{"damage":30.0,"enemies":"3 Sentries","floor":14.0,"turns":6.0},{"damage":38.0,"enemies":"Hexaghost","floor":16.0,"turns":6.0},{"damage":14.0,"enemies":"Chosen","floor":18.0,"turns":5.0},{"damage":14.0,"enemies":"Book of Stabbing","floor":23.0,"turns":6.0},{"damage":0.0,"enemies":"Spheric Guardian","floor":24.0,"turns":5.0},{"damage":3.0,"enemies":"Gremlin Leader","floor":25.0,"turns":3.0},{"damage":8.0,"enemies":"Shelled Parasite and Fungi","floor":31.0,"turns":6.0},{"damage":45.0,"enemies":"Automaton","floor":33.0,"turns":7.0},{"damage":0.0,"enemies":"Orb Walker","floor":35.0,"turns":3.0},{"damage":1.0,"enemies":"3 Darklings","floor":36.0,"turns":6.0},{"damage":2.0,"enemies":"Mind Bloom Boss Battle","floor":37.0,"turns":6.0},{"damage":15.0,"enemies":"4 Shapes","floor":39.0,"turns":12.0},{"damage":29.0,"enemies":"Giant Head","floor":41.0,"turns":7.0},{"damage":1.0,"enemies":"Maw","floor":42.0,"turns":5.0},{"damage":6,"enemies":"Reptomancer","floor":44,"turns":4},{"damage":9,"enemies":"2 Orb Walkers","floor":48,"turns":4},{"damage":20,"enemies":"Awakened One","floor":50,"turns":9}],"seed_played":"-4123388348549162622","potions_obtained":[{"floor":11.0,"key":"SpeedPotion"},{"floor":14.0,"key":"SkillPotion"},{"floor":18.0,"key":"SteroidPotion"},{"floor":23.0,"key":"EntropicBrew"},{"floor":33.0,"key":"Poison Potion"},{"floor":39.0,"key":"SpeedPotion"},{"floor":42.0,"key":"Dexterity Potion"},{"floor":48,"key":"AttackPotion"}],"is_trial":false,"path_per_floor":["M","M","?","T","?","R","M","R","T","R","M","R","$","E","R","B",null,"M","$","?","?","?","E","M","E","T","R","?","?","$","M","R","B",null,"M","M","?","?","M","R","E","M","T","E","?","?","R","?","R","B",null],"character_chosen":"IRONCLAD","items_purchased":["Flex","Inflame+1","Inflame+1"],"campfire_rested":0,"item_purchase_floors":[13,19,30],"current_hp_per_floor":[75,76,76,76,76,76,78,78,78,78,79,79,79,62,62,30,73,65,65,71,46,40,32,38,41,41,41,41,47,47,45,45,11,42,48,52,52,52,43,43,20,25,25,25,25,44,44,41,41,44],"gold":411,"neow_bonus":"ONE_RARE_RELIC","is_prod":false,"is_daily":false,"chose_seed":false,"campfire_upgraded":3,"win_rate":0,"timestamp":1558368415,"path_taken":["M","M","?","?","?","R","?","R","T","R","M","R","$","E","R","BOSS","M","$","?","?","?","E","M","E","T","R","?","?","?","M","R","BOSS","M","M","?","?","M","R","E","M","T","E","?","?","R","?","R","BOSS"],"build_version":"2019-01-23","purchased_purges":1,"victory":true,"max_hp_per_floor":[80,80,80,80,80,80,80,80,80,80,80,80,80,87,87,87,87,87,87,93,46,46,46,46,46,46,46,46,52,52,52,52,52,52,52,52,52,52,52,52,52,52,52,52,52,58,58,58,58,58],"card_choices":[{"not_picked":["Shrug It Off","Warcry"],"picked":"Flex","floor":1.0},{"not_picked":["Body Slam","True Grit"],"picked":"Heavy Blade","floor":2.0},{"not_picked":["Anger","Headbutt"],"picked":"Heavy Blade","floor":7.0},{"not_picked":["Cleave","Entrench"],"picked":"Offering","floor":11.0},{"not_picked":["Uppercut","Headbutt","Intimidate"],"picked":"SKIP","floor":14.0},{"not_picked":["Offering","Juggernaut+1"],"picked":"Limit Break","floor":16.0},{"not_picked":["Thunderclap"],"picked":"SKIP","floor":18.0},{"not_picked":[],"picked":"Metallicize+1","floor":23.0},{"not_picked":["Flame Barrier+1"],"picked":"SKIP","floor":24.0},{"not_picked":["Impervious"],"picked":"SKIP","floor":25.0},{"not_picked":["Wild Strike"],"picked":"SKIP","floor":31.0},{"not_picked":[],"picked":"Flex","floor":35.0},{"not_picked":["Clothesline"],"picked":"SKIP","floor":36.0},{"not_picked":[],"picked":"Metallicize+1","floor":37.0},{"not_picked":[],"picked":"Dual Wield","floor":39.0},{"not_picked":["Thunderclap+1"],"picked":"SKIP","floor":39.0},{"not_picked":["Dual Wield"],"picked":"SKIP","floor":41.0},{"not_picked":["Anger+1"],"picked":"SKIP","floor":42.0},{"not_picked":["Feed"],"picked":"SKIP","floor":42.0},{"not_picked":["Hemokinesis"],"picked":"SKIP","floor":44}],"player_experience":1010382,"relics_obtained":[{"floor":4.0,"key":"Bag of Preparation"},{"floor":6.0,"key":"Oddly Smooth Stone"},{"floor":8.0,"key":"Anchor"},{"floor":9.0,"key":"Dream Catcher"},{"floor":10.0,"key":"Whetstone"},{"floor":12.0,"key":"Pen Nib"},{"floor":14.0,"key":"Strawberry"},{"floor":15.0,"key":"Turnip"},{"floor":23.0,"key":"Juzu Bracelet"},{"floor":25.0,"key":"Bottled Flame"},{"floor":37.0,"key":"Prayer Wheel"},{"floor":41.0,"key":"Mercury Hourglass"},{"floor":43.0,"key":"Potion Belt"},{"floor":44,"key":"Happy Flower"},{"floor":47,"key":"Kunai"},{"floor":48,"key":"Calipers"},{"floor":49,"key":"Pantograph"}],"event_choices":[{"damage_healed":0.0,"max_hp_gain":0.0,"max_hp_loss":0.0,"gold_gain":0.0,"event_name":"Big Fish","player_choice":"Box","floor":3.0,"gold_loss":0.0,"damage_taken":0.0,"relics_obtained":["Frozen Egg 2"],"cards_obtained":["Regret"]},{"damage_healed":0.0,"max_hp_gain":0.0,"max_hp_loss":0.0,"gold_gain":0.0,"event_name":"The Woman in Blue","player_choice":"Bought 0 Potions","floor":5.0,"gold_loss":0.0,"damage_taken":0.0},{"damage_healed":0.0,"max_hp_gain":0.0,"max_hp_loss":0.0,"gold_gain":0.0,"event_name":"Addict","player_choice":"Stole Relic","floor":20.0,"gold_loss":0.0,"damage_taken":0.0,"relics_obtained":["Darkstone Periapt"],"cards_obtained":["Shame"]},{"damage_healed":0.0,"max_hp_gain":0.0,"max_hp_loss":47.0,"gold_gain":0.0,"event_name":"Ghosts","player_choice":"Became a Ghost","floor":21.0,"gold_loss":0.0,"damage_taken":0.0,"cards_obtained":["Ghostly","Ghostly","Ghostly","Ghostly","Ghostly"]},{"damage_healed":0.0,"max_hp_gain":0.0,"max_hp_loss":0.0,"gold_gain":0.0,"event_name":"Knowing Skull","player_choice":"","floor":22.0,"potions_obtained":[],"gold_loss":0.0,"damage_taken":6.0,"cards_obtained":[]},{"cards_removed":["Shame"],"damage_healed":0.0,"max_hp_gain":0.0,"max_hp_loss":0.0,"gold_gain":0.0,"event_name":"Beggar","player_choice":"Gave Gold","floor":28.0,"gold_loss":75.0,"damage_taken":0.0},{"damage_healed":0.0,"max_hp_gain":0.0,"max_hp_loss":0.0,"gold_gain":0.0,"event_name":"The Mausoleum","player_choice":"Opened","floor":29.0,"gold_loss":0.0,"damage_taken":0.0,"relics_obtained":["Red Skull"],"cards_obtained":["Writhe"]},{"damage_healed":0.0,"max_hp_gain":0.0,"max_hp_loss":0.0,"gold_gain":0.0,"event_name":"MindBloom","player_choice":"Fight","floor":37.0,"gold_loss":0.0,"damage_taken":0.0},{"damage_healed":0.0,"max_hp_gain":0.0,"max_hp_loss":0.0,"gold_gain":0.0,"event_name":"SensoryStone","player_choice":"Memory 1","floor":38.0,"gold_loss":0.0,"damage_taken":0.0},{"cards_removed":["Defend_R"],"damage_healed":0,"gold_gain":0,"player_choice":"Removed Skill","damage_taken":0,"max_hp_gain":0,"max_hp_loss":0,"event_name":"Falling","floor":45,"gold_loss":0},{"damage_healed":13,"gold_gain":0,"player_choice":"Writhe","damage_taken":0,"max_hp_gain":0,"max_hp_loss":0,"event_name":"Winding Halls","floor":46,"gold_loss":0,"cards_obtained":["Writhe"]},{"damage_healed":0,"gold_gain":0,"player_choice":"Fight","damage_taken":0,"max_hp_gain":0,"max_hp_loss":0,"event_name":"Mysterious Sphere","floor":48,"gold_loss":0}],"is_beta":false,"boss_relics":[{"not_picked":["Empty Cage","Runic Dome"],"picked":"Busted Crown"},{"not_picked":["Orrery","Lizard Tail"],"picked":"Philosopher\u0027s Stone"}],"items_purged_floors":[13],"is_endless":false,"potions_floor_spawned":[11,14,18,23,33,39,42,48],"ascension_level":5}