{"gold_per_floor":[118,118,118,36,54,85,85,128,128,201,55,70,70,93,93,217,217,230,253,253,178,103,103,123,147,147,47,47,72,72,72],"floor_reached":31,"playtime":1304,"items_purged":["Injury","Clumsy"],"score":308,"play_id":"e3a5f2c2-65f5-4de5-9a23-b16564b07dfa","local_time":"20190511195147","is_ascension_mode":true,"campfire_choices":[{"data":"Noxious Fumes","floor":7,"key":"SMITH"},{"floor":13,"key":"REST"},{"data":"Bane","floor":15,"key":"SMITH"},{"floor":23,"key":"REST"},{"floor":28,"key":"REST"}],"neow_cost":"NONE","seed_source_timestamp":262322203633541,"circlet_count":0,"master_deck":["Defend_G","Defend_G+1","Defend_G+1","Defend_G","Strike_G","Strike_G","Strike_G","Strike_G","Strike_G","Survivor","Neutralize","Noxious Fumes+1","Footwork","Bane+1","Dodge and Roll","Blade Dance","Caltrops","Outmaneuver","A Thousand Cuts","Parasite","Accuracy","Skewer"],"relics":["Ring of the Snake","NeowsBlessing","Golden Idol","Bottled Tornado","Ancient Tea Set","Anchor","Snake Skull","Calling Bell","Lantern","Dodecahedron","Ice Cream","War Paint"],"potions_floor_usage":[8,16,16,18,24,31],"damage_taken":[{"damage":0,"enemies":"Jaw Worm","floor":1,"turns":1},{"damage":0,"enemies":"Small Slimes","floor":5,"turns":1},{"damage":0,"enemies":"Gremlin Nob","floor":6,"turns":1},{"damage":24,"enemies":"Lagavulin","floor":8,"turns":7},{"damage":5,"enemies":"3 Sentries","floor":10,"turns":7},{"damage":0,"enemies":"2 Louse","floor":12,"turns":2},{"damage":0,"enemies":"Looter","floor":14,"turns":3},{"damage":3,"enemies":"Slime Boss","floor":16,"turns":6},{"damage":27,"enemies":"2 Thieves","floor":18,"turns":5},{"damage":11,"enemies":"Chosen","floor":19,"turns":5},{"damage":27,"enemies":"Shelled Parasite and Fungi","floor":24,"turns":4},{"damage":5,"enemies":"Centurion and Healer","floor":25,"turns":7},{"damage":34,"enemies":"Sentry and Sphere","floor":29,"turns":7},{"damage":32,"enemies":"3 Cultists","floor":31,"turns":5}],"seed_played":"54594827936358486","potions_obtained":[{"floor":5,"key":"Energy Potion"},{"floor":10,"key":"SkillPotion"},{"floor":14,"key":"SkillPotion"},{"floor":16,"key":"FearPotion"},{"floor":19,"key":"FearPotion"},{"floor":29,"key":"EssenceOfSteel"}],"is_trial":false,"path_per_floor":["M","?","?","$","M","E","R","E","T","?","$","M","R","M","R","B",null,"M","M","?","?","$","R","M","M","T","$","R","M","?","M"],"character_chosen":"THE_SILENT","items_purchased":["Footwork","Snake Skull"],"campfire_rested":3,"item_purchase_floors":[4,11],"current_hp_per_floor":[70,63,63,63,63,63,63,39,39,34,34,34,55,55,55,52,70,43,32,32,32,32,53,26,21,21,21,42,8,31,0],"gold":72,"neow_bonus":"THREE_ENEMY_KILL","is_prod":false,"is_daily":false,"chose_seed":false,"campfire_upgraded":2,"win_rate":0,"timestamp":1557618707,"path_taken":["M","?","?","$","M","E","R","E","T","?","$","M","R","M","R","BOSS","M","M","?","?","$","R","M","M","T","$","R","M","?","?"],"build_version":"2019-01-23","purchased_purges":2,"victory":false,"max_hp_per_floor":[70,70,70,70,70,70,70,70,70,70,70,70,70,70,70,70,70,70,70,70,70,70,70,70,70,70,70,70,70,70,70],"card_choices":[{"not_picked":["PiercingWail","All Out Attack"],"picked":"Noxious Fumes","floor":1},{"not_picked":["Backflip","Calculated Gamble"],"picked":"Bane","floor":5},{"not_picked":["After Image","Terror"],"picked":"Dodge and Roll","floor":6},{"not_picked":["Quick Slash","Dodge and Roll"],"picked":"Blade Dance","floor":8},{"not_picked":["Bane","Underhanded Strike"],"picked":"Caltrops","floor":10},{"not_picked":["Underhanded Strike","Flying Knee","Deflect"],"picked":"SKIP","floor":12},{"not_picked":["Deflect","Setup"],"picked":"Outmaneuver","floor":14},{"not_picked":["Doppelganger","Wraith Form v2"],"picked":"A Thousand Cuts","floor":16},{"not_picked":["Sucker Punch","Dodge and Roll"],"picked":"Accuracy","floor":18},{"not_picked":["Terror","Poisoned Stab"],"picked":"Skewer","floor":19},{"not_picked":["Phantasmal Killer","Leg Sweep","Well Laid Plans"],"picked":"SKIP","floor":24},{"not_picked":["Prepared","Sucker Punch","Distraction"],"picked":"SKIP","floor":25},{"not_picked":["Deadly Poison+1","Deflect","Sucker Punch+1"],"picked":"SKIP","floor":29}],"player_experience":980466,"relics_obtained":[{"floor":6,"key":"Bottled Tornado"},{"floor":8,"key":"Ancient Tea Set"},{"floor":17,"key":"Lantern"},{"floor":17,"key":"Dodecahedron"},{"floor":17,"key":"Ice Cream"},{"floor":26,"key":"War Paint"}],"event_choices":[{"cards_removed":["Defend_G"],"damage_healed":0,"gold_gain":0,"player_choice":"Card Removal","damage_taken":7,"max_hp_gain":0,"max_hp_loss":0,"event_name":"Golden Wing","floor":2,"gold_loss":0},{"damage_healed":0,"gold_gain":0,"player_choice":"Take Wound","damage_taken":0,"relics_obtained":["Golden Idol"],"max_hp_gain":0,"max_hp_loss":0,"event_name":"Golden Idol","floor":3,"gold_loss":0,"cards_obtained":["Injury"]},{"damage_healed":0,"gold_gain":0,"player_choice":"Searched \u00272\u0027 times","damage_taken":0,"relics_obtained":["Anchor"],"max_hp_gain":0,"max_hp_loss":0,"event_name":"Dead Adventurer","floor":10,"gold_loss":0},{"damage_healed":0,"gold_gain":0,"player_choice":"Ignored","damage_taken":0,"max_hp_gain":0,"max_hp_loss":0,"event_name":"Cursed Tome","floor":20,"gold_loss":0},{"cards_removed":["Shame"],"damage_healed":0,"gold_gain":0,"player_choice":"Gave Gold","damage_taken":0,"max_hp_gain":0,"max_hp_loss":0,"event_name":"Beggar","floor":21,"gold_loss":75},{"damage_healed":23,"gold_gain":0,"player_choice":"Heal","damage_taken":0,"max_hp_gain":0,"max_hp_loss":0,"event_name":"The Library","floor":30,"gold_loss":0}],"is_beta":false,"boss_relics":[{"not_picked":["Runic Pyramid","Orrery"],"picked":"Calling Bell"}],"items_purged_floors":[22,27],"is_endless":false,"potions_floor_spawned":[5,10,14,16,19,29],"killed_by":"3 Cultists","ascension_level":3}