{"gold_per_floor":[117,117,117,87,99,99,127,52,106,126,143,143,60,71,71,142,142,153,153,78,95,110,110,138,158,158,158,58,58,88,108,108,179,179,194,69,79,129,149,174,194,228,254,285,285,302,332,257,257,257,257,257,257,50,78,78],"floor_reached":57,"playtime":2329,"items_purged":["Defend_G","Defend_G","Defend_G","Underhanded Strike"],"score":3695,"play_id":"bb10bcf7-157e-47a8-8b5a-1e12b757d745","local_time":"20190601230250","is_ascension_mode":true,"campfire_choices":[{"data":"Neutralize","floor":6.0,"key":"SMITH"},{"data":"Tactician","floor":15.0,"key":"SMITH"},{"data":"Footwork","floor":23.0,"key":"SMITH"},{"data":"Well Laid Plans","floor":32.0,"key":"SMITH"},{"data":"Backflip","floor":45.0,"key":"SMITH"},{"floor":49.0,"key":"RECALL"},{"data":"Blur","floor":53,"key":"SMITH"}],"neow_cost":"NONE","seed_source_timestamp":185044478458,"circlet_count":0,"master_deck":["AscendersBane","Survivor","Neutralize+1","Grand Finale+1","Terror+1","Backflip+1","Footwork+1","Acrobatics+1","Tactician+1","Blur+1","Well Laid Plans+1","After Image"],"special_seed":0,"relics":["Astrolabe","Prayer Wheel","Regal Pillow","Busted Crown","Gambling Chip","Kunai","Gremlin Horn","Blood Vial","Black Star","Sundial","Boot","Pantograph","Bottled Tornado","Centennial Puzzle","Singing Bowl","Letter Opener","Bottled Lightning","Ginger","Paper Crane"],"potions_floor_usage":[56,56],"damage_taken":[{"damage":6.0,"enemies":"2 Louse","floor":1.0,"turns":4.0},{"damage":6.0,"enemies":"Cultist","floor":5.0,"turns":5.0},{"damage":24.0,"enemies":"3 Sentries","floor":7.0,"turns":11.0},{"damage":2.0,"enemies":"Jaw Worm","floor":10.0,"turns":4.0},{"damage":3.0,"enemies":"2 Fungi Beasts","floor":11.0,"turns":3.0},{"damage":0.0,"enemies":"Red Slaver","floor":14.0,"turns":13.0},{"damage":0.0,"enemies":"The Guardian","floor":16.0,"turns":14.0},{"damage":0.0,"enemies":"3 Byrds","floor":18.0,"turns":5.0},{"damage":5.0,"enemies":"2 Thieves","floor":21.0,"turns":3.0},{"damage":0.0,"enemies":"Snake Plant","floor":22.0,"turns":5.0},{"damage":0.0,"enemies":"Book of Stabbing","floor":24.0,"turns":4.0},{"damage":0.0,"enemies":"Cultist and Chosen","floor":25.0,"turns":6.0},{"damage":0.0,"enemies":"Slavers","floor":30.0,"turns":1.0},{"damage":0.0,"enemies":"Centurion and Healer","floor":31.0,"turns":3.0},{"damage":0.0,"enemies":"Champ","floor":33.0,"turns":3.0},{"damage":10.0,"enemies":"3 Darklings","floor":35.0,"turns":4.0},{"damage":0.0,"enemies":"3 Shapes","floor":37.0,"turns":2.0},{"damage":0.0,"enemies":"Maw","floor":39.0,"turns":2.0},{"damage":0.0,"enemies":"Reptomancer","floor":40.0,"turns":3.0},{"damage":0.0,"enemies":"Spire Growth","floor":41.0,"turns":3.0},{"damage":0.0,"enemies":"Giant Head","floor":42.0,"turns":3.0},{"damage":0.0,"enemies":"Nemesis","floor":44.0,"turns":3.0},{"damage":8.0,"enemies":"3 Darklings","floor":46.0,"turns":2.0},{"damage":0.0,"enemies":"Reptomancer","floor":47.0,"turns":2.0},{"damage":0.0,"enemies":"Donu and Deca","floor":50.0,"turns":3.0},{"damage":0,"enemies":"Time Eater","floor":51,"turns":6},{"damage":18,"enemies":"Shield and Spear","floor":55,"turns":2},{"damage":0,"enemies":"The Heart","floor":56,"turns":6}],"seed_played":"4182518668218142954","potions_obtained":[{"floor":4.0,"key":"Regen Potion"},{"floor":4.0,"key":"PowerPotion"},{"floor":7.0,"key":"GhostInAJar"},{"floor":10.0,"key":"FearPotion"},{"floor":16.0,"key":"Dexterity Potion"},{"floor":18.0,"key":"Ancient Potion"},{"floor":31.0,"key":"GhostInAJar"},{"floor":41.0,"key":"Fire Potion"},{"floor":47.0,"key":"SpeedPotion"}],"is_trial":false,"path_per_floor":["M","?","?","?","M","R","E","?","T","M","M","?","$","M","R","B",null,"M","?","$","M","M","R","E","M","T","T","$","?","E","M","R","B",null,"M","$","M","?","M","E","M","E","T","E","R","M","E","?","R","B","B",null,"R","$","E","B",null],"character_chosen":"THE_SILENT","items_purchased":["Tactician","Block Potion"],"campfire_rested":0,"item_purchase_floors":[13,54],"current_hp_per_floor":[53,53,33,33,27,27,18,18,18,16,13,66,66,66,66,66,66,66,66,66,61,61,61,61,61,61,61,61,43,43,45,45,47,65,57,57,59,52,54,56,58,60,60,64,64,62,66,66,66,79,79,79,79,79,63,81],"gold":78,"neow_bonus":"BOSS_RELIC","is_prod":false,"is_daily":false,"chose_seed":false,"campfire_upgraded":6,"win_rate":0,"timestamp":1559401370,"path_taken":["M","?","?","?","?","R","E","?","T","M","M","?","$","?","R","BOSS","M","?","$","M","M","R","E","?","T","?","?","?","E","M","R","BOSS","M","$","M","?","M","E","?","E","T","E","R","M","E","?","R","BOSS","BOSS","R","$","E","BOSS"],"build_version":"2019-01-23","purchased_purges":4,"victory":true,"max_hp_per_floor":[66,66,66,66,66,66,66,66,66,66,66,66,66,66,66,66,66,66,66,66,66,66,66,66,66,66,66,66,71,71,71,71,71,71,71,71,71,71,71,71,71,71,71,73,73,77,79,79,79,79,79,79,79,79,81,81],"card_choices":[{"not_picked":["PiercingWail","Underhanded Strike","Accuracy"],"picked":"SKIP","floor":1.0},{"not_picked":["Flying Knee","Cloak And Dagger"],"picked":"Footwork","floor":5.0},{"not_picked":["Slice","Deadly Poison"],"picked":"Acrobatics","floor":7.0},{"not_picked":["Footwork","Doppelganger","Deadly Poison"],"picked":"SKIP","floor":10.0},{"not_picked":["All Out Attack","Footwork","Terror"],"picked":"SKIP","floor":10.0},{"not_picked":["Expertise","Poisoned Stab","Blade Dance"],"picked":"SKIP","floor":11.0},{"not_picked":["Cloak And Dagger","Bane","Choke"],"picked":"SKIP","floor":11.0},{"not_picked":["Leg Sweep","Tactician"],"picked":"Blur","floor":14.0},{"not_picked":["Slice","Riddle With Holes","Flying Knee"],"picked":"SKIP","floor":14.0},{"not_picked":["Setup"],"picked":"SKIP","floor":18.0},{"not_picked":["Backstab"],"picked":"SKIP","floor":18.0},{"not_picked":["Crippling Poison"],"picked":"SKIP","floor":21.0},{"not_picked":["Poisoned Stab"],"picked":"SKIP","floor":21.0},{"not_picked":["Acrobatics"],"picked":"SKIP","floor":22.0},{"not_picked":["Acrobatics"],"picked":"SKIP","floor":22.0},{"not_picked":[],"picked":"Well Laid Plans","floor":24.0},{"not_picked":["Catalyst"],"picked":"SKIP","floor":25.0},{"not_picked":["Cloak And Dagger"],"picked":"SKIP","floor":25.0},{"not_picked":["Acrobatics"],"picked":"SKIP","floor":30.0},{"not_picked":["Noxious Fumes"],"picked":"SKIP","floor":31.0},{"not_picked":["Glass Knife"],"picked":"SKIP","floor":31.0},{"not_picked":["Deadly Poison"],"picked":"SKIP","floor":35.0},{"not_picked":["Quick Slash"],"picked":"SKIP","floor":35.0},{"not_picked":["Leg Sweep"],"picked":"SKIP","floor":37.0},{"not_picked":["Underhanded Strike"],"picked":"SKIP","floor":37.0},{"not_picked":["PiercingWail"],"picked":"SKIP","floor":39.0},{"not_picked":["Cloak And Dagger+1"],"picked":"SKIP","floor":39.0},{"not_picked":["Cloak And Dagger"],"picked":"SKIP","floor":40.0},{"not_picked":["Prepared"],"picked":"SKIP","floor":41.0},{"not_picked":["Eviscerate+1"],"picked":"SKIP","floor":41.0},{"not_picked":["Deadly Poison+1"],"picked":"SKIP","floor":42.0},{"not_picked":["Noxious Fumes"],"picked":"Singing Bowl","floor":44.0},{"not_picked":["Flying Knee"],"picked":"Singing Bowl","floor":46.0},{"not_picked":["Noxious Fumes"],"picked":"Singing Bowl","floor":46.0},{"not_picked":["Deflect+1"],"picked":"Singing Bowl","floor":47.0},{"not_picked":["Sucker Punch"],"picked":"Singing Bowl","floor":55}],"player_experience":1831341,"relics_obtained":[{"floor":7.0,"key":"Prayer Wheel"},{"floor":9.0,"key":"Regal Pillow"},{"floor":24.0,"key":"Gambling Chip"},{"floor":26.0,"key":"Kunai"},{"floor":27.0,"key":"Gremlin Horn"},{"floor":30.0,"key":"Blood Vial"},{"floor":40.0,"key":"Sundial"},{"floor":40.0,"key":"Boot"},{"floor":42.0,"key":"Pantograph"},{"floor":42.0,"key":"Bottled Tornado"},{"floor":44.0,"key":"Centennial Puzzle"},{"floor":44.0,"key":"Singing Bowl"},{"floor":47.0,"key":"Letter Opener"},{"floor":47.0,"key":"Bottled Lightning"},{"floor":55,"key":"Ginger"},{"floor":55,"key":"Paper Crane"}],"event_choices":[{"damage_healed":0.0,"max_hp_gain":0.0,"max_hp_loss":0.0,"gold_gain":0.0,"cards_transformed":["Strike_G"],"event_name":"Living Wall","player_choice":"Change","floor":2.0,"gold_loss":0.0,"damage_taken":0.0,"cards_obtained":["Backflip"]},{"damage_healed":0.0,"max_hp_gain":0.0,"max_hp_loss":0.0,"gold_gain":0.0,"event_name":"Shining Light","player_choice":"Entered Light","floor":3.0,"gold_loss":0.0,"damage_taken":20.0,"cards_upgraded":["Strike_G","Defend_G"]},{"damage_healed":0.0,"max_hp_gain":0.0,"max_hp_loss":0.0,"gold_gain":0.0,"event_name":"The Woman in Blue","player_choice":"Bought 2 Potions","floor":4.0,"gold_loss":0.0,"damage_taken":0.0},{"cards_removed":["Strike_G"],"damage_healed":0.0,"max_hp_gain":0.0,"max_hp_loss":0.0,"gold_gain":0.0,"event_name":"The Cleric","player_choice":"Card Removal","floor":8.0,"gold_loss":75.0,"damage_taken":0.0},{"cards_removed":["Heel Hook"],"damage_healed":53.0,"max_hp_gain":0.0,"max_hp_loss":0.0,"gold_gain":0.0,"event_name":"Bonfire Elementals","player_choice":"Offered Uncommon","floor":12.0,"gold_loss":0.0,"damage_taken":0.0},{"damage_healed":0.0,"max_hp_gain":0.0,"max_hp_loss":0.0,"gold_gain":0.0,"event_name":"Accursed Blacksmith","player_choice":"Forge","floor":19.0,"gold_loss":0.0,"damage_taken":0.0,"cards_upgraded":["Acrobatics"]},{"damage_healed":0.0,"max_hp_gain":5.0,"max_hp_loss":0.0,"gold_gain":0.0,"event_name":"Forgotten Altar","player_choice":"Shed Blood","floor":29.0,"gold_loss":0.0,"damage_taken":23.0},{"damage_healed":0.0,"max_hp_gain":0.0,"max_hp_loss":0.0,"gold_gain":50.0,"event_name":"FaceTrader","player_choice":"Touch","floor":38.0,"gold_loss":0.0,"damage_taken":7.0},{"damage_healed":0.0,"max_hp_gain":0.0,"max_hp_loss":0.0,"gold_gain":0.0,"cards_transformed":["Defend_G","Defend_G"],"event_name":"Designer","player_choice":"Transformed Cards","floor":48.0,"gold_loss":75.0,"damage_taken":0.0,"cards_obtained":["After Image","Underhanded Strike"]}],"is_beta":false,"boss_relics":[{"not_picked":["Orrery","Philosopher\u0027s Stone"],"picked":"Busted Crown"},{"not_picked":["Eternal Feather","Velvet Choker"],"picked":"Black Star"}],"items_purged_floors":[20,28,36,54],"is_endless":false,"potions_floor_spawned":[7,10,16,18,31,33,35,41,47,55],"ascension_level":20}