{"gold_per_floor":[116,166,176,187,29,29,29,29,29,63,63,63,63,82,82,82],"floor_reached":16,"playtime":163,"items_purged":["Strike_B"],"score":196,"play_id":"d52c37de-b50d-4092-af32-6c78493d93a5","local_time":"20190601001350","is_ascension_mode":true,"campfire_choices":[{"data":"Chaos","floor":6,"key":"SMITH"},{"data":"Zap","floor":12,"key":"SMITH"},{"data":"Recycle","floor":15,"key":"SMITH"}],"neow_cost":"NONE","seed_source_timestamp":107480353401835,"circlet_count":0,"master_deck":["AscendersBane","Strike_B","Strike_B","Defend_B","Defend_B","Defend_B","Defend_B","Zap+1","Dualcast","Chill","Recycle+1","Chaos+1","Electrodynamics","Compile Driver"],"relics":["Cracked Core","NeowsBlessing","Blue Candle","Mercury Hourglass","Regal Pillow"],"potions_floor_usage":[],"damage_taken":[{"damage":0,"enemies":"2 Louse","floor":1,"turns":1},{"damage":0,"enemies":"Cultist","floor":3,"turns":1},{"damage":0,"enemies":"Small Slimes","floor":4,"turns":1},{"damage":21,"enemies":"3 Sentries","floor":10,"turns":6},{"damage":0,"enemies":"2 Fungi Beasts","floor":14,"turns":2},{"damage":0,"enemies":"Hexaghost","floor":16,"turns":1}],"seed_played":"-7377926077356738461","potions_obtained":[{"floor":1,"key":"SpeedPotion"},{"floor":4,"key":"Ancient Potion"}],"is_trial":false,"path_per_floor":["M","?","M","M","$","R","?","?","T","E","T","R","$","M","R","B"],"character_chosen":"DEFECT","items_purchased":["Electrodynamics"],"campfire_rested":0,"item_purchase_floors":[5],"current_hp_per_floor":[64,64,64,64,64,64,64,57,57,36,36,36,36,36,36,36],"gold":82,"neow_bonus":"THREE_ENEMY_KILL","is_prod":false,"is_daily":false,"chose_seed":false,"campfire_upgraded":3,"win_rate":0,"timestamp":1559319230,"path_taken":["M","?","?","M","$","R","?","?","T","E","?","R","$","M","R","BOSS"],"build_version":"2019-01-23","purchased_purges":1,"victory":false,"max_hp_per_floor":[71,71,71,71,71,71,71,71,71,71,71,71,71,71,71,71],"card_choices":[{"not_picked":["Compile Driver","Sweeping Beam"],"picked":"Chill","floor":1},{"not_picked":["BootSequence","Stack"],"picked":"Recycle","floor":3},{"not_picked":["Beam Cell","Streamline"],"picked":"Chaos","floor":4},{"not_picked":["Stack","Reinforced Body"],"picked":"Compile Driver","floor":10},{"not_picked":["Redo","Reboot","Cold Snap"],"picked":"SKIP","floor":14}],"player_experience":1814169,"relics_obtained":[{"floor":9,"key":"Blue Candle"},{"floor":10,"key":"Mercury Hourglass"},{"floor":11,"key":"Regal Pillow"}],"event_choices":[{"damage_healed":0,"gold_gain":50,"player_choice":"Pray","damage_taken":0,"max_hp_gain":0,"max_hp_loss":0,"event_name":"Golden Shrine","floor":2,"gold_loss":0},{"damage_healed":0,"gold_gain":0,"player_choice":"Leave","damage_taken":0,"max_hp_gain":0,"max_hp_loss":0,"event_name":"The Cleric","floor":7,"gold_loss":0},{"cards_removed":["Strike_B"],"damage_healed":0,"gold_gain":0,"player_choice":"Card Removal","damage_taken":7,"max_hp_gain":0,"max_hp_loss":0,"event_name":"Golden Wing","floor":8,"gold_loss":0}],"is_beta":false,"boss_relics":[],"items_purged_floors":[5],"is_endless":false,"potions_floor_spawned":[1,4,10],"killed_by":"Hexaghost","ascension_level":20}