{"gold_per_floor":[113,113,113,132,150,150,164,179,205,205,237,15,30,42,42,120,120,138,153,12,32,32,32],"floor_reached":23,"playtime":642,"items_purged":[],"score":490,"play_id":"444c83c3-5a6b-4d5e-8d10-ce8a7ffb024f","local_time":"20190522214409","is_ascension_mode":true,"campfire_choices":[{"data":"Zap","floor":6.0,"key":"SMITH"},{"floor":10.0,"key":"REST"},{"data":"Fission","floor":15.0,"key":"SMITH"}],"neow_cost":"TEN_PERCENT_HP_LOSS","seed_source_timestamp":1059940663244241,"circlet_count":0,"master_deck":["AscendersBane","Strike_B","Defend_B","Defend_B","Defend_B","Defend_B","Zap+1","Dualcast","Double Energy","Beam Cell","Tempest","Ball Lightning","Ball Lightning","Coolheaded","Fission+1","Turbo","Biased Cognition","Skim","Self Repair","Coolheaded","Sunder"],"special_seed":0,"relics":["FrozenCore","Orichalcum","Vajra","Art of War","Bag of Preparation"],"potions_floor_usage":[],"damage_taken":[{"damage":2.0,"enemies":"Jaw Worm","floor":1.0,"turns":4.0},{"damage":4.0,"enemies":"Small Slimes","floor":4.0,"turns":3.0},{"damage":0.0,"enemies":"Cultist","floor":5.0,"turns":3.0},{"damage":10.0,"enemies":"Gremlin Gang","floor":7.0,"turns":3.0},{"damage":8.0,"enemies":"Large Slime","floor":8.0,"turns":3.0},{"damage":19.0,"enemies":"Lagavulin","floor":11.0,"turns":6.0},{"damage":0.0,"enemies":"2 Fungi Beasts","floor":13.0,"turns":2.0},{"damage":2.0,"enemies":"Exordium Thugs","floor":14.0,"turns":3.0},{"damage":0.0,"enemies":"Slime Boss","floor":16.0,"turns":4.0},{"damage":9.0,"enemies":"Spheric Guardian","floor":18.0,"turns":4.0},{"damage":1.0,"enemies":"Chosen","floor":19.0,"turns":4.0},{"damage":14.0,"enemies":"3 Cultists","floor":21.0,"turns":5.0},{"damage":1.0,"enemies":"Colosseum Slavers","floor":22.0,"turns":3.0},{"damage":22,"enemies":"Slavers","floor":23,"turns":2}],"seed_played":"5451272178813631438","potions_obtained":[{"floor":5.0,"key":"AttackPotion"},{"floor":7.0,"key":"SteroidPotion"},{"floor":11.0,"key":"Ancient Potion"},{"floor":21.0,"key":"Block Potion"}],"is_trial":false,"path_per_floor":["M","?","?","M","M","R","M","M","T","R","E","$","M","M","R","B",null,"M","M","$","M","?","E"],"character_chosen":"DEFECT","items_purchased":["Coolheaded","Bag of Preparation","Self Repair","Coolheaded"],"campfire_rested":1,"item_purchase_floors":[12,12,20,20],"current_hp_per_floor":[62,36,29,25,25,25,15,7,7,26,7,7,7,5,5,5,49,40,39,39,32,31,9],"gold":32,"neow_bonus":"TRANSFORM_TWO_CARDS","is_prod":false,"is_daily":false,"chose_seed":false,"campfire_upgraded":2,"win_rate":0,"timestamp":1558532649,"path_taken":["M","?","?","M","M","R","M","M","T","R","E","?","?","M","R","BOSS","M","M","$","?","?","E"],"build_version":"2019-01-23","purchased_purges":0,"victory":false,"max_hp_per_floor":[64,64,64,64,64,64,64,64,64,64,64,64,64,64,64,64,64,64,64,64,64,64,64],"card_choices":[{"not_picked":["Steam","Sweeping Beam","Steam Power"],"picked":"SKIP","floor":1.0},{"not_picked":["Steam","Cold Snap"],"picked":"Tempest","floor":4.0},{"not_picked":["All For One","Gash"],"picked":"Ball Lightning","floor":5.0},{"not_picked":["Streamline","Sweeping Beam"],"picked":"Ball Lightning","floor":7.0},{"not_picked":["Stack","Gash","Reprogram"],"picked":"SKIP","floor":8.0},{"not_picked":["Rebound","Reprogram","Scrape"],"picked":"SKIP","floor":11.0},{"not_picked":["Redo","Go for the Eyes"],"picked":"Fission","floor":13.0},{"not_picked":["Leap","Undo"],"picked":"Turbo","floor":14.0},{"not_picked":["Multi-Cast","All For One"],"picked":"Biased Cognition","floor":16.0},{"not_picked":["Compile Driver","Hologram"],"picked":"Skim","floor":18.0},{"not_picked":["Auto Shields","Double Energy","Rebound"],"picked":"SKIP","floor":19.0},{"not_picked":["Hologram","Stack"],"picked":"Sunder","floor":21.0}],"player_experience":1732755,"relics_obtained":[{"floor":9.0,"key":"Vajra"},{"floor":11.0,"key":"Art of War"}],"event_choices":[{"damage_healed":0.0,"max_hp_gain":0.0,"max_hp_loss":0.0,"gold_gain":0.0,"event_name":"Scrap Ooze","player_choice":"Success","floor":2.0,"gold_loss":0.0,"damage_taken":26.0,"relics_obtained":["Orichalcum"]},{"cards_removed":["Strike_B"],"damage_healed":0.0,"max_hp_gain":0.0,"max_hp_loss":0.0,"gold_gain":0.0,"event_name":"Golden Wing","player_choice":"Card Removal","floor":3.0,"gold_loss":0.0,"damage_taken":7.0},{"damage_healed":0.0,"max_hp_gain":0.0,"max_hp_loss":0.0,"gold_gain":0.0,"event_name":"Colosseum","player_choice":"Fight","floor":22.0,"gold_loss":0.0,"damage_taken":0.0},{"damage_healed":0.0,"max_hp_gain":0.0,"max_hp_loss":0.0,"gold_gain":0.0,"event_name":"Colosseum","player_choice":"Fled From Nobs","floor":22.0,"gold_loss":0.0,"damage_taken":0.0}],"is_beta":false,"boss_relics":[{"not_picked":["Fusion Hammer","Ectoplasm"],"picked":"FrozenCore"}],"items_purged_floors":[],"is_endless":false,"potions_floor_spawned":[5,7,11,21],"killed_by":"Slavers","ascension_level":20}