{"gold_per_floor":[113,130,146,2,77,110,110,123,146,146,205,205,240,240,240,313,313,331,331,331,56,71,71,71],"floor_reached":24,"playtime":649,"items_purged":["Strike_R"],"score":371,"play_id":"d06ca8f2-1373-4d3f-b8f3-cf63fa252532","local_time":"20190803020652","is_ascension_mode":true,"campfire_choices":[{"data":"Whirlwind","floor":7,"key":"SMITH"},{"data":"Fiend Fire","floor":12,"key":"SMITH"},{"data":"True Grit","floor":15,"key":"SMITH"},{"data":"Bash","floor":23,"key":"SMITH"}],"neow_cost":"NONE","seed_source_timestamp":611268245478654,"circlet_count":0,"master_deck":["AscendersBane","Strike_R","Strike_R","Strike_R","Defend_R","Defend_R","Defend_R","Defend_R","Bash+1","Whirlwind+1","Thunderclap","Iron Wave","Fiend Fire+1","Impervious","Shrug It Off","Evolve","True Grit+1","Limit Break+1","Infernal Blade","J.A.X."],"relics":["Burning Blood","Lantern","Red Skull","Juzu Bracelet","Tiny Chest","Bottled Tornado","Runic Dome","OrangePellets"],"potions_floor_usage":[6],"damage_taken":[{"damage":7,"enemies":"Jaw Worm","floor":1,"turns":4},{"damage":0,"enemies":"Small Slimes","floor":2,"turns":2},{"damage":0,"enemies":"Cultist","floor":3,"turns":4},{"damage":10,"enemies":"Gremlin Nob","floor":6,"turns":3},{"damage":9,"enemies":"Blue Slaver","floor":8,"turns":5},{"damage":7,"enemies":"3 Sentries","floor":11,"turns":4},{"damage":7,"enemies":"Gremlin Nob","floor":13,"turns":4},{"damage":1,"enemies":"Slime Boss","floor":16,"turns":8},{"damage":38,"enemies":"Spheric Guardian","floor":18,"turns":6},{"damage":18,"enemies":"3 Byrds","floor":22,"turns":3},{"damage":29,"enemies":"Book of Stabbing","floor":24,"turns":4}],"seed_played":"-2890278765228493874","potions_obtained":[{"floor":1,"key":"PowerPotion"},{"floor":3,"key":"Dexterity Potion"},{"floor":11,"key":"SpeedPotion"}],"is_trial":false,"path_per_floor":["M","M","M","$","?","E","R","M","T","?","E","R","E","?","R","B",null,"M","?","?","$","M","R","E"],"character_chosen":"IRONCLAD","items_purchased":["Fiend Fire","OrangePellets"],"campfire_rested":0,"item_purchase_floors":[4,21],"current_hp_per_floor":[74,80,82,82,71,67,67,64,64,38,37,37,36,29,29,34,70,38,38,38,38,26,26,0],"gold":71,"neow_bonus":"TEN_PERCENT_HP_BONUS","is_prod":false,"is_daily":false,"chose_seed":false,"campfire_upgraded":4,"win_rate":0,"timestamp":1564812412,"path_taken":["M","M","M","$","?","E","R","M","T","?","E","R","E","?","R","BOSS","M","?","?","$","M","R","E"],"build_version":"2019-07-17","purchased_purges":1,"victory":false,"max_hp_per_floor":[82,82,82,82,82,82,82,82,82,82,82,82,82,82,82,82,82,82,82,82,82,82,82,82],"card_choices":[{"not_picked":["Sentinel","Reckless Charge"],"picked":"Whirlwind","floor":1},{"not_picked":["Havoc","Hemokinesis"],"picked":"Thunderclap","floor":2},{"not_picked":["Thunderclap","Bloodletting"],"picked":"Iron Wave","floor":3},{"not_picked":["Rupture","Hemokinesis"],"picked":"Impervious","floor":6},{"not_picked":["Clothesline","Body Slam"],"picked":"Shrug It Off","floor":8},{"not_picked":["Sentinel","Metallicize"],"picked":"Evolve","floor":11},{"not_picked":["Inflame","Searing Blow"],"picked":"True Grit","floor":13},{"not_picked":["Juggernaut","Double Tap"],"picked":"Limit Break","floor":16},{"not_picked":["Twin Strike","Clothesline"],"picked":"Infernal Blade","floor":18},{"not_picked":["Bloodletting","Heavy Blade","Second Wind"],"picked":"SKIP","floor":22}],"player_experience":1657290,"relics_obtained":[{"floor":6,"key":"Lantern"},{"floor":9,"key":"Red Skull"},{"floor":11,"key":"Tiny Chest"},{"floor":13,"key":"Bottled Tornado"}],"event_choices":[{"damage_healed":0,"gold_gain":75,"player_choice":"Gather Gold","damage_taken":11,"max_hp_gain":0,"max_hp_loss":0,"event_name":"World of Goop","floor":5,"gold_loss":0},{"damage_healed":0,"gold_gain":0,"player_choice":"Success","damage_taken":26,"relics_obtained":["Juzu Bracelet"],"max_hp_gain":0,"max_hp_loss":0,"event_name":"Scrap Ooze","floor":10,"gold_loss":0},{"cards_removed":["Strike_R"],"damage_healed":0,"gold_gain":0,"player_choice":"Card Removal","damage_taken":7,"max_hp_gain":0,"max_hp_loss":0,"event_name":"Golden Wing","floor":14,"gold_loss":0},{"damage_healed":0,"gold_gain":0,"player_choice":"Upgraded","damage_taken":0,"max_hp_gain":0,"max_hp_loss":0,"event_name":"Upgrade Shrine","floor":19,"gold_loss":0,"cards_upgraded":["Limit Break"]},{"damage_healed":0,"gold_gain":0,"player_choice":"Obtain J.A.X.","damage_taken":0,"max_hp_gain":0,"max_hp_loss":0,"event_name":"Drug Dealer","floor":20,"gold_loss":0,"cards_obtained":["J.A.X."]}],"is_beta":false,"boss_relics":[{"not_picked":["White Beast Statue","Lizard Tail"],"picked":"Runic Dome"}],"items_purged_floors":[21],"is_endless":false,"potions_floor_spawned":[1,3,11],"killed_by":"Book of Stabbing","ascension_level":15}