{"gold_per_floor":[114,114,130,130,148,148,73,73,73,114,51,82,94,31,31,129,129,152,152,172,31,54,54,70,70,70,70,70,88,88,102,102,195,195,214,237,237,257,257,257,276,276],"floor_reached":42,"playtime":1303,"items_purged":["Strike_B","Strike_B"],"score":896,"play_id":"2e989328-17e0-4a3e-9180-59949cefb7f1","local_time":"20190625124218","is_ascension_mode":true,"campfire_choices":[{"data":"Defragment","floor":6.0,"key":"SMITH"},{"data":"Zap","floor":8.0,"key":"SMITH"},{"data":"Skim","floor":13.0,"key":"SMITH"},{"data":"Chaos","floor":15.0,"key":"SMITH"},{"data":"Sunder","floor":23.0,"key":"SMITH"},{"data":"Turbo","floor":25.0,"key":"SMITH"},{"data":"Dualcast","floor":28.0,"key":"SMITH"},{"data":"Defragment","floor":32.0,"key":"SMITH"},{"data":"Thunder Strike","floor":40,"key":"SMITH"}],"neow_cost":"NONE","seed_source_timestamp":3717056345413,"circlet_count":0,"master_deck":["AscendersBane","Strike_B+1","Defend_B","Defend_B","Defend_B","Defend_B","Zap+1","Dualcast+1","Streamline+1","Glacier","Defragment+1","Skim+1","Turbo+1","Chaos+1","Machine Learning","Go for the Eyes+1","Tempest","Undo","Sunder+1","Cold Snap","Ghostly","Ghostly","Ghostly","Defragment+1","Thunder Strike+1","Tempest+1","Double Energy+1"],"special_seed":0,"relics":["Coffee Dripper","Golden Idol","MawBank","Eternal Feather","DataDisk","Letter Opener","Runic Dome"],"potions_floor_usage":[],"damage_taken":[{"damage":7.0,"enemies":"Jaw Worm","floor":1.0,"turns":3.0},{"damage":3.0,"enemies":"2 Louse","floor":3.0,"turns":2.0},{"damage":2.0,"enemies":"Small Slimes","floor":5.0,"turns":3.0},{"damage":7.0,"enemies":"Lagavulin","floor":10.0,"turns":6.0},{"damage":0.0,"enemies":"Looter","floor":12.0,"turns":3.0},{"damage":13.0,"enemies":"The Guardian","floor":16.0,"turns":10.0},{"damage":14.0,"enemies":"2 Thieves","floor":18.0,"turns":5.0},{"damage":6.0,"enemies":"Spheric Guardian","floor":20.0,"turns":4.0},{"damage":25.0,"enemies":"Shelled Parasite and Fungi","floor":22.0,"turns":6.0},{"damage":8.0,"enemies":"Centurion and Healer","floor":24.0,"turns":5.0},{"damage":0.0,"enemies":"Snecko","floor":29.0,"turns":4.0},{"damage":6.0,"enemies":"Shelled Parasite and Fungi","floor":31.0,"turns":5.0},{"damage":0.0,"enemies":"Automaton","floor":33.0,"turns":10.0},{"damage":14.0,"enemies":"Orb Walker","floor":35.0,"turns":4.0},{"damage":0.0,"enemies":"3 Shapes","floor":36.0,"turns":2.0},{"damage":4,"enemies":"Jaw Worm Horde","floor":38,"turns":4},{"damage":15,"enemies":"Maw","floor":41,"turns":9},{"damage":20,"enemies":"Reptomancer","floor":42,"turns":3}],"seed_played":"-1009264439220962888","potions_obtained":[{"floor":1.0,"key":"Dexterity Potion"},{"floor":5.0,"key":"Regen Potion"},{"floor":22.0,"key":"Swift Potion"},{"floor":29.0,"key":"LiquidBronze"},{"floor":41,"key":"Energy Potion"}],"is_trial":false,"path_per_floor":["M","?","M","?","M","R","$","R","T","E","?","M","R","$","R","B",null,"M","?","M","$","M","R","M","R","T","$","R","M","?","M","R","B",null,"M","M","?","M","?","R","M","E"],"character_chosen":"DEFECT","items_purchased":["Chaos","Undo"],"campfire_rested":0,"item_purchase_floors":[14,21],"current_hp_per_floor":[57,57,54,35,33,33,33,33,33,26,26,26,26,26,26,13,51,37,37,31,31,6,15,21,33,33,33,45,45,32,26,32,32,32,18,18,18,14,14,29,14,0],"gold":276,"neow_bonus":"BOSS_RELIC","is_prod":false,"is_daily":false,"chose_seed":false,"campfire_upgraded":9,"win_rate":0,"timestamp":1561437738,"path_taken":["M","?","M","?","M","R","$","R","T","E","?","M","R","$","R","BOSS","M","?","M","$","M","R","M","R","T","$","R","?","?","M","R","BOSS","M","M","?","M","?","R","M","E"],"build_version":"2019-01-23","purchased_purges":2,"victory":false,"max_hp_per_floor":[71,64,64,64,64,64,64,64,64,64,64,64,64,64,64,64,64,64,64,64,64,64,64,64,64,64,64,64,64,32,32,32,32,32,32,32,30,30,30,30,30,30],"card_choices":[{"not_picked":["Sweeping Beam","Doom and Gloom"],"picked":"Streamline","floor":1.0},{"not_picked":["Ball Lightning","Sunder"],"picked":"Glacier","floor":3.0},{"not_picked":["Go for the Eyes","Steam"],"picked":"Defragment","floor":5.0},{"not_picked":["Streamline","Go for the Eyes"],"picked":"Skim","floor":10.0},{"not_picked":["Chaos","Conserve Battery"],"picked":"Turbo","floor":12.0},{"not_picked":["Amplify","Rainbow"],"picked":"Machine Learning","floor":16.0},{"not_picked":["Cold Snap+1","Turbo"],"picked":"Go for the Eyes+1","floor":18.0},{"not_picked":["Beam Cell","Loop"],"picked":"Tempest","floor":20.0},{"not_picked":["Ball Lightning","Capacitor"],"picked":"Sunder","floor":22.0},{"not_picked":["Stack","Rebound"],"picked":"Cold Snap","floor":24.0},{"not_picked":["Cold Snap","Leap","Redo"],"picked":"SKIP","floor":29.0},{"not_picked":["Stack","Conserve Battery"],"picked":"Defragment","floor":31.0},{"not_picked":["Machine Learning","Reboot"],"picked":"Thunder Strike","floor":33.0},{"not_picked":["Go for the Eyes","Rebound","Steam+1"],"picked":"SKIP","floor":35.0},{"not_picked":["Self Repair","Leap"],"picked":"Tempest+1","floor":36.0},{"not_picked":["Conserve Battery","Gash"],"picked":"Double Energy+1","floor":38},{"not_picked":["Beam Cell+1","Sweeping Beam","Steam"],"picked":"SKIP","floor":41}],"player_experience":1997382,"relics_obtained":[{"floor":10.0,"key":"MawBank"},{"floor":26.0,"key":"Letter Opener"}],"event_choices":[{"damage_healed":0.0,"max_hp_gain":0.0,"max_hp_loss":7.0,"gold_gain":0.0,"event_name":"Golden Idol","player_choice":"Lose Max HP","floor":2.0,"gold_loss":0.0,"damage_taken":0.0,"relics_obtained":["Golden Idol"]},{"damage_healed":0.0,"max_hp_gain":0.0,"max_hp_loss":0.0,"gold_gain":0.0,"event_name":"Shining Light","player_choice":"Entered Light","floor":4.0,"gold_loss":0.0,"damage_taken":19.0,"cards_upgraded":["Streamline","Strike_B"]},{"cards_removed":["Strike_B"],"damage_healed":0.0,"max_hp_gain":0.0,"max_hp_loss":0.0,"gold_gain":0.0,"event_name":"The Cleric","player_choice":"Card Removal","floor":11.0,"gold_loss":75.0,"damage_taken":0.0},{"damage_healed":0.0,"max_hp_gain":0.0,"max_hp_loss":0.0,"gold_gain":0.0,"event_name":"WeMeetAgain","player_choice":"Gave Potion","floor":19.0,"gold_loss":0.0,"damage_taken":0.0,"relics_obtained":["DataDisk"]},{"damage_healed":0.0,"max_hp_gain":0.0,"max_hp_loss":32.0,"gold_gain":0.0,"event_name":"Ghosts","player_choice":"Became a Ghost","floor":30.0,"gold_loss":0.0,"damage_taken":0.0,"cards_obtained":["Ghostly","Ghostly","Ghostly"]},{"damage_healed":0.0,"max_hp_gain":0.0,"max_hp_loss":2.0,"gold_gain":0.0,"event_name":"Winding Halls","player_choice":"Max HP","floor":37.0,"gold_loss":0.0,"damage_taken":0.0},{"damage_healed":0,"gold_gain":0,"player_choice":"Ignored","damage_taken":0,"max_hp_gain":0,"max_hp_loss":0,"event_name":"Tomb of Lord Red Mask","floor":39,"gold_loss":0}],"is_beta":false,"boss_relics":[{"not_picked":["Snecko Eye","Tiny House"],"picked":"Eternal Feather"},{"not_picked":["Velvet Choker","Empty Cage"],"picked":"Runic Dome"}],"items_purged_floors":[7,21],"is_endless":false,"potions_floor_spawned":[1,5,10,22,29,41],"killed_by":"Reptomancer","ascension_level":20}