{"gold_per_floor":[111,111,111,42,42,42,99,112,139,159,176,187,198,198,198,301,301,320,260,110,127,127,127,155,155,155,30,41,0,0,68,68,167,167,178,178,178,278,328,328,357,357,384,400,414,62,82,102,102,102,102,102,1,35,35],"floor_reached":55,"playtime":2187,"items_purged":["Pain","Regret","Decay"],"score":763,"play_id":"5b9c8fea-2919-417d-9abb-722adb751909","local_time":"20190319185159","is_ascension_mode":false,"campfire_choices":[{"data":"Static Discharge","floor":6,"key":"SMITH"},{"data":"Streamline","floor":15,"key":"SMITH"},{"data":"Defragment","floor":23,"key":"SMITH"},{"floor":32,"key":"REST"},{"data":"Madness","floor":40,"key":"SMITH"},{"data":"Madness","floor":42,"key":"SMITH"},{"floor":49,"key":"RECALL"},{"data":"Turbo","floor":52,"key":"SMITH"}],"neow_cost":"NONE","seed_source_timestamp":573013863695326,"circlet_count":0,"master_deck":["Strike_B","Strike_B","Strike_B","Defend_B","Defend_B","Zap","Dualcast","Leap","Static Discharge+1","Capacitor","Streamline+1","Leap","Turbo+1","Self Repair","Streamline+1","Echo Form","Parasite","Leap+1","Steam","Defragment+1","Storm","Self Repair","Rip and Tear","Reinforced Body+1","Conserve Battery","Static Discharge+1","Creative AI","Madness+1","Madness+1","Panacea","Stack+1","Static Discharge","Leap+1","Force Field+1","Storm+1","White Noise","Loop+1","Turbo+1"],"relics":["Cracked Core","NeowsBlessing","Potion Belt","Shuriken","Tiny Chest","Orichalcum","Calling Bell","Pen Nib","Question Card","FossilizedHelix","Bag of Preparation","Bottled Lightning","Meat on the Bone","Eternal Feather","Calipers","Mango","Ginger","Omamori","DataDisk","Oddly Smooth Stone"],"potions_floor_usage":[18,24,24,24,35,41,45,45,50,54,55,55],"damage_taken":[{"damage":0,"enemies":"2 Louse","floor":1,"turns":1},{"damage":0,"enemies":"Lagavulin","floor":7,"turns":1},{"damage":0,"enemies":"Small Slimes","floor":8,"turns":1},{"damage":2,"enemies":"Cultist","floor":10,"turns":3},{"damage":3,"enemies":"3 Louse","floor":11,"turns":3},{"damage":8,"enemies":"Looter","floor":12,"turns":3},{"damage":9,"enemies":"Exordium Thugs","floor":13,"turns":3},{"damage":21,"enemies":"Hexaghost","floor":16,"turns":7},{"damage":9,"enemies":"3 Byrds","floor":18,"turns":2},{"damage":15,"enemies":"2 Thieves","floor":19,"turns":4},{"damage":21,"enemies":"Shelled Parasite and Fungi","floor":21,"turns":7},{"damage":39,"enemies":"Slavers","floor":24,"turns":3},{"damage":8,"enemies":"Cultist and Chosen","floor":28,"turns":4},{"damage":21,"enemies":"Champ","floor":33,"turns":7},{"damage":0,"enemies":"Orb Walker","floor":35,"turns":3},{"damage":38,"enemies":"Mind Bloom Boss Battle","floor":38,"turns":9},{"damage":43,"enemies":"2 Orb Walkers","floor":39,"turns":3},{"damage":27,"enemies":"Giant Head","floor":41,"turns":8},{"damage":28,"enemies":"3 Shapes","floor":44,"turns":5},{"damage":43,"enemies":"3 Darklings","floor":45,"turns":3},{"damage":0,"enemies":"Maw","floor":47,"turns":4},{"damage":8,"enemies":"Jaw Worm Horde","floor":48,"turns":3},{"damage":53,"enemies":"Donu and Deca","floor":50,"turns":5},{"damage":42,"enemies":"Shield and Spear","floor":54,"turns":3},{"damage":78,"enemies":"The Heart","floor":55,"turns":3}],"seed_played":"1515420895486554840","potions_obtained":[{"floor":7,"key":"Swift Potion"},{"floor":12,"key":"Swift Potion"},{"floor":13,"key":"SkillPotion"},{"floor":16,"key":"LiquidBronze"},{"floor":24,"key":"Energy Potion"},{"floor":33,"key":"Strength Potion"},{"floor":35,"key":"FearPotion"},{"floor":39,"key":"PowerPotion"},{"floor":44,"key":"Regen Potion"},{"floor":45,"key":"SpeedPotion"},{"floor":48,"key":"GamblersBrew"}],"is_trial":false,"path_per_floor":["M","?","?","$","?","R","E","M","T","M","M","M","M","?","R","B",null,"M","M","$","M","?","R","E","T","T","$","M","?","$","T","R","B",null,"M","?","?","?","?","R","E","R","T","M","M","$","M","M","R","B",null,"R","$","E","B"],"character_chosen":"DEFECT","items_purchased":["Static Discharge","Defragment","Conserve Battery","DataDisk","White Noise","PowerPotion","Energy Potion"],"campfire_rested":1,"item_purchase_floors":[4,20,27,46,46,53,53],"current_hp_per_floor":[75,68,68,68,65,65,65,65,65,63,60,52,43,43,43,22,75,66,58,58,44,44,44,19,19,19,19,18,18,18,18,40,45,75,75,66,66,54,37,55,61,79,79,65,53,53,53,45,66,39,89,89,89,54,0],"gold":35,"neow_bonus":"THREE_ENEMY_KILL","is_prod":false,"is_daily":false,"chose_seed":false,"campfire_upgraded":6,"win_rate":0,"timestamp":1553035919,"path_taken":["M","?","?","$","?","R","E","M","T","M","M","M","M","?","R","BOSS","M","M","?","M","?","R","E","?","T","$","?","?","?","?","R","BOSS","M","?","?","?","?","R","E","R","T","M","M","$","M","?","R","BOSS","R","$","E","BOSS"],"build_version":"2019-01-23","purchased_purges":3,"victory":false,"max_hp_per_floor":[75,75,75,75,75,75,75,75,75,75,75,75,75,75,75,75,75,75,75,75,75,75,75,75,75,75,75,75,75,75,75,75,75,75,75,75,75,75,89,89,89,89,89,89,89,89,89,89,89,89,89,89,89,89,89],"card_choices":[{"not_picked":["Turbo","Stack"],"picked":"Leap","floor":1},{"not_picked":["Melter","Chill"],"picked":"Capacitor","floor":7},{"not_picked":["Leap","Hologram"],"picked":"Streamline","floor":8},{"not_picked":["Chill","Barrage"],"picked":"Leap","floor":10},{"not_picked":["Streamline","Beam Cell"],"picked":"Turbo","floor":11},{"not_picked":["Hello World","Rebound"],"picked":"Self Repair","floor":12},{"not_picked":["Multi-Cast","Redo"],"picked":"Streamline","floor":13},{"not_picked":["Meteor Strike","Rainbow"],"picked":"Echo Form","floor":16},{"not_picked":["Sunder","Sweeping Beam","Recycle"],"picked":"Leap+1","floor":18},{"not_picked":["Blizzard","Beam Cell","Heatsinks"],"picked":"Steam","floor":19},{"not_picked":["Leap","Darkness+1","Stack"],"picked":"Storm","floor":21},{"not_picked":["Conserve Battery","Rebound","Coolheaded"],"picked":"Reinforced Body+1","floor":24},{"not_picked":["Biased Cognition","Darkness","Coolheaded"],"picked":"Static Discharge+1","floor":28},{"not_picked":["Rainbow","Reboot","All For One"],"picked":"Creative AI","floor":33},{"not_picked":["Coolheaded+1","Beam Cell","Barrage","Sweeping Beam"],"picked":"SKIP","floor":35},{"not_picked":["HandOfGreed","Violence","Metamorphosis"],"picked":"Panacea","floor":37},{"not_picked":["Beam Cell","Doom and Gloom","Cold Snap"],"picked":"Stack+1","floor":38},{"not_picked":["Compile Driver","Leap","Reprogram+1"],"picked":"Static Discharge","floor":39},{"not_picked":["Steam Power","Gash+1","Blizzard+1"],"picked":"Leap+1","floor":41},{"not_picked":["Undo","Streamline","Chaos+1"],"picked":"Force Field+1","floor":44},{"not_picked":["Cold Snap","Leap","Sunder+1"],"picked":"Storm+1","floor":45},{"not_picked":["Conserve Battery","Skim+1","Scrape","Streamline"],"picked":"SKIP","floor":47},{"not_picked":["Hologram+1","Gash+1","Rip and Tear"],"picked":"Loop+1","floor":48},{"not_picked":["Sweeping Beam+1","Static Discharge","Blizzard"],"picked":"Turbo+1","floor":54}],"player_experience":748932,"relics_obtained":[{"floor":7,"key":"Tiny Chest"},{"floor":9,"key":"Orichalcum"},{"floor":17,"key":"Pen Nib"},{"floor":17,"key":"Question Card"},{"floor":17,"key":"FossilizedHelix"},{"floor":24,"key":"Bag of Preparation"},{"floor":26,"key":"Bottled Lightning"},{"floor":31,"key":"Meat on the Bone"},{"floor":38,"key":"Calipers"},{"floor":39,"key":"Mango"},{"floor":41,"key":"Ginger"},{"floor":43,"key":"Omamori"},{"floor":54,"key":"Oddly Smooth Stone"}],"event_choices":[{"cards_removed":["Defend_B"],"damage_healed":0,"gold_gain":0,"player_choice":"Card Removal","damage_taken":7,"max_hp_gain":0,"max_hp_loss":0,"event_name":"Golden Wing","floor":2,"gold_loss":0},{"damage_healed":0,"gold_gain":0,"player_choice":"Box","damage_taken":0,"relics_obtained":["Potion Belt"],"max_hp_gain":0,"max_hp_loss":0,"event_name":"Big Fish","floor":3,"gold_loss":0,"cards_obtained":["Regret"]},{"damage_healed":0,"gold_gain":0,"player_choice":"Success","damage_taken":3,"relics_obtained":["Shuriken"],"max_hp_gain":0,"max_hp_loss":0,"event_name":"Scrap Ooze","floor":5,"gold_loss":0},{"damage_healed":0,"gold_gain":0,"player_choice":"Upgraded","damage_taken":0,"max_hp_gain":0,"max_hp_loss":0,"event_name":"Upgrade Shrine","floor":14,"gold_loss":0,"cards_upgraded":["Streamline"]},{"damage_healed":0,"gold_gain":0,"cards_transformed":["Defend_B","Strike_B"],"player_choice":"Became Test Subject","damage_taken":0,"max_hp_gain":0,"max_hp_loss":0,"event_name":"Drug Dealer","floor":22,"gold_loss":0,"cards_obtained":["Self Repair","Rip and Tear"]},{"damage_healed":0,"gold_gain":0,"player_choice":"Paid Fearfully","damage_taken":0,"max_hp_gain":0,"max_hp_loss":0,"event_name":"Masked Bandits","floor":29,"gold_loss":41},{"damage_healed":0,"gold_gain":0,"player_choice":"Embrace Madness","damage_taken":9,"max_hp_gain":0,"max_hp_loss":0,"event_name":"Winding Halls","floor":36,"gold_loss":0,"cards_obtained":["Madness","Madness"]},{"damage_healed":0,"gold_gain":0,"player_choice":"Memory 1","damage_taken":0,"max_hp_gain":0,"max_hp_loss":0,"event_name":"SensoryStone","floor":37,"gold_loss":0},{"damage_healed":0,"gold_gain":0,"player_choice":"Fight","damage_taken":0,"max_hp_gain":0,"max_hp_loss":0,"event_name":"MindBloom","floor":38,"gold_loss":0},{"damage_healed":0,"gold_gain":0,"player_choice":"Fight","damage_taken":0,"max_hp_gain":0,"max_hp_loss":0,"event_name":"Mysterious Sphere","floor":39,"gold_loss":0}],"is_beta":false,"boss_relics":[{"not_picked":["FrozenCore","Runic Pyramid"],"picked":"Calling Bell"},{"not_picked":["Inserter","Pandora\u0027s Box"],"picked":"Eternal Feather"}],"items_purged_floors":[20,27,46],"is_endless":false,"potions_floor_spawned":[7,12,13,16,24,33,35,39,44,45,48],"killed_by":"The Heart","ascension_level":0}