{"gold_per_floor":[119,119,129,13,24,24,53,53,53,86,157,48,48,78,78,180,180,198,198,297,271,304,304],"floor_reached":23,"playtime":800,"items_purged":[],"score":305,"play_id":"e723e248-3dd9-4802-8774-22b1734e88b8","local_time":"20190708024040","is_ascension_mode":true,"campfire_choices":[{"data":"Spot Weakness","floor":6,"key":"SMITH"},{"data":"Spot Weakness","floor":8,"key":"SMITH"},{"floor":15,"key":"REST"}],"neow_cost":"NONE","seed_source_timestamp":58361743969800,"circlet_count":0,"master_deck":["AscendersBane","Strike_R","Strike_R","Strike_R","Strike_R","Strike_R","Defend_R","Defend_R","Defend_R","Defend_R","Bash","Heavy Blade+1","Spot Weakness+1","Pummel","Spot Weakness+1","Barricade","Inflame","Seeing Red","Juggernaut","Limit Break","Cleave+1","Flex","Heavy Blade+1"],"relics":["Burning Blood","Orichalcum","Question Card","Bottled Flame","Omamori","Gremlin Horn","Black Star","Red Mask"],"potions_floor_usage":[22],"damage_taken":[{"damage":6,"enemies":"2 Louse","floor":1,"turns":3},{"damage":0,"enemies":"Small Slimes","floor":3,"turns":3},{"damage":7,"enemies":"Jaw Worm","floor":5,"turns":4},{"damage":12,"enemies":"Gremlin Nob","floor":7,"turns":3},{"damage":28,"enemies":"Lagavulin","floor":10,"turns":4},{"damage":30,"enemies":"3 Sentries","floor":14,"turns":7},{"damage":41,"enemies":"Slime Boss","floor":16,"turns":9},{"damage":26,"enemies":"Spheric Guardian","floor":18,"turns":5},{"damage":17,"enemies":"Masked Bandits","floor":22,"turns":4},{"damage":59,"enemies":"Book of Stabbing","floor":23,"turns":4}],"seed_played":"-7635303628454320880","potions_obtained":[{"floor":14,"key":"SpeedPotion"}],"is_trial":false,"path_per_floor":["M","?","M","$","M","R","E","R","T","E","?","$","?","E","R","B",null,"M","?","?","$","?","E"],"character_chosen":"IRONCLAD","items_purchased":["Spot Weakness","Pummel","Inflame","Seeing Red","Flex"],"campfire_rested":1,"item_purchase_floors":[4,4,12,12,21],"current_hp_per_floor":[72,72,78,78,77,77,71,71,71,49,49,49,49,25,49,14,64,44,70,70,70,59,0],"gold":304,"neow_bonus":"RANDOM_COMMON_RELIC","is_prod":false,"is_daily":false,"chose_seed":false,"campfire_upgraded":2,"win_rate":0,"timestamp":1562568040,"path_taken":["M","?","M","$","M","R","E","R","T","E","?","$","?","E","R","BOSS","M","?","?","?","?","E"],"build_version":"2019-07-05","purchased_purges":0,"victory":false,"max_hp_per_floor":[80,80,80,80,80,80,80,80,80,80,80,80,80,80,80,80,80,80,80,80,80,80,80],"card_choices":[{"not_picked":["True Grit","Infernal Blade"],"picked":"Heavy Blade","floor":1},{"not_picked":["Battle Trance","Iron Wave","Clothesline"],"picked":"SKIP","floor":3},{"not_picked":["Anger","True Grit","Corruption"],"picked":"SKIP","floor":5},{"not_picked":["Body Slam","Battle Trance"],"picked":"Spot Weakness","floor":7},{"not_picked":["Exhume","Armaments","Pommel Strike"],"picked":"Barricade","floor":10},{"not_picked":["Body Slam","Power Through","Dropkick"],"picked":"Juggernaut","floor":14},{"not_picked":["Berserk","Demon Form","Bludgeon"],"picked":"Limit Break","floor":16},{"not_picked":["Second Wind","Blood for Blood","Body Slam+1"],"picked":"Cleave+1","floor":18},{"not_picked":["Spot Weakness","Corruption","Rupture"],"picked":"Heavy Blade+1","floor":22}],"player_experience":1080501,"relics_obtained":[{"floor":7,"key":"Question Card"},{"floor":9,"key":"Bottled Flame"},{"floor":10,"key":"Omamori"},{"floor":14,"key":"Gremlin Horn"},{"floor":22,"key":"Red Mask"}],"event_choices":[{"damage_healed":0,"gold_gain":0,"player_choice":"Grow","damage_taken":0,"max_hp_gain":0,"max_hp_loss":0,"event_name":"Living Wall","floor":2,"gold_loss":0,"cards_upgraded":["Heavy Blade"]},{"damage_healed":0,"gold_gain":71,"player_choice":"Gained Gold","damage_taken":0,"max_hp_gain":0,"max_hp_loss":0,"event_name":"Golden Wing","floor":11,"gold_loss":0},{"damage_healed":0,"gold_gain":0,"player_choice":"Ignored","damage_taken":0,"max_hp_gain":0,"max_hp_loss":0,"event_name":"Liars Game","floor":13,"gold_loss":0},{"damage_healed":26,"gold_gain":0,"player_choice":"Heal","damage_taken":0,"max_hp_gain":0,"max_hp_loss":0,"event_name":"The Library","floor":19,"gold_loss":0},{"damage_healed":0,"gold_gain":99,"player_choice":"Stole From Cult","damage_taken":0,"max_hp_gain":0,"max_hp_loss":0,"event_name":"Nest","floor":20,"gold_loss":0},{"damage_healed":0,"gold_gain":0,"player_choice":"Fought Bandits","damage_taken":0,"max_hp_gain":0,"max_hp_loss":0,"event_name":"Masked Bandits","floor":22,"gold_loss":0}],"is_beta":false,"boss_relics":[{"not_picked":["Snecko Eye","Empty Cage"],"picked":"Black Star"}],"items_purged_floors":[],"is_endless":false,"potions_floor_spawned":[14],"killed_by":"Book of Stabbing","ascension_level":10}