{"gold_per_floor":[119,133,133,34,47,47,8,23,23,23,40,116,116,134,134,229,229,214,228,128,143,143],"floor_reached":22,"playtime":692,"items_purged":["Regret","Shame"],"score":296,"play_id":"abcc8551-3c84-43a0-a305-9f509cfc3249","local_time":"20190529165215","is_ascension_mode":true,"campfire_choices":[{"data":"Armaments","floor":6.0,"key":"SMITH"},{"data":"Infernal Blade","floor":13.0,"key":"SMITH"},{"data":"Infernal Blade","floor":15.0,"key":"SMITH"}],"neow_cost":"NONE","seed_source_timestamp":0,"circlet_count":0,"master_deck":["Strike_R","Strike_R","Strike_R","Strike_R","Strike_R","Defend_R","Defend_R","Defend_R","Defend_R","Bash","Infernal Blade+1","Infernal Blade+1","Armaments+1","Cleave","Entrench","Feed","Demon Form","Clumsy","Injury","Spot Weakness"],"special_seed":0,"relics":["Burning Blood","Vajra","Calipers","Dodecahedron","Mercury Hourglass","Calling Bell","Ancient Tea Set","Pantograph","Unceasing Top"],"potions_floor_usage":[18,22,22,22],"damage_taken":[{"damage":10.0,"enemies":"Small Slimes","floor":1.0,"turns":4.0},{"damage":7.0,"enemies":"Jaw Worm","floor":2.0,"turns":3.0},{"damage":0.0,"enemies":"Cultist","floor":5.0,"turns":3.0},{"damage":13.0,"enemies":"Large Slime","floor":8.0,"turns":4.0},{"damage":4.0,"enemies":"2 Fungi Beasts","floor":11.0,"turns":3.0},{"damage":13.0,"enemies":"Red Slaver","floor":14.0,"turns":3.0},{"damage":0.0,"enemies":"Slime Boss","floor":16.0,"turns":5.0},{"damage":17,"enemies":"2 Thieves","floor":18,"turns":4},{"damage":32,"enemies":"Shell Parasite","floor":19,"turns":4},{"damage":33,"enemies":"Snecko","floor":21,"turns":6},{"damage":22,"enemies":"Colosseum Slavers","floor":22,"turns":1}],"seed_played":"-4809933218418869062","potions_obtained":[{"floor":1.0,"key":"SpeedPotion"},{"floor":2.0,"key":"Ancient Potion"},{"floor":8.0,"key":"Energy Potion"},{"floor":16.0,"key":"EntropicBrew"}],"is_trial":false,"path_per_floor":["M","M","?","$","M","R","$","M","T","$","M","T","R","M","R","B",null,"M","M","$","M","?"],"character_chosen":"IRONCLAD","items_purchased":["Armaments","Entrench"],"campfire_rested":0,"item_purchase_floors":[4,7],"current_hp_per_floor":[68,67,67,67,73,73,73,66,66,66,68,68,68,61,61,70,80,72,46,46,19,0],"gold":143,"neow_bonus":"RANDOM_COMMON_RELIC","is_prod":false,"is_daily":false,"chose_seed":false,"campfire_upgraded":3,"win_rate":0,"timestamp":1559163135,"path_taken":["M","M","?","$","M","R","?","M","T","?","M","?","R","?","R","BOSS","M","M","?","M","?"],"build_version":"2019-01-23","purchased_purges":2,"victory":false,"max_hp_per_floor":[80,80,80,80,80,80,80,80,80,80,80,80,80,80,80,83,83,86,86,86,86,86],"card_choices":[{"not_picked":["Rampage","Armaments"],"picked":"Infernal Blade","floor":1.0},{"not_picked":["Reckless Charge","Clash"],"picked":"Infernal Blade","floor":2.0},{"not_picked":["Headbutt","Fire Breathing"],"picked":"Cleave","floor":5.0},{"not_picked":["Pommel Strike","Sword Boomerang","Havoc"],"picked":"SKIP","floor":8.0},{"not_picked":["Pommel Strike","Clothesline"],"picked":"Feed","floor":11.0},{"not_picked":["Fire Breathing","Shockwave","Sword Boomerang"],"picked":"SKIP","floor":14.0},{"not_picked":["Bludgeon","Reaper"],"picked":"Demon Form","floor":16.0},{"not_picked":["Sword Boomerang","Shockwave","Anger+1"],"picked":"SKIP","floor":18},{"not_picked":["Clothesline","Anger","Sword Boomerang"],"picked":"SKIP","floor":19},{"not_picked":["Shockwave","Iron Wave"],"picked":"Spot Weakness","floor":21}],"player_experience":1035297,"relics_obtained":[{"floor":9.0,"key":"Dodecahedron"},{"floor":12.0,"key":"Mercury Hourglass"},{"floor":17.0,"key":"Ancient Tea Set"},{"floor":17.0,"key":"Pantograph"},{"floor":17.0,"key":"Unceasing Top"}],"event_choices":[{"damage_healed":0.0,"max_hp_gain":0.0,"max_hp_loss":0.0,"gold_gain":0.0,"event_name":"Big Fish","player_choice":"Box","floor":3.0,"gold_loss":0.0,"damage_taken":0.0,"relics_obtained":["Calipers"],"cards_obtained":["Regret"]},{"damage_healed":0,"gold_gain":0,"player_choice":"Fight","damage_taken":0,"max_hp_gain":0,"max_hp_loss":0,"event_name":"Colosseum","floor":22,"gold_loss":0}],"is_beta":false,"boss_relics":[{"not_picked":["Fusion Hammer","Mark of Pain"],"picked":"Calling Bell"}],"items_purged_floors":[4,20],"is_endless":false,"potions_floor_spawned":[1,2,8,16],"killed_by":"Colosseum Slavers","ascension_level":6}