{"gold_per_floor":[109,109,128,128,72,102,118,148,148,148,223,223,252,92,92,169,169,182,70,70,70,70,70,87,87,87,122,142,64,81,145,145,223,223,234,334,153,169,169,169,202,202,202,218,218,8,34,52,52,52,52,52,52,52,79,79],"floor_reached":57,"playtime":2038,"items_purged":["Strike_B","Defend_B","Conserve Battery"],"score":2884,"play_id":"5746fde8-26f5-4d48-aea7-76253c4ffd1d","local_time":"20190520140429","is_ascension_mode":true,"campfire_choices":[{"data":"Sunder","floor":10.0,"key":"SMITH"},{"data":"Defragment","floor":12.0,"key":"SMITH"},{"data":"Zap","floor":15.0,"key":"SMITH"},{"data":"Turbo","floor":23.0,"key":"SMITH"},{"data":"Dualcast","floor":25.0,"key":"SMITH"},{"data":"Chaos","floor":32.0,"key":"SMITH"},{"data":"Turbo","floor":40.0,"key":"SMITH"},{"data":"Hologram","floor":42.0,"key":"SMITH"},{"floor":49.0,"key":"RECALL"},{"data":"Loop","floor":53.0,"key":"SMITH"}],"neow_cost":"PERCENT_DAMAGE","seed_source_timestamp":857698648560894,"circlet_count":0,"master_deck":["AscendersBane","Zap+1","Dualcast+1","Sunder+1","Electrodynamics","Double Energy","Skim","Thunder Strike","Turbo+1","Defragment+1","Skim","Biased Cognition","Core Surge","Defragment+1","Heatsinks+1","Tempest+1","Hologram+1","Leap+1","Chaos+1","Turbo+1","Loop+1","Echo Form","Heatsinks","Meteor Strike","Cold Snap+1","Reinforced Body","Storm","Hologram","Capacitor"],"special_seed":0,"relics":["Cracked Core","Question Card","Bag of Preparation","Art of War","Odd Mushroom","Astrolabe","Meat on the Bone","Torii","Tiny Chest","Runic Dome","Calipers","Ornamental Fan","Gambling Chip","Centennial Puzzle","Bronze Scales"],"potions_floor_usage":[56,56],"damage_taken":[{"damage":0.0,"enemies":"Small Slimes","floor":1.0,"turns":2.0},{"damage":0.0,"enemies":"2 Louse","floor":3.0,"turns":2.0},{"damage":8.0,"enemies":"Gremlin Nob","floor":6.0,"turns":3.0},{"damage":6.0,"enemies":"Cultist","floor":7.0,"turns":3.0},{"damage":1.0,"enemies":"The Mushroom Lair","floor":13.0,"turns":3.0},{"damage":18.0,"enemies":"Hexaghost","floor":16.0,"turns":6.0},{"damage":4.0,"enemies":"3 Byrds","floor":18.0,"turns":2.0},{"damage":0.0,"enemies":"2 Thieves","floor":24.0,"turns":1.0},{"damage":7.0,"enemies":"Gremlin Leader","floor":27.0,"turns":4.0},{"damage":23.0,"enemies":"Shelled Parasite and Fungi","floor":28.0,"turns":4.0},{"damage":0.0,"enemies":"Snake Plant","floor":30.0,"turns":2.0},{"damage":14.0,"enemies":"Book of Stabbing","floor":31.0,"turns":4.0},{"damage":9.0,"enemies":"Automaton","floor":33.0,"turns":8.0},{"damage":2.0,"enemies":"Orb Walker","floor":35.0,"turns":3.0},{"damage":1.0,"enemies":"Mind Bloom Boss Battle","floor":36.0,"turns":5.0},{"damage":0.0,"enemies":"3 Shapes","floor":38.0,"turns":2.0},{"damage":0.0,"enemies":"Giant Head","floor":41.0,"turns":3.0},{"damage":30.0,"enemies":"Maw","floor":44.0,"turns":3.0},{"damage":0.0,"enemies":"Reptomancer","floor":47.0,"turns":2.0},{"damage":0.0,"enemies":"Jaw Worm Horde","floor":48.0,"turns":2.0},{"damage":0.0,"enemies":"Donu and Deca","floor":50.0,"turns":2.0},{"damage":21.0,"enemies":"Time Eater","floor":51.0,"turns":6.0},{"damage":19.0,"enemies":"Shield and Spear","floor":55.0,"turns":3.0},{"damage":24,"enemies":"The Heart","floor":56,"turns":9}],"seed_played":"3556162887360694651","potions_obtained":[{"floor":1.0,"key":"LiquidBronze"},{"floor":3.0,"key":"LiquidBronze"},{"floor":6.0,"key":"Fire Potion"},{"floor":16.0,"key":"LiquidBronze"},{"floor":18.0,"key":"Weak Potion"},{"floor":24.0,"key":"Swift Potion"},{"floor":31.0,"key":"Fire Potion"},{"floor":36.0,"key":"SteroidPotion"},{"floor":55.0,"key":"Ancient Potion"}],"is_trial":false,"path_per_floor":["M","?","M","?","$","E","M","?","T","R","?","R","?","$","R","B",null,"M","$","?","?","?","R","M","R","T","E","M","$","M","E","R","B",null,"M","?","$","M","T","R","E","R","T","M","?","$","E","M","R","B","B",null,"R","$","E","B",null],"character_chosen":"DEFECT","items_purchased":["Turbo","Biased Cognition","Conserve Battery","Defragment","Loop","Heatsinks","FocusPotion"],"campfire_rested":0,"item_purchase_floors":[5,14,19,19,29,37,46],"current_hp_per_floor":[46,46,46,46,46,38,32,32,32,32,21,21,20,20,20,2,54,50,50,50,50,71,71,71,71,71,64,41,41,41,39,39,42,64,62,61,61,61,61,61,61,61,61,43,43,43,43,43,43,43,34,62,62,62,43,31],"gold":79,"neow_bonus":"TRANSFORM_TWO_CARDS","is_prod":false,"is_daily":false,"chose_seed":false,"campfire_upgraded":9,"win_rate":0,"timestamp":1558332269,"path_taken":["M","?","M","?","$","E","?","?","T","R","?","R","?","$","R","BOSS","M","$","?","?","?","R","M","R","T","E","?","$","M","E","R","BOSS","M","?","$","M","?","R","E","R","T","?","?","$","E","M","R","BOSS","BOSS","R","$","E","BOSS"],"build_version":"2019-01-23","purchased_purges":3,"victory":true,"max_hp_per_floor":[71,71,71,71,71,71,71,71,71,71,71,71,71,71,71,71,71,71,71,71,71,71,71,71,71,71,71,71,71,71,71,71,71,71,71,71,71,71,71,71,71,71,71,71,71,71,71,71,71,71,71,71,71,71,71,71],"card_choices":[{"not_picked":["Fusion","Chill"],"picked":"Double Energy","floor":1.0},{"not_picked":["Rebound","Cold Snap"],"picked":"Skim","floor":3.0},{"not_picked":["Redo","Rainbow","Leap"],"picked":"SKIP","floor":6.0},{"not_picked":["Barrage","Go for the Eyes","Streamline"],"picked":"Defragment","floor":7.0},{"not_picked":["Hologram","Conserve Battery","Gash"],"picked":"Skim","floor":13.0},{"not_picked":["Creative AI","All For One","Rainbow"],"picked":"Core Surge","floor":16.0},{"not_picked":["FTL","Stack","Beam Cell"],"picked":"Hologram","floor":18.0},{"not_picked":["Steam Power","Fusion","BootSequence"],"picked":"Leap+1","floor":24.0},{"not_picked":["Electrodynamics","Redo","Turbo"],"picked":"Chaos","floor":27.0},{"not_picked":["Stack+1","Electrodynamics","Conserve Battery"],"picked":"Turbo","floor":28.0},{"not_picked":["Conserve Battery","Gash","Consume","Stack"],"picked":"SKIP","floor":30.0},{"not_picked":["Redo","Go for the Eyes","Steam+1","Barrage"],"picked":"SKIP","floor":31.0},{"not_picked":["Multi-Cast","Electrodynamics","Core Surge"],"picked":"Echo Form","floor":33.0},{"not_picked":["Stack+1","Blizzard+1","Streamline","Barrage"],"picked":"SKIP","floor":35.0},{"not_picked":["Compile Driver","Self Repair","Leap+1"],"picked":"Meteor Strike","floor":38.0},{"not_picked":["Lockon+1","Tempest","Consume"],"picked":"Cold Snap+1","floor":41.0},{"not_picked":["Streamline","Barrage","Turbo+1"],"picked":"Reinforced Body","floor":44.0},{"not_picked":["Reboot","Core Surge","Loop"],"picked":"Storm","floor":47.0},{"not_picked":["Conserve Battery+1","Stack","Sunder+1"],"picked":"Hologram","floor":48.0},{"not_picked":["Leap","Gash","Steam Power"],"picked":"Capacitor","floor":55.0}],"player_experience":1720098,"relics_obtained":[{"floor":6.0,"key":"Question Card"},{"floor":9.0,"key":"Art of War"},{"floor":13.0,"key":"Odd Mushroom"},{"floor":26.0,"key":"Meat on the Bone"},{"floor":27.0,"key":"Torii"},{"floor":31.0,"key":"Tiny Chest"},{"floor":36.0,"key":"Calipers"},{"floor":39.0,"key":"Ornamental Fan"},{"floor":41.0,"key":"Gambling Chip"},{"floor":47.0,"key":"Centennial Puzzle"},{"floor":55.0,"key":"Bronze Scales"}],"event_choices":[{"damage_healed":0.0,"max_hp_gain":0.0,"max_hp_loss":0.0,"gold_gain":0.0,"event_name":"Liars Game","player_choice":"Ignored","floor":2.0,"gold_loss":0.0,"damage_taken":0.0},{"damage_healed":0.0,"max_hp_gain":0.0,"max_hp_loss":0.0,"gold_gain":0.0,"cards_transformed":["Strike_B"],"event_name":"Transmorgrifier","player_choice":"Transformed","floor":4.0,"gold_loss":0.0,"damage_taken":0.0,"cards_obtained":["Thunder Strike"]},{"damage_healed":0.0,"max_hp_gain":0.0,"max_hp_loss":0.0,"gold_gain":30.0,"event_name":"Dead Adventurer","player_choice":"Searched \u00272\u0027 times","floor":8.0,"gold_loss":0.0,"damage_taken":0.0,"relics_obtained":["Bag of Preparation"]},{"damage_healed":0.0,"max_hp_gain":0.0,"max_hp_loss":0.0,"gold_gain":75.0,"event_name":"World of Goop","player_choice":"Gather Gold","floor":11.0,"gold_loss":0.0,"damage_taken":11.0},{"damage_healed":0.0,"max_hp_gain":0.0,"max_hp_loss":0.0,"gold_gain":0.0,"event_name":"Mushrooms","player_choice":"Fought Mushrooms","floor":13.0,"gold_loss":0.0,"damage_taken":0.0},{"damage_healed":0.0,"max_hp_gain":0.0,"max_hp_loss":0.0,"gold_gain":0.0,"event_name":"Beggar","player_choice":"Ignored","floor":20.0,"gold_loss":0.0,"damage_taken":0.0},{"cards_removed":["Defragment"],"damage_healed":21.0,"max_hp_gain":0.0,"max_hp_loss":0.0,"gold_gain":0.0,"event_name":"Bonfire Elementals","player_choice":"Offered Uncommon","floor":22.0,"gold_loss":0.0,"damage_taken":0.0},{"damage_healed":0.0,"max_hp_gain":0.0,"max_hp_loss":0.0,"gold_gain":0.0,"event_name":"MindBloom","player_choice":"Fight","floor":36.0,"gold_loss":0.0,"damage_taken":0.0},{"damage_healed":0.0,"max_hp_gain":0.0,"max_hp_loss":0.0,"gold_gain":0.0,"event_name":"Tomb of Lord Red Mask","player_choice":"Ignored","floor":45.0,"gold_loss":0.0,"damage_taken":0.0}],"is_beta":false,"boss_relics":[{"not_picked":["Busted Crown","Orrery"],"picked":"Astrolabe"},{"not_picked":["Black Star","Velvet Choker"],"picked":"Runic Dome"}],"items_purged_floors":[14,37,46],"is_endless":false,"potions_floor_spawned":[1,3,6,16,18,24,31,36,44,48,55],"ascension_level":20}