{"gold_per_floor":[114,114,114,128,128,168,168,206,206,241,260,295,309,31,31,31],"floor_reached":16,"playtime":301,"items_purged":["Strike_B"],"score":286,"play_id":"6fec4af0-1ef8-4e47-9379-ecdc10c9d88c","local_time":"20190523153933","is_ascension_mode":true,"campfire_choices":[{"data":"Streamline","floor":15,"key":"SMITH"}],"neow_cost":"NONE","seed_source_timestamp":1124861459740836,"circlet_count":0,"master_deck":["AscendersBane","Strike_B","Strike_B","Defend_B","Defend_B","Defend_B","Defend_B","Zap","Dualcast","Coolheaded","Multi-Cast","Streamline+1","Cold Snap","White Noise","Meteor Strike","Heatsinks+1","Coolheaded"],"special_seed":0,"relics":["Cracked Core","NeowsBlessing","Golden Idol","The Courier","Frozen Egg 2","Gremlin Horn","Lantern","Odd Mushroom","OrangePellets"],"potions_floor_usage":[13],"damage_taken":[{"damage":0.0,"enemies":"Jaw Worm","floor":1.0,"turns":1.0},{"damage":0.0,"enemies":"Small Slimes","floor":4.0,"turns":1.0},{"damage":0.0,"enemies":"Gremlin Nob","floor":6.0,"turns":1.0},{"damage":12.0,"enemies":"Lagavulin","floor":8.0,"turns":7.0},{"damage":39.0,"enemies":"Gremlin Nob","floor":10.0,"turns":4.0},{"damage":1.0,"enemies":"Cultist","floor":11.0,"turns":3.0},{"damage":6.0,"enemies":"The Mushroom Lair","floor":12.0,"turns":3.0},{"damage":0,"enemies":"2 Fungi Beasts","floor":13,"turns":2},{"damage":0,"enemies":"Hexaghost","floor":16,"turns":6}],"seed_played":"-2295456741878762874","potions_obtained":[{"floor":1.0,"key":"SkillPotion"},{"floor":3.0,"key":"Block Potion"},{"floor":8.0,"key":"Energy Potion"},{"floor":10.0,"key":"Energy Potion"},{"floor":11.0,"key":"PowerPotion"}],"is_trial":false,"path_per_floor":["M","?","?","M","?","E","?","E","T","E","M","?","M","$","R","B"],"character_chosen":"DEFECT","items_purchased":["OrangePellets","Coolheaded"],"campfire_rested":0,"item_purchase_floors":[14,14],"current_hp_per_floor":[64,57,57,57,57,57,62,50,50,11,10,4,4,4,4,4],"gold":31,"neow_bonus":"THREE_ENEMY_KILL","is_prod":false,"is_daily":false,"chose_seed":false,"campfire_upgraded":1,"win_rate":0,"timestamp":1558597173,"path_taken":["M","?","?","?","?","E","?","E","T","E","?","?","M","?","R","BOSS"],"build_version":"2019-01-23","purchased_purges":1,"victory":false,"max_hp_per_floor":[71,71,71,71,64,64,69,69,69,69,69,69,69,69,69,69],"card_choices":[{"not_picked":["Leap","Conserve Battery"],"picked":"Coolheaded","floor":1.0},{"not_picked":["Beam Cell","Darkness"],"picked":"Multi-Cast","floor":4.0},{"not_picked":["Barrage","Doom and Gloom"],"picked":"Streamline","floor":6.0},{"not_picked":["Steam Power","Doom and Gloom"],"picked":"Cold Snap","floor":8.0},{"not_picked":["Stack","Gash","Force Field"],"picked":"SKIP","floor":10.0},{"not_picked":["Cold Snap","Leap"],"picked":"White Noise","floor":11.0},{"not_picked":["Leap","Streamline"],"picked":"Meteor Strike","floor":12.0},{"not_picked":["Force Field","Beam Cell"],"picked":"Heatsinks+1","floor":13}],"player_experience":1743486,"relics_obtained":[{"floor":6.0,"key":"The Courier"},{"floor":8.0,"key":"Frozen Egg 2"},{"floor":9.0,"key":"Gremlin Horn"},{"floor":10.0,"key":"Lantern"},{"floor":12.0,"key":"Odd Mushroom"}],"event_choices":[{"cards_removed":["Strike_B"],"damage_healed":0.0,"max_hp_gain":0.0,"max_hp_loss":0.0,"gold_gain":0.0,"event_name":"Golden Wing","player_choice":"Card Removal","floor":2.0,"gold_loss":0.0,"damage_taken":7.0},{"damage_healed":0.0,"max_hp_gain":0.0,"max_hp_loss":0.0,"gold_gain":0.0,"event_name":"Lab","player_choice":"Got Potions","floor":3.0,"gold_loss":0.0,"damage_taken":0.0},{"damage_healed":0.0,"max_hp_gain":0.0,"max_hp_loss":7.0,"gold_gain":0.0,"event_name":"Golden Idol","player_choice":"Lose Max HP","floor":5.0,"gold_loss":0.0,"damage_taken":0.0,"relics_obtained":["Golden Idol"]},{"damage_healed":0.0,"max_hp_gain":5.0,"max_hp_loss":0.0,"gold_gain":0.0,"event_name":"Big Fish","player_choice":"Donut","floor":7.0,"gold_loss":0.0,"damage_taken":0.0},{"damage_healed":0.0,"max_hp_gain":0.0,"max_hp_loss":0.0,"gold_gain":0.0,"event_name":"Mushrooms","player_choice":"Fought Mushrooms","floor":12.0,"gold_loss":0.0,"damage_taken":0.0}],"is_beta":false,"boss_relics":[],"items_purged_floors":[14],"is_endless":false,"potions_floor_spawned":[1,8,10,11],"killed_by":"Hexaghost","ascension_level":20}