{"gold_per_floor":[114,130,55,5,5,5,5,46,46,64,64,77,77,25,25,150,150,171,192,192,192],"floor_reached":21,"playtime":824,"items_purged":[],"score":232,"play_id":"7fe33839-0cf6-4bbf-8362-9ece8b34f03c","local_time":"20190511130755","is_ascension_mode":true,"campfire_choices":[{"data":"Infinite Blades","floor":6,"key":"SMITH"},{"data":"Caltrops","floor":11,"key":"SMITH"},{"floor":15,"key":"REST"}],"neow_cost":"NONE","seed_source_timestamp":238570284780090,"circlet_count":0,"master_deck":["Defend_G","Defend_G","Defend_G","Defend_G","Strike_G","Strike_G","Strike_G","Strike_G","Strike_G","Survivor","Neutralize","Caltrops+1","Slice","Infinite Blades+1","Injury","Tactician","Blade Dance","Outmaneuver","Corpse Explosion","Setup+1","Caltrops+1"],"relics":["Ring of the Snake","NeowsBlessing","Mummified Hand","Golden Idol","Dream Catcher","Sundial","Cursed Key"],"potions_floor_usage":[16,19,21],"damage_taken":[{"damage":0,"enemies":"Small Slimes","floor":1,"turns":1},{"damage":0,"enemies":"2 Louse","floor":2,"turns":1},{"damage":0,"enemies":"3 Sentries","floor":8,"turns":2},{"damage":1,"enemies":"Cultist","floor":10,"turns":4},{"damage":14,"enemies":"3 Louse","floor":12,"turns":3},{"damage":50,"enemies":"Hexaghost","floor":16,"turns":10},{"damage":16,"enemies":"Chosen","floor":18,"turns":6},{"damage":32,"enemies":"Spheric Guardian","floor":19,"turns":5},{"damage":31,"enemies":"Cultist and Chosen","floor":21,"turns":5}],"seed_played":"-960391606231953534","potions_obtained":[{"floor":1,"key":"EssenceOfSteel"},{"floor":8,"key":"EssenceOfSteel"},{"floor":16,"key":"SmokeBomb"},{"floor":18,"key":"GamblersBrew"}],"is_trial":false,"path_per_floor":["M","M","$","?","?","R","?","E","T","M","R","M","?","$","R","B",null,"M","M","?","M"],"character_chosen":"THE_SILENT","items_purchased":["Infinite Blades","Blade Dance"],"campfire_rested":1,"item_purchase_floors":[3,14],"current_hp_per_floor":[70,70,70,70,70,70,70,70,70,69,69,55,48,48,69,19,70,54,22,22,0],"gold":192,"neow_bonus":"THREE_ENEMY_KILL","is_prod":false,"is_daily":false,"chose_seed":false,"campfire_upgraded":2,"win_rate":0,"timestamp":1557594475,"path_taken":["M","M","$","?","?","R","?","E","T","M","R","M","?","?","R","BOSS","M","M","?","?"],"build_version":"2019-01-23","purchased_purges":0,"victory":false,"max_hp_per_floor":[70,70,70,70,70,70,70,70,70,70,70,70,70,70,70,70,70,70,70,70,70],"card_choices":[{"not_picked":["Poisoned Stab","Quick Slash"],"picked":"Caltrops","floor":1},{"not_picked":["Prepared","Dagger Spray"],"picked":"Slice","floor":2},{"not_picked":["Dagger Spray","Predator","Acrobatics"],"picked":"SKIP","floor":8},{"not_picked":["Deadly Poison","Riddle With Holes"],"picked":"Tactician","floor":10},{"not_picked":["Well Laid Plans","Dodge and Roll","Dagger Spray"],"picked":"SKIP","floor":12},{"not_picked":["Slice","Burst"],"picked":"Outmaneuver","floor":15},{"not_picked":["Burst","Wraith Form v2"],"picked":"Corpse Explosion","floor":16},{"not_picked":["Eviscerate","Acrobatics"],"picked":"Setup+1","floor":18},{"not_picked":["Expertise+1","Acrobatics","Bane"],"picked":"SKIP","floor":19}],"player_experience":972769,"relics_obtained":[{"floor":8,"key":"Dream Catcher"},{"floor":9,"key":"Sundial"}],"event_choices":[{"cards_removed":["Defend_G"],"damage_healed":0,"gold_gain":0,"player_choice":"Card Removal","damage_taken":0,"max_hp_gain":0,"max_hp_loss":0,"event_name":"The Cleric","floor":4,"gold_loss":50},{"damage_healed":0,"gold_gain":0,"player_choice":"Box","damage_taken":0,"relics_obtained":["Mummified Hand"],"max_hp_gain":0,"max_hp_loss":0,"event_name":"Big Fish","floor":5,"gold_loss":0,"cards_obtained":["Regret"]},{"damage_healed":0,"gold_gain":0,"player_choice":"Take Wound","damage_taken":0,"relics_obtained":["Golden Idol"],"max_hp_gain":0,"max_hp_loss":0,"event_name":"Golden Idol","floor":7,"gold_loss":0,"cards_obtained":["Injury"]},{"cards_removed":["Regret"],"damage_healed":0,"gold_gain":0,"player_choice":"Card Removal","damage_taken":7,"max_hp_gain":0,"max_hp_loss":0,"event_name":"Golden Wing","floor":13,"gold_loss":0},{"damage_healed":0,"gold_gain":0,"player_choice":"Copied","damage_taken":0,"max_hp_gain":0,"max_hp_loss":0,"event_name":"Duplicator","floor":20,"gold_loss":0,"cards_obtained":["Caltrops"]}],"is_beta":false,"boss_relics":[{"not_picked":["Eternal Feather","Ectoplasm"],"picked":"Cursed Key"}],"items_purged_floors":[],"is_endless":false,"potions_floor_spawned":[1,8,16,18],"killed_by":"Cultist and Chosen","ascension_level":3}