{"gold_per_floor":[146,146,71,87,87,87,120,134,183,94,121,137,137,37,37,108,108,122,133,8,34,34,68,68,68,68,68,88,88,98,132,132,206,206,220,220,270,281,291,323,342,354,354,117,117,117,136,149,149,149],"floor_reached":50,"playtime":2000,"items_purged":["Strike_G","Strike_G","Strike_G","Defend_G"],"score":1090,"play_id":"9713a077-dece-4ed9-8b6b-a42c7b640cd4","local_time":"20190520164348","is_ascension_mode":true,"campfire_choices":[{"data":"Flechettes","floor":6.0,"key":"SMITH"},{"data":"Tactician","floor":13.0,"key":"SMITH"},{"data":"Well Laid Plans","floor":15.0,"key":"SMITH"},{"data":"Neutralize","floor":25.0,"key":"SMITH"},{"data":"Catalyst","floor":27.0,"key":"SMITH"},{"floor":29.0,"key":"REST"},{"data":"Acrobatics","floor":32.0,"key":"SMITH"},{"floor":45.0,"key":"REST"},{"floor":49.0,"key":"RECALL"}],"neow_cost":"NONE","seed_source_timestamp":867664468664013,"circlet_count":0,"master_deck":["AscendersBane","Defend_G","Defend_G","Defend_G","Defend_G","Survivor","Neutralize+1","Flechettes+1","Acrobatics+1","Tactician+1","Deadly Poison","Well Laid Plans+1","Terror","Catalyst+1","After Image","Escape Plan","Acrobatics","Backflip","PiercingWail+1","Grand Finale","Well Laid Plans","Concentrate","Well Laid Plans"],"special_seed":0,"relics":["Ring of the Snake","Tiny Chest","Ancient Tea Set","Bag of Marbles","PreservedInsect","Orrery","Omamori","Turnip","Anchor","Boot","Black Star","Orichalcum","Strawberry","Prayer Wheel"],"potions_floor_usage":[50],"damage_taken":[{"damage":3.0,"enemies":"2 Louse","floor":1.0,"turns":3.0},{"damage":0.0,"enemies":"Cultist","floor":4.0,"turns":3.0},{"damage":22.0,"enemies":"Lagavulin","floor":7.0,"turns":7.0},{"damage":0.0,"enemies":"Small Slimes","floor":8.0,"turns":2.0},{"damage":6.0,"enemies":"Gremlin Nob","floor":11.0,"turns":3.0},{"damage":18.0,"enemies":"Exordium Thugs","floor":12.0,"turns":6.0},{"damage":6.0,"enemies":"The Guardian","floor":16.0,"turns":7.0},{"damage":5.0,"enemies":"3 Byrds","floor":18.0,"turns":7.0},{"damage":15.0,"enemies":"Chosen","floor":19.0,"turns":6.0},{"damage":10.0,"enemies":"Gremlin Leader","floor":23.0,"turns":3.0},{"damage":4.0,"enemies":"Shelled Parasite and Fungi","floor":28.0,"turns":5.0},{"damage":0.0,"enemies":"Snake Plant","floor":30.0,"turns":2.0},{"damage":0.0,"enemies":"Book of Stabbing","floor":31.0,"turns":3.0},{"damage":25.0,"enemies":"Collector","floor":33.0,"turns":8.0},{"damage":0.0,"enemies":"3 Darklings","floor":35.0,"turns":2.0},{"damage":3.0,"enemies":"3 Shapes","floor":38.0,"turns":6.0},{"damage":0.0,"enemies":"Transient","floor":39.0,"turns":6.0},{"damage":3.0,"enemies":"Giant Head","floor":40.0,"turns":5.0},{"damage":35.0,"enemies":"Jaw Worm Horde","floor":41.0,"turns":4.0},{"damage":4.0,"enemies":"3 Darklings","floor":42.0,"turns":2.0},{"damage":18.0,"enemies":"Transient","floor":47.0,"turns":6.0},{"damage":10.0,"enemies":"Sphere and 2 Shapes","floor":48.0,"turns":5.0},{"damage":9,"enemies":"Donu and Deca","floor":50,"turns":4}],"seed_played":"-5302446389329294542","potions_obtained":[{"floor":4.0,"key":"FearPotion"},{"floor":7.0,"key":"Fire Potion"},{"floor":16.0,"key":"Poison Potion"},{"floor":23.0,"key":"FearPotion"},{"floor":30.0,"key":"GamblersBrew"},{"floor":35.0,"key":"Explosive Potion"},{"floor":38.0,"key":"PowerPotion"}],"is_trial":false,"path_per_floor":["M","?","$","M","?","R","E","M","T","$","E","M","R","$","R","B",null,"M","M","$","T","?","E","T","R","T","R","M","R","M","E","R","B",null,"M","?","?","M","M","E","M","M","T","$","R","?","M","M","R","B"],"character_chosen":"THE_SILENT","items_purchased":["Well Laid Plans","Well Laid Plans"],"campfire_rested":2,"item_purchase_floors":[10,44],"current_hp_per_floor":[56,56,56,56,56,56,34,34,34,34,28,10,10,10,10,4,51,46,31,31,31,31,21,21,21,21,21,17,36,36,36,36,11,52,52,52,52,49,49,53,18,14,14,14,35,60,42,32,32,23],"gold":149,"neow_bonus":"RANDOM_COMMON_RELIC","is_prod":false,"is_daily":false,"chose_seed":false,"campfire_upgraded":6,"win_rate":0,"timestamp":1558341828,"path_taken":["M","?","?","M","?","R","E","M","T","$","E","M","R","$","R","BOSS","M","M","$","?","?","E","?","R","T","R","?","R","M","E","R","BOSS","M","?","?","M","?","E","M","M","T","$","R","?","M","M","R","BOSS"],"build_version":"2019-01-23","purchased_purges":4,"victory":false,"max_hp_per_floor":[66,66,66,66,66,66,66,66,66,66,66,66,66,66,66,66,66,66,66,66,66,66,66,66,66,66,66,66,66,66,66,66,66,66,66,66,66,66,66,73,73,73,73,73,73,60,60,60,60,60],"card_choices":[{"not_picked":["Underhanded Strike","Deadly Poison"],"picked":"Flechettes","floor":1.0},{"not_picked":["Blade Dance","Reflex"],"picked":"Acrobatics","floor":4.0},{"not_picked":["Backstab","Finisher"],"picked":"Tactician","floor":7.0},{"not_picked":["Reflex","Tactician"],"picked":"Deadly Poison","floor":8.0},{"not_picked":["Distraction","Acrobatics"],"picked":"Terror","floor":11.0},{"not_picked":["Escape Plan","Dagger Throw"],"picked":"Catalyst","floor":12.0},{"not_picked":["Phantasmal Killer","Storm of Steel"],"picked":"After Image","floor":16.0},{"not_picked":["Slice","PiercingWail"],"picked":"Escape Plan","floor":17.0},{"not_picked":["Quick Slash+1","Masterful Stab","Blade Dance"],"picked":"SKIP","floor":18.0},{"not_picked":["Underhanded Strike+1","All Out Attack"],"picked":"Acrobatics","floor":19.0},{"not_picked":["Noxious Fumes","PiercingWail"],"picked":"Backflip","floor":23.0},{"not_picked":["Dodge and Roll","Unload","Deflect"],"picked":"SKIP","floor":28.0},{"not_picked":["PiercingWail+1","Deadly Poison","Caltrops"],"picked":"SKIP","floor":30.0},{"not_picked":["Deadly Poison","Caltrops"],"picked":"PiercingWail+1","floor":30.0},{"not_picked":["Slice","Backflip","Glass Knife"],"picked":"SKIP","floor":31.0},{"not_picked":["Tools of the Trade","Adrenaline"],"picked":"Grand Finale","floor":33.0},{"not_picked":["Riddle With Holes","Leg Sweep+1","Deadly Poison"],"picked":"SKIP","floor":35.0},{"not_picked":["Dodge and Roll+1","Reflex","Masterful Stab"],"picked":"SKIP","floor":38.0},{"not_picked":["Dagger Spray","Acrobatics","PiercingWail"],"picked":"SKIP","floor":39.0},{"not_picked":["Envenom","Cloak And Dagger+1","Dagger Throw"],"picked":"SKIP","floor":40.0},{"not_picked":["Acrobatics+1","Leg Sweep+1","Terror+1"],"picked":"SKIP","floor":41.0},{"not_picked":["Acrobatics","Dodge and Roll","Choke"],"picked":"SKIP","floor":42.0},{"not_picked":["Backstab","Sucker Punch","PiercingWail"],"picked":"SKIP","floor":47.0},{"not_picked":["Backflip","Outmaneuver","Setup"],"picked":"SKIP","floor":47.0},{"not_picked":["Setup+1","Grand Finale"],"picked":"Concentrate","floor":48.0},{"not_picked":["Dagger Throw+1","All Out Attack"],"picked":"Well Laid Plans","floor":48.0}],"player_experience":1722136,"relics_obtained":[{"floor":7.0,"key":"Ancient Tea Set"},{"floor":9.0,"key":"Bag of Marbles"},{"floor":11.0,"key":"PreservedInsect"},{"floor":21.0,"key":"Omamori"},{"floor":23.0,"key":"Turnip"},{"floor":24.0,"key":"Anchor"},{"floor":31.0,"key":"Boot"},{"floor":40.0,"key":"Orichalcum"},{"floor":40.0,"key":"Strawberry"},{"floor":43.0,"key":"Prayer Wheel"}],"event_choices":[{"cards_removed":["Strike_G"],"damage_healed":0.0,"max_hp_gain":0.0,"max_hp_loss":0.0,"gold_gain":0.0,"event_name":"Purifier","player_choice":"Purged","floor":2.0,"gold_loss":0.0,"damage_taken":0.0},{"cards_removed":["Strike_G"],"damage_healed":0.0,"max_hp_gain":0.0,"max_hp_loss":0.0,"gold_gain":0.0,"event_name":"Purifier","player_choice":"Purged","floor":5.0,"gold_loss":0.0,"damage_taken":0.0},{"damage_healed":0.0,"max_hp_gain":0.0,"max_hp_loss":0.0,"gold_gain":0.0,"event_name":"The Mausoleum","player_choice":"Ignored","floor":22.0,"gold_loss":0.0,"damage_taken":0.0},{"damage_healed":0.0,"max_hp_gain":0.0,"max_hp_loss":0.0,"gold_gain":0.0,"event_name":"Tomb of Lord Red Mask","player_choice":"Ignored","floor":36.0,"gold_loss":0.0,"damage_taken":0.0},{"damage_healed":0.0,"max_hp_gain":0.0,"max_hp_loss":0.0,"gold_gain":50.0,"event_name":"Golden Shrine","player_choice":"Pray","floor":37.0,"gold_loss":0.0,"damage_taken":0.0},{"damage_healed":60.0,"max_hp_gain":0.0,"max_hp_loss":13.0,"gold_gain":0.0,"event_name":"The Moai Head","player_choice":"Heal","floor":46.0,"gold_loss":0.0,"damage_taken":0.0}],"is_beta":false,"boss_relics":[{"not_picked":["Calling Bell","Astrolabe"],"picked":"Orrery"},{"not_picked":["WristBlade","Snecko Eye"],"picked":"Black Star"}],"items_purged_floors":[3,14,20,44],"is_endless":false,"potions_floor_spawned":[4,7,16,23,30,31,35,38,39,42,48],"killed_by":"Donu and Deca","ascension_level":20}