{"gold_per_floor":[116,126,138,63,63,63,91,101,101,115,132,107,107,142,142,237,237,249,268,282,207,219,219,229,41,41,41,41,58,58,73,73,176,176,194,48,101,119,119,165,165,0,0,17,117,131,131,147,147,147],"floor_reached":51,"playtime":27116,"items_purged":["Strike_R","Defend_R"],"score":691,"play_id":"1724024b-1a46-44ac-be55-0eaca0036007","local_time":"20190806000510","is_ascension_mode":false,"campfire_choices":[{"floor":13.0,"key":"REST"},{"floor":15.0,"key":"REST"},{"data":"Shockwave","floor":23.0,"key":"SMITH"},{"data":"Flame Barrier","floor":27.0,"key":"SMITH"},{"data":"Battle Trance","floor":32.0,"key":"SMITH"},{"data":"Armaments","floor":41,"key":"SMITH"},{"data":"Warcry","floor":47,"key":"SMITH"},{"data":"Dual Wield","floor":49,"key":"SMITH"}],"neow_cost":"","seed_source_timestamp":0,"circlet_count":0,"master_deck":["Strike_R","Strike_R","Strike_R","Defend_R","Defend_R","Defend_R","Bash","Dual Wield+1","Rampage","Perfected Strike","Shockwave+1","Dropkick","Flame Barrier+1","Barricade","Reaper","Sword Boomerang+1","Battle Trance+1","Inflame+1","Warcry+1","Shrug It Off","Second Wind","Armaments+1","Shrug It Off","Entrench","Body Slam+1","Inflame+1","Iron Wave","Intimidate+1","Dual Wield+1","Magnetism","Second Wind+1","Headbutt","Burning Pact+1","Intimidate+1","Burning Pact+1"],"special_seed":0,"relics":["Burning Blood","Nunchaku","Mummified Hand","Kunai","Question Card","Coffee Dripper","Matryoshka","Orrery","Centennial Puzzle","Gambling Chip","Darkstone Periapt","Red Mask","Bronze Scales","Dodecahedron","Girya"],"potions_floor_usage":[40,50,50],"damage_taken":[{"damage":6.0,"enemies":"2 Louse","floor":1.0,"turns":3.0},{"damage":5.0,"enemies":"Cultist","floor":2.0,"turns":4.0},{"damage":3.0,"enemies":"Small Slimes","floor":3.0,"turns":4.0},{"damage":21.0,"enemies":"3 Sentries","floor":7.0,"turns":7.0},{"damage":16.0,"enemies":"Exordium Thugs","floor":8.0,"turns":4.0},{"damage":11.0,"enemies":"Blue Slaver","floor":10.0,"turns":4.0},{"damage":7.0,"enemies":"Looter","floor":11.0,"turns":3.0},{"damage":17.0,"enemies":"Lagavulin","floor":14.0,"turns":6.0},{"damage":25.0,"enemies":"The Guardian","floor":16.0,"turns":13.0},{"damage":20.0,"enemies":"3 Byrds","floor":18.0,"turns":6.0},{"damage":4.0,"enemies":"Chosen","floor":19.0,"turns":6.0},{"damage":22.0,"enemies":"Centurion and Healer","floor":20.0,"turns":9.0},{"damage":10.0,"enemies":"Chosen and Byrds","floor":22.0,"turns":5.0},{"damage":6.0,"enemies":"Cultist and Chosen","floor":24.0,"turns":4.0},{"damage":15.0,"enemies":"Shelled Parasite and Fungi","floor":29.0,"turns":4.0},{"damage":19.0,"enemies":"Sentry and Sphere","floor":31.0,"turns":6.0},{"damage":13.0,"enemies":"Champ","floor":33.0,"turns":13.0},{"damage":5.0,"enemies":"Orb Walker","floor":35.0,"turns":3.0},{"damage":29.0,"enemies":"2 Orb Walkers","floor":37.0,"turns":6.0},{"damage":12.0,"enemies":"3 Shapes","floor":38.0,"turns":5.0},{"damage":16,"enemies":"Reptomancer","floor":40,"turns":8},{"damage":13,"enemies":"Writhing Mass","floor":44,"turns":4},{"damage":23,"enemies":"Mind Bloom Boss Battle","floor":45,"turns":11},{"damage":1,"enemies":"4 Shapes","floor":46,"turns":9},{"damage":16,"enemies":"Transient","floor":48,"turns":5},{"damage":47,"enemies":"Awakened One","floor":50,"turns":15}],"seed_played":"8173018392990652701","potions_obtained":[{"floor":1.0,"key":"PowerPotion"},{"floor":3.0,"key":"SneckoOil"},{"floor":6.0,"key":"Dexterity Potion"},{"floor":6.0,"key":"Fruit Juice"},{"floor":6.0,"key":"Fire Potion"},{"floor":7.0,"key":"Strength Potion"},{"floor":8.0,"key":"Ancient Potion"},{"floor":18.0,"key":"AttackPotion"},{"floor":22.0,"key":"Regen Potion"},{"floor":29.0,"key":"SkillPotion"},{"floor":31.0,"key":"EssenceOfSteel"},{"floor":38.0,"key":"Energy Potion"},{"floor":46,"key":"LiquidBronze"},{"floor":48,"key":"Explosive Potion"}],"is_trial":false,"path_per_floor":["M","M","M","$","?","?","E","M","T","M","M","?","R","E","R","B",null,"M","M","M","?","M","R","M","$","T","R","$","M","$","M","R","B",null,"M","$","?","M","?","E","R","?","T","M","?","M","R","M","R","B",null],"character_chosen":"IRONCLAD","items_purchased":["Second Wind","Armaments","Centennial Puzzle"],"campfire_rested":2,"item_purchase_floors":[25,25,36],"current_hp_per_floor":[80,80,80,80,77,77,67,57,57,52,51,51,76,65,85,66,85,83,85,81,81,85,85,85,85,85,85,85,78,78,72,72,81,85,85,85,82,76,76,85,85,85,85,78,76,85,85,75,75,54],"gold":147,"neow_bonus":"","is_prod":false,"is_daily":false,"chose_seed":false,"campfire_upgraded":6,"win_rate":0.0,"timestamp":1565039110,"path_taken":["M","M","M","$","?","?","E","?","T","M","M","?","R","E","R","BOSS","M","M","M","?","M","R","M","$","T","R","$","M","?","M","R","BOSS","M","$","?","M","?","E","R","?","T","M","?","M","R","M","R","BOSS"],"build_version":"2019-07-17","purchased_purges":2,"victory":true,"max_hp_per_floor":[80,80,80,80,80,80,85,85,85,85,85,85,85,85,85,85,85,85,85,85,85,85,85,85,85,85,85,85,85,85,85,85,85,85,85,85,85,85,85,85,85,85,85,85,85,85,85,85,85,85],"card_choices":[{"not_picked":["Entrench","Armaments"],"picked":"Dual Wield","floor":1.0},{"not_picked":["Flex","Infernal Blade"],"picked":"Rampage","floor":2.0},{"not_picked":["Feel No Pain","True Grit"],"picked":"Perfected Strike","floor":3.0},{"not_picked":["Iron Wave","Flex"],"picked":"Shockwave","floor":7.0},{"not_picked":["Cleave","Blood for Blood","True Grit"],"picked":"SKIP","floor":8.0},{"not_picked":["Thunderclap","True Grit"],"picked":"Dropkick","floor":10.0},{"not_picked":["Flex","True Grit"],"picked":"Flame Barrier","floor":11.0},{"not_picked":["Iron Wave","Hemokinesis"],"picked":"Barricade","floor":14.0},{"not_picked":["Bludgeon","Juggernaut","Dark Embrace"],"picked":"Reaper","floor":16.0},{"not_picked":["Headbutt","Twin Strike","Perfected Strike"],"picked":"Sword Boomerang+1","floor":18.0},{"not_picked":["True Grit","Cleave","Headbutt"],"picked":"Battle Trance","floor":19.0},{"not_picked":["Shrug It Off","Whirlwind","Blood for Blood+1"],"picked":"Inflame+1","floor":20.0},{"not_picked":["Searing Blow+1","Twin Strike","Cleave"],"picked":"Warcry","floor":22.0},{"not_picked":["Brutality","Sword Boomerang","Second Wind"],"picked":"Shrug It Off","floor":24.0},{"not_picked":["Flame Barrier","Battle Trance","Clash"],"picked":"Shrug It Off","floor":29.0},{"not_picked":["Uppercut","Searing Blow","Flex+1"],"picked":"Entrench","floor":31.0},{"not_picked":["Armaments","Burning Pact+1","Rampage"],"picked":"Body Slam+1","floor":34.0},{"not_picked":["Blood for Blood+1","Pommel Strike","Sever Soul+1"],"picked":"Inflame+1","floor":34.0},{"not_picked":["Cleave","Warcry","Berserk"],"picked":"Iron Wave","floor":34.0},{"not_picked":["Combust","Pommel Strike+1","Flex+1"],"picked":"Intimidate+1","floor":35.0},{"not_picked":["Sword Boomerang+1","Impervious","Thunderclap+1"],"picked":"Dual Wield+1","floor":37.0},{"not_picked":["Blood for Blood","Shrug It Off","Armaments","Cleave+1"],"picked":"SKIP","floor":38.0},{"not_picked":["Good Instincts","Bandage Up","Metamorphosis"],"picked":"Magnetism","floor":39},{"not_picked":["Whirlwind","True Grit","Cleave"],"picked":"Second Wind+1","floor":40},{"not_picked":["Cleave+1","Sever Soul+1","Combust+1"],"picked":"Headbutt","floor":44},{"not_picked":["Pommel Strike+1","Armaments+1","Second Wind+1"],"picked":"Burning Pact+1","floor":45},{"not_picked":["Body Slam+1","Clothesline","Rupture"],"picked":"Intimidate+1","floor":46},{"not_picked":["Hemokinesis+1","Armaments","Uppercut+1"],"picked":"Burning Pact+1","floor":48}],"player_experience":0,"relics_obtained":[{"floor":7.0,"key":"Mummified Hand"},{"floor":9.0,"key":"Kunai"},{"floor":14.0,"key":"Question Card"},{"floor":26.0,"key":"Matryoshka"},{"floor":37.0,"key":"Gambling Chip"},{"floor":40,"key":"Darkstone Periapt"},{"floor":43,"key":"Bronze Scales"},{"floor":43,"key":"Dodecahedron"},{"floor":45,"key":"Girya"}],"event_choices":[{"damage_healed":0.0,"max_hp_gain":0.0,"max_hp_loss":0.0,"gold_gain":0.0,"event_name":"Scrap Ooze","player_choice":"Success","floor":5.0,"gold_loss":0.0,"damage_taken":3.0,"relics_obtained":["Nunchaku"]},{"damage_healed":0.0,"max_hp_gain":0.0,"max_hp_loss":0.0,"gold_gain":0.0,"event_name":"Lab","player_choice":"Got Potions","floor":6.0,"gold_loss":0.0,"damage_taken":0.0},{"damage_healed":0.0,"max_hp_gain":0.0,"max_hp_loss":0.0,"gold_gain":0.0,"event_name":"World of Goop","player_choice":"Left Gold","floor":12.0,"gold_loss":25.0,"damage_taken":0.0},{"cards_removed":["Strike_R"],"damage_healed":0.0,"max_hp_gain":0.0,"max_hp_loss":0.0,"gold_gain":0.0,"event_name":"Beggar","player_choice":"Gave Gold","floor":21.0,"gold_loss":75.0,"damage_taken":0.0},{"damage_healed":0.0,"max_hp_gain":0.0,"max_hp_loss":0.0,"gold_gain":0.0,"event_name":"Mysterious Sphere","player_choice":"Fight","floor":37.0,"gold_loss":0.0,"damage_taken":0.0},{"damage_healed":0,"gold_gain":0,"player_choice":"Memory 1","damage_taken":0,"max_hp_gain":0,"max_hp_loss":0,"event_name":"SensoryStone","floor":39,"gold_loss":0},{"damage_healed":0,"gold_gain":0,"player_choice":"Paid","damage_taken":0,"relics_obtained":["Red Mask"],"max_hp_gain":0,"max_hp_loss":0,"event_name":"Tomb of Lord Red Mask","floor":42,"gold_loss":165},{"damage_healed":0,"gold_gain":0,"player_choice":"Fight","damage_taken":0,"max_hp_gain":0,"max_hp_loss":0,"event_name":"MindBloom","floor":45,"gold_loss":0}],"is_beta":false,"boss_relics":[{"not_picked":["Tiny House","Mark of Pain"],"picked":"Coffee Dripper"},{"not_picked":["Velvet Choker","Runic Dome"],"picked":"Orrery"}],"items_purged_floors":[4,25],"is_endless":false,"potions_floor_spawned":[1,3,7,8,18,22,29,31,38,46,48],"ascension_level":0}