{"gold_per_floor":[111,126,140,110,4,4,35,52,52,52,52,68,68],"floor_reached":13,"playtime":517,"items_purged":[],"score":149,"play_id":"0af927a1-ddab-4520-8b2f-f90bd3ead478","local_time":"20190802205243","is_ascension_mode":true,"campfire_choices":[{"data":"Evolve","floor":6,"key":"SMITH"},{"data":"Armaments","floor":10,"key":"SMITH"}],"neow_cost":"NONE","seed_source_timestamp":592552842646716,"circlet_count":0,"master_deck":["AscendersBane","Strike_R","Strike_R","Strike_R","Strike_R","Defend_R","Defend_R","Defend_R","Defend_R","Bash+1","Shrug It Off","Evolve+1","Offering","Shrug It Off","Corruption","Shrug It Off","Armaments+1","Inflame","Combust"],"relics":["Burning Blood","Bronze Scales","Kunai"],"potions_floor_usage":[12,13],"damage_taken":[{"damage":2,"enemies":"Jaw Worm","floor":1,"turns":4},{"damage":0,"enemies":"Small Slimes","floor":2,"turns":5},{"damage":4,"enemies":"2 Louse","floor":3,"turns":3},{"damage":6,"enemies":"Looter","floor":4,"turns":4},{"damage":35,"enemies":"3 Sentries","floor":7,"turns":10},{"damage":2,"enemies":"3 Louse","floor":8,"turns":4},{"damage":8,"enemies":"Exordium Thugs","floor":12,"turns":4},{"damage":66,"enemies":"Gremlin Nob","floor":13,"turns":5}],"seed_played":"6068535990440317113","potions_obtained":[{"floor":7,"key":"PowerPotion"},{"floor":8,"key":"AttackPotion"},{"floor":12,"key":"FearPotion"}],"is_trial":false,"path_per_floor":["M","M","M","M","$","R","E","M","T","R","?","M","E"],"character_chosen":"IRONCLAD","items_purchased":["Corruption","Shrug It Off"],"campfire_rested":0,"item_purchase_floors":[5,5],"current_hp_per_floor":[72,75,75,75,75,75,46,50,50,50,43,41,0],"gold":68,"neow_bonus":"UPGRADE_CARD","is_prod":false,"is_daily":false,"chose_seed":false,"campfire_upgraded":2,"win_rate":0,"timestamp":1564793563,"path_taken":["M","M","M","M","$","R","E","M","T","R","?","M","E"],"build_version":"2019-07-17","purchased_purges":0,"victory":false,"max_hp_per_floor":[75,75,75,75,75,75,75,75,75,75,75,75,75],"card_choices":[{"not_picked":["Armaments","Evolve"],"picked":"Shrug It Off","floor":1},{"not_picked":["Shrug It Off","Sentinel"],"picked":"Evolve","floor":2},{"not_picked":["Perfected Strike","Havoc"],"picked":"Offering","floor":3},{"not_picked":["Twin Strike","Sword Boomerang"],"picked":"Shrug It Off","floor":4},{"not_picked":["Blood for Blood","Cleave"],"picked":"Armaments","floor":7},{"not_picked":["Perfected Strike","Anger"],"picked":"Inflame","floor":8},{"not_picked":["Sword Boomerang","Rupture"],"picked":"Combust","floor":12}],"player_experience":1651282,"relics_obtained":[{"floor":7,"key":"Bronze Scales"},{"floor":9,"key":"Kunai"}],"event_choices":[{"cards_removed":["Strike_R"],"damage_healed":0,"gold_gain":0,"player_choice":"Card Removal","damage_taken":7,"max_hp_gain":0,"max_hp_loss":0,"event_name":"Golden Wing","floor":11,"gold_loss":0}],"is_beta":false,"boss_relics":[],"items_purged_floors":[],"is_endless":false,"potions_floor_spawned":[7,8,12],"killed_by":"Gremlin Nob","ascension_level":15}