{"gold_per_floor":[109,34,34,53,203,203,243,261,261,261,19,62,85,98,98,192,192,211,136,136,136,151,192,192,228,310,310,346,359,373,393,393,483,483,504,334,352,408,408,439,455,498,510,542,554,899,911,923,935,947,959,971,489,514,514],"floor_reached":55,"playtime":2950,"items_purged":["Strike_G","Strike_G","Strike_G"],"score":1482,"play_id":"ba93ccba-df19-4b60-8280-32f0e5acc4e9","local_time":"20190802020100","is_ascension_mode":true,"campfire_choices":[{"data":"Die Die Die","floor":6,"key":"SMITH"},{"data":"Neutralize","floor":10,"key":"SMITH"},{"data":"Apotheosis","floor":15,"key":"SMITH"},{"data":"Noxious Fumes","floor":24,"key":"SMITH"},{"floor":27,"key":"RECALL"},{"floor":32,"key":"REST"},{"floor":45,"key":"REST"},{"data":"1","floor":47,"key":"LIFT"},{"floor":49,"key":"REST"},{"data":"2","floor":52,"key":"LIFT"}],"neow_cost":"NONE","seed_source_timestamp":522214726985825,"circlet_count":0,"master_deck":["AscendersBane","Strike_G","Defend_G+1","Defend_G","Defend_G","Defend_G","Defend_G","Survivor","Neutralize+1","Die Die Die+1","Dash","Apotheosis+1","Corpse Explosion","Deflect+1","PiercingWail","Malaise","Quick Slash+1","Noxious Fumes+1","Blur","Backflip","Bullet Time","Well Laid Plans","Noxious Fumes","Caltrops+1","Dash","Discovery+1","After Image","Backflip+1"],"relics":["Ring of the Snake","Omamori","Singing Bowl","Mercury Hourglass","Philosopher\u0027s Stone","Ornamental Fan","Anchor","Bottled Lightning","Regal Pillow","Snecko Eye","Girya","Tingsha","MawBank","Toxic Egg 2","Membership Card","Strawberry","War Paint","Letter Opener"],"potions_floor_usage":[7,13,40,54,55],"damage_taken":[{"damage":2,"enemies":"Cultist","floor":1,"turns":5},{"damage":0,"enemies":"2 Louse","floor":4,"turns":1},{"damage":27,"enemies":"3 Sentries","floor":7,"turns":8},{"damage":0,"enemies":"Jaw Worm","floor":8,"turns":3},{"damage":1,"enemies":"Lagavulin","floor":12,"turns":10},{"damage":12,"enemies":"Exordium Thugs","floor":13,"turns":3},{"damage":7,"enemies":"Exordium Wildlife","floor":14,"turns":4},{"damage":4,"enemies":"The Guardian","floor":16,"turns":13},{"damage":0,"enemies":"Shell Parasite","floor":18,"turns":7},{"damage":10,"enemies":"2 Thieves","floor":22,"turns":4},{"damage":7,"enemies":"Book of Stabbing","floor":23,"turns":10},{"damage":13,"enemies":"Gremlin Leader","floor":25,"turns":8},{"damage":7,"enemies":"Slavers","floor":28,"turns":3},{"damage":8,"enemies":"Sentry and Sphere","floor":29,"turns":4},{"damage":0,"enemies":"Cultist and Chosen","floor":30,"turns":3},{"damage":0,"enemies":"Centurion and Healer","floor":31,"turns":4},{"damage":47,"enemies":"Champ","floor":33,"turns":13},{"damage":0,"enemies":"3 Shapes","floor":35,"turns":3},{"damage":0,"enemies":"3 Darklings","floor":37,"turns":3},{"damage":53,"enemies":"2 Orb Walkers","floor":38,"turns":5},{"damage":7,"enemies":"Reptomancer","floor":40,"turns":9},{"damage":0,"enemies":"Spire Growth","floor":41,"turns":6},{"damage":1,"enemies":"Giant Head","floor":42,"turns":9},{"damage":5,"enemies":"Sphere and 2 Shapes","floor":44,"turns":4},{"damage":0,"enemies":"Awakened One","floor":50,"turns":17},{"damage":47,"enemies":"Shield and Spear","floor":54,"turns":6},{"damage":51,"enemies":"The Heart","floor":55,"turns":11}],"seed_played":"-3404059202471647086","potions_obtained":[{"floor":4,"key":"Regen Potion"},{"floor":12,"key":"Explosive Potion"},{"floor":18,"key":"FearPotion"},{"floor":23,"key":"FearPotion"},{"floor":44,"key":"SpeedPotion"}],"is_trial":false,"path_per_floor":["M","$","?","M","?","R","E","M","T","R","$","E","M","M","R","B",null,"M","?","?","?","M","E","R","E","T","R","E","M","M","M","R","B",null,"M","$","M","?","?","E","M","E","T","M","R","?","R","?","R","B",null,"R","$","E","B"],"character_chosen":"THE_SILENT","items_purchased":["Die Die Die","Apotheosis","Well Laid Plans","Membership Card","After Image","Strawberry","War Paint"],"campfire_rested":3,"item_purchase_floors":[2,11,36,53,53,53,53],"current_hp_per_floor":[57,57,34,34,34,34,24,26,26,26,26,25,13,6,6,2,53,53,53,53,70,62,55,55,42,42,42,37,29,31,31,68,21,62,64,64,66,15,15,8,10,9,9,4,44,44,44,38,79,79,86,86,93,46,0],"gold":514,"neow_bonus":"RANDOM_COMMON_RELIC","is_prod":false,"is_daily":false,"chose_seed":false,"campfire_upgraded":4,"win_rate":0,"timestamp":1564725660,"path_taken":["M","$","?","M","?","R","E","M","T","R","?","E","M","M","R","BOSS","M","?","?","?","M","E","R","E","T","R","E","?","M","M","R","BOSS","M","$","M","?","?","E","M","E","T","?","R","?","R","?","R","BOSS","R","$","E","BOSS"],"build_version":"2019-07-17","purchased_purges":3,"victory":false,"max_hp_per_floor":[66,66,66,66,66,66,68,70,70,70,70,70,70,70,70,70,70,70,70,70,70,72,72,72,72,72,72,74,74,76,76,76,76,76,78,78,80,82,82,82,84,84,84,84,84,84,84,88,88,88,88,88,95,95,95],"card_choices":[{"not_picked":["Dagger Throw","Flechettes"],"picked":"Choke","floor":1},{"not_picked":["Flying Knee","Dagger Throw"],"picked":"Dash","floor":4},{"not_picked":["Dagger Throw","Flying Knee","Outmaneuver"],"picked":"Singing Bowl","floor":7},{"not_picked":["Slice","Finisher","Dagger Spray"],"picked":"Singing Bowl","floor":8},{"not_picked":["Catalyst","Poisoned Stab"],"picked":"Corpse Explosion","floor":12},{"not_picked":["Deadly Poison","Dodge and Roll"],"picked":"Deflect","floor":13},{"not_picked":["Deflect","Underhanded Strike"],"picked":"PiercingWail","floor":14},{"not_picked":["Glass Knife","Phantasmal Killer"],"picked":"Malaise","floor":16},{"not_picked":["Cloak And Dagger","Blade Dance"],"picked":"Quick Slash+1","floor":18},{"not_picked":["Bouncing Flask","Sucker Punch","Outmaneuver"],"picked":"Singing Bowl","floor":22},{"not_picked":["Concentrate","Accuracy"],"picked":"Noxious Fumes","floor":23},{"not_picked":["Slice","Poisoned Stab"],"picked":"Caltrops","floor":25},{"not_picked":["Dagger Throw","Underhanded Strike+1","Poisoned Stab"],"picked":"Singing Bowl","floor":28},{"not_picked":["Bane","Deflect"],"picked":"Blur","floor":29},{"not_picked":["Bane","Unload","Slice"],"picked":"Singing Bowl","floor":30},{"not_picked":["Escape Plan","Dodge and Roll"],"picked":"Backflip","floor":31},{"not_picked":["Storm of Steel","Grand Finale"],"picked":"Bullet Time","floor":33},{"not_picked":["Escape Plan","Deadly Poison+1","Dodge and Roll+1"],"picked":"Singing Bowl","floor":35},{"not_picked":["Dodge and Roll","Poisoned Stab","Sucker Punch"],"picked":"Singing Bowl","floor":37},{"not_picked":["Underhanded Strike","Sucker Punch+1","Backstab+1"],"picked":"Singing Bowl","floor":38},{"not_picked":["Backflip","Terror"],"picked":"Noxious Fumes","floor":40},{"not_picked":["Prepared","Expertise","Bane"],"picked":"Singing Bowl","floor":41},{"not_picked":["Envenom","Cloak And Dagger"],"picked":"Caltrops+1","floor":42},{"not_picked":["Deflect+1","Setup+1"],"picked":"Dash","floor":44},{"not_picked":["PanicButton+1","Swift Strike","Chrysalis+1"],"picked":"Singing Bowl","floor":48},{"not_picked":["Impatience+1","Swift Strike"],"picked":"Discovery+1","floor":48},{"not_picked":["Dramatic Entrance","Good Instincts+1","PanicButton+1"],"picked":"Singing Bowl","floor":48},{"not_picked":["Finisher","Cloak And Dagger+1"],"picked":"Backflip+1","floor":54}],"player_experience":1639838,"relics_obtained":[{"floor":7,"key":"Singing Bowl"},{"floor":12,"key":"Mercury Hourglass"},{"floor":23,"key":"Ornamental Fan"},{"floor":25,"key":"Anchor"},{"floor":26,"key":"Bottled Lightning"},{"floor":28,"key":"Regal Pillow"},{"floor":38,"key":"Girya"},{"floor":40,"key":"Tingsha"},{"floor":42,"key":"MawBank"},{"floor":43,"key":"Toxic Egg 2"},{"floor":54,"key":"Letter Opener"}],"event_choices":[{"damage_healed":0,"gold_gain":0,"player_choice":"Take Damage","damage_taken":23,"relics_obtained":["Golden Idol"],"max_hp_gain":0,"max_hp_loss":0,"event_name":"Golden Idol","floor":3,"gold_loss":0},{"damage_healed":0,"gold_gain":150,"player_choice":"AGREE","damage_taken":0,"max_hp_gain":0,"max_hp_loss":0,"event_name":"Liars Game","floor":5,"gold_loss":0,"cards_obtained":["Doubt"]},{"cards_removed":["Strike_G"],"damage_healed":0,"gold_gain":0,"player_choice":"Gave Gold","damage_taken":0,"max_hp_gain":0,"max_hp_loss":0,"event_name":"Beggar","floor":19,"gold_loss":75},{"damage_healed":0,"gold_gain":0,"player_choice":"Ignored","damage_taken":0,"max_hp_gain":0,"max_hp_loss":0,"event_name":"The Mausoleum","floor":20,"gold_loss":0},{"cards_removed":["Choke"],"damage_healed":17,"gold_gain":0,"player_choice":"Offered Uncommon","damage_taken":0,"max_hp_gain":0,"max_hp_loss":0,"event_name":"Bonfire Elementals","floor":21,"gold_loss":0},{"damage_healed":0,"gold_gain":0,"player_choice":"Fight","damage_taken":0,"max_hp_gain":0,"max_hp_loss":0,"event_name":"Mysterious Sphere","floor":38,"gold_loss":0},{"cards_removed":["Caltrops"],"damage_healed":0,"gold_gain":0,"player_choice":"Removed Power","damage_taken":0,"max_hp_gain":0,"max_hp_loss":0,"event_name":"Falling","floor":39,"gold_loss":0},{"damage_healed":0,"gold_gain":333,"player_choice":"Gave Idol","damage_taken":0,"max_hp_gain":0,"max_hp_loss":0,"event_name":"The Moai Head","floor":46,"relics_lost":["Golden Idol"],"gold_loss":0},{"damage_healed":0,"gold_gain":0,"player_choice":"Memory 3","damage_taken":10,"max_hp_gain":0,"max_hp_loss":0,"event_name":"SensoryStone","floor":48,"gold_loss":0}],"is_beta":false,"boss_relics":[{"not_picked":["Black Star","White Beast Statue"],"picked":"Philosopher\u0027s Stone"},{"not_picked":["Astrolabe","Velvet Choker"],"picked":"Snecko Eye"}],"items_purged_floors":[11,36,53],"is_endless":false,"potions_floor_spawned":[4,12,18,23,28,33,37,38,44],"killed_by":"The Heart","ascension_level":15}