{"gold_per_floor":[111,131,50,50,67,101,101,101,126,126,73,85,85,32,32,32],"floor_reached":16,"playtime":250,"items_purged":[],"score":196,"play_id":"0678b276-01aa-47ad-9686-b2f590718bb7","local_time":"20190618110849","is_ascension_mode":true,"campfire_choices":[{"data":"Zap","floor":7,"key":"SMITH"},{"data":"Loop","floor":10,"key":"SMITH"},{"data":"Dualcast","floor":15,"key":"SMITH"}],"neow_cost":"NONE","seed_source_timestamp":1367263346782661,"circlet_count":0,"master_deck":["AscendersBane","Strike_B","Strike_B","Defend_B","Defend_B","Defend_B","Defend_B","Zap+1","Dualcast+1","Loop+1","Capacitor","Self Repair","Storm","Conserve Battery","Turbo","Ball Lightning"],"special_seed":0,"relics":["Cracked Core","NeowsBlessing","Regal Pillow","Blood Vial","Golden Idol"],"potions_floor_usage":[6,6,16],"damage_taken":[{"damage":0.0,"enemies":"Cultist","floor":1.0,"turns":1.0},{"damage":0.0,"enemies":"2 Louse","floor":2.0,"turns":1.0},{"damage":0,"enemies":"Jaw Worm","floor":5,"turns":1},{"damage":13,"enemies":"Lagavulin","floor":6,"turns":7},{"damage":22,"enemies":"Exordium Wildlife","floor":12,"turns":4},{"damage":43,"enemies":"Hexaghost","floor":16,"turns":9}],"seed_played":"-8083031268565326800","potions_obtained":[{"floor":1.0,"key":"Block Potion"},{"floor":2.0,"key":"Explosive Potion"},{"floor":6,"key":"Dexterity Potion"}],"is_trial":false,"path_per_floor":["M","M","$","?","M","E","R","?","T","R","$","M","?","$","R","B"],"character_chosen":"DEFECT","items_purchased":["Self Repair","Turbo","Ball Lightning"],"campfire_rested":0,"item_purchase_floors":[3,11,14],"current_hp_per_floor":[64,64,64,64,64,58,58,51,51,51,51,38,38,38,38,0],"gold":32,"neow_bonus":"THREE_ENEMY_KILL","is_prod":false,"is_daily":false,"chose_seed":false,"campfire_upgraded":3,"win_rate":0,"timestamp":1560827329,"path_taken":["M","?","?","?","M","E","R","?","T","R","?","?","?","$","R","BOSS"],"build_version":"2019-01-23","purchased_purges":0,"victory":false,"max_hp_per_floor":[71,71,71,71,71,71,71,71,71,71,71,71,64,64,64,64],"card_choices":[{"not_picked":["Steam","Aggregate"],"picked":"Loop","floor":1.0},{"not_picked":["Streamline","Rebound"],"picked":"Capacitor","floor":2.0},{"not_picked":["Loop","Leap"],"picked":"Storm","floor":5},{"not_picked":["Steam Power","Lockon"],"picked":"Conserve Battery","floor":6},{"not_picked":["Go for the Eyes","Leap","Beam Cell"],"picked":"SKIP","floor":12}],"player_experience":1919929,"relics_obtained":[{"floor":6,"key":"Regal Pillow"},{"floor":9,"key":"Blood Vial"}],"event_choices":[{"cards_removed":["Strike_B"],"damage_healed":0,"gold_gain":0,"player_choice":"Forget","damage_taken":0,"max_hp_gain":0,"max_hp_loss":0,"event_name":"Living Wall","floor":4,"gold_loss":0},{"cards_removed":["Strike_B"],"damage_healed":0,"gold_gain":0,"player_choice":"Card Removal","damage_taken":7,"max_hp_gain":0,"max_hp_loss":0,"event_name":"Golden Wing","floor":8,"gold_loss":0},{"damage_healed":0,"gold_gain":0,"player_choice":"Lose Max HP","damage_taken":0,"relics_obtained":["Golden Idol"],"max_hp_gain":0,"max_hp_loss":7,"event_name":"Golden Idol","floor":13,"gold_loss":0}],"is_beta":false,"boss_relics":[],"items_purged_floors":[],"is_endless":false,"potions_floor_spawned":[1,2,6],"killed_by":"Hexaghost","ascension_level":20}