{"gold_per_floor":[115,134,149,165,165,165,195,211,211,211,223,256,274,274,274,352,352,368,568,159,182,200,200,216,216,240,254,265,294,294,294,294,294],"floor_reached":33,"playtime":746,"items_purged":["Strike_B"],"score":488,"play_id":"6abdf41b-7ed4-4883-ad0b-3976047cac2c","local_time":"20190727215800","is_ascension_mode":true,"campfire_choices":[{"data":"Sunder","floor":6.0,"key":"SMITH"},{"data":"Sunder","floor":10.0,"key":"SMITH"},{"floor":15.0,"key":"REST"},{"data":"Beam Cell","floor":23.0,"key":"SMITH"},{"data":"Sunder","floor":25.0,"key":"SMITH"},{"floor":30.0,"key":"REST"},{"floor":32.0,"key":"REST"}],"neow_cost":"NONE","seed_source_timestamp":792264370604187,"circlet_count":0,"master_deck":["AscendersBane","Strike_B","Defend_B","Defend_B","Defend_B","Defend_B","Zap","Dualcast","Sunder+1","Sunder+1","Turbo","Ball Lightning","Conserve Battery","Beam Cell+1","Coolheaded","Lockon","Gash","Auto Shields","Sunder+1","Enlightenment","Master of Strategy","Hologram+1","Turbo+1"],"special_seed":0,"relics":["Cracked Core","NeowsBlessing","Darkstone Periapt","Matryoshka","Nunchaku","Velvet Choker","Centennial Puzzle","PreservedInsect","Orichalcum","The Courier"],"potions_floor_usage":[],"damage_taken":[{"damage":0.0,"enemies":"Cultist","floor":1.0,"turns":1.0},{"damage":0.0,"enemies":"Jaw Worm","floor":2.0,"turns":1.0},{"damage":0.0,"enemies":"Small Slimes","floor":3.0,"turns":1.0},{"damage":14.0,"enemies":"Exordium Thugs","floor":4.0,"turns":4.0},{"damage":30.0,"enemies":"Lagavulin","floor":7.0,"turns":6.0},{"damage":5.0,"enemies":"Lots of Slimes","floor":8.0,"turns":3.0},{"damage":8.0,"enemies":"Gremlin Gang","floor":11.0,"turns":4.0},{"damage":16.0,"enemies":"Gremlin Nob","floor":12.0,"turns":3.0},{"damage":0.0,"enemies":"Blue Slaver","floor":13.0,"turns":3.0},{"damage":20.0,"enemies":"The Guardian","floor":16.0,"turns":12.0},{"damage":21.0,"enemies":"Spheric Guardian","floor":18.0,"turns":4.0},{"damage":5.0,"enemies":"3 Byrds","floor":22.0,"turns":4.0},{"damage":0.0,"enemies":"Centurion and Healer","floor":24.0,"turns":4.0},{"damage":11.0,"enemies":"3 Cultists","floor":27.0,"turns":5.0},{"damage":5.0,"enemies":"Cultist and Chosen","floor":28.0,"turns":3.0},{"damage":1.0,"enemies":"Book of Stabbing","floor":29.0,"turns":4.0},{"damage":8.0,"enemies":"Colosseum Slavers","floor":31.0,"turns":2.0},{"damage":56,"enemies":"Collector","floor":33,"turns":5}],"seed_played":"3155502906154005836","potions_obtained":[{"floor":3.0,"key":"Regen Potion"},{"floor":8.0,"key":"PowerPotion"},{"floor":11.0,"key":"Dexterity Potion"},{"floor":12.0,"key":"Block Potion"},{"floor":13.0,"key":"FearPotion"},{"floor":22.0,"key":"SkillPotion"},{"floor":24.0,"key":"Strength Potion"}],"is_trial":false,"path_per_floor":["M","M","M","M","?","R","E","M","T","R","M","E","M","?","R","B",null,"M","?","$","T","M","R","M","R","T","M","M","E","R","?","R","B"],"character_chosen":"DEFECT","items_purchased":["Sunder","Enlightenment","Master of Strategy"],"campfire_rested":3,"item_purchase_floors":[20,20,20],"current_hp_per_floor":[64,64,64,50,50,50,20,15,15,15,19,3,3,3,24,4,54,33,33,33,33,28,28,28,28,28,17,12,11,32,24,45,0],"gold":294,"neow_bonus":"THREE_ENEMY_KILL","is_prod":false,"is_daily":false,"chose_seed":false,"campfire_upgraded":4,"win_rate":0,"timestamp":1564235880,"path_taken":["M","?","M","M","?","R","E","M","T","R","?","E","?","?","R","BOSS","M","?","$","?","M","R","?","R","T","M","?","E","R","?","R","BOSS"],"build_version":"2019-07-17","purchased_purges":1,"victory":false,"max_hp_per_floor":[71,71,71,71,71,71,71,71,71,71,71,71,71,71,71,71,71,71,71,71,71,71,71,71,71,71,71,71,71,71,71,71,71],"card_choices":[{"not_picked":["Redo","Glacier"],"picked":"Sunder","floor":1.0},{"not_picked":["Barrage","Hello World"],"picked":"Sunder","floor":2.0},{"not_picked":["Aggregate","Sweeping Beam"],"picked":"Turbo","floor":3.0},{"not_picked":["Hologram","Genetic Algorithm"],"picked":"Ball Lightning","floor":4.0},{"not_picked":["Cold Snap","Go for the Eyes"],"picked":"Conserve Battery","floor":7.0},{"not_picked":["Redo","Conserve Battery"],"picked":"Beam Cell","floor":8.0},{"not_picked":["Thunder Strike","Leap"],"picked":"Coolheaded","floor":11.0},{"not_picked":["Coolheaded","Ball Lightning","Barrage"],"picked":"SKIP","floor":12.0},{"not_picked":["Hologram","Tempest"],"picked":"Lockon","floor":13.0},{"not_picked":["Compile Driver","Capacitor"],"picked":"Auto Shields","floor":18.0},{"not_picked":["Storm","Stack","Chaos"],"picked":"SKIP","floor":22.0},{"not_picked":["Gash","Sweeping Beam","Cold Snap"],"picked":"SKIP","floor":24.0},{"not_picked":["Stack","Redo"],"picked":"Hologram+1","floor":27.0},{"not_picked":["Capacitor","Turbo","Compile Driver"],"picked":"SKIP","floor":28.0},{"not_picked":["Hyperbeam","Rebound"],"picked":"Turbo+1","floor":29.0}],"player_experience":2089755,"relics_obtained":[{"floor":7.0,"key":"Darkstone Periapt"},{"floor":9.0,"key":"Matryoshka"},{"floor":12.0,"key":"Nunchaku"},{"floor":21.0,"key":"Centennial Puzzle"},{"floor":26.0,"key":"PreservedInsect"},{"floor":26.0,"key":"Orichalcum"},{"floor":29.0,"key":"The Courier"}],"event_choices":[{"cards_removed":["Strike_B"],"damage_healed":0.0,"max_hp_gain":0.0,"max_hp_loss":0.0,"gold_gain":0.0,"event_name":"Wheel of Change","player_choice":"Card Removal","floor":5.0,"gold_loss":0.0,"damage_taken":0.0},{"damage_healed":0.0,"max_hp_gain":0.0,"max_hp_loss":0.0,"gold_gain":0.0,"cards_transformed":["Strike_B"],"event_name":"Living Wall","player_choice":"Change","floor":14.0,"gold_loss":0.0,"damage_taken":0.0,"cards_obtained":["Gash"]},{"damage_healed":0.0,"max_hp_gain":0.0,"max_hp_loss":0.0,"gold_gain":200.0,"event_name":"Wheel of Change","player_choice":"Gold","floor":19.0,"gold_loss":0.0,"damage_taken":0.0},{"damage_healed":0.0,"max_hp_gain":0.0,"max_hp_loss":0.0,"gold_gain":0.0,"event_name":"Colosseum","player_choice":"Fight","floor":31.0,"gold_loss":0.0,"damage_taken":0.0},{"damage_healed":0.0,"max_hp_gain":0.0,"max_hp_loss":0.0,"gold_gain":0.0,"event_name":"Colosseum","player_choice":"Fled From Nobs","floor":31.0,"gold_loss":0.0,"damage_taken":0.0}],"is_beta":false,"boss_relics":[{"not_picked":["Fusion Hammer","Black Star"],"picked":"Velvet Choker"}],"items_purged_floors":[20],"is_endless":false,"potions_floor_spawned":[3,8,11,12,13,22,24,31],"killed_by":"Collector","ascension_level":15}