{"gold_per_floor":[109,126,126,138,138,171,30,30,54,54],"floor_reached":10,"playtime":192,"items_purged":[],"score":116,"play_id":"b00a1d5a-4113-427b-9ba6-2c32373507f5","local_time":"20190730183008","is_ascension_mode":true,"campfire_choices":[{"floor":8,"key":"REST"}],"neow_cost":"NONE","seed_source_timestamp":325112178373144,"circlet_count":0,"master_deck":["AscendersBane","Strike_B","Strike_B","Strike_B","Defend_B","Defend_B","Defend_B","Defend_B","Zap","Dualcast","White Noise","Coolheaded","Sunder","Leap"],"relics":["Cracked Core","NeowsBlessing","Oddly Smooth Stone","MawBank","Omamori","Pen Nib"],"potions_floor_usage":[6,10],"damage_taken":[{"damage":0,"enemies":"Jaw Worm","floor":1,"turns":1},{"damage":0,"enemies":"Cultist","floor":2,"turns":1},{"damage":0,"enemies":"Small Slimes","floor":4,"turns":1},{"damage":29,"enemies":"Gremlin Nob","floor":6,"turns":5},{"damage":38,"enemies":"Lagavulin","floor":10,"turns":7}],"seed_played":"-1090943696230060079","potions_obtained":[{"floor":1,"key":"Energy Potion"},{"floor":6,"key":"EntropicBrew"}],"is_trial":false,"path_per_floor":["M","M","?","M","?","E","$","R","T","E"],"character_chosen":"DEFECT","items_purchased":["Omamori"],"campfire_rested":1,"item_purchase_floors":[7],"current_hp_per_floor":[64,64,64,64,38,9,9,30,30,0],"gold":54,"neow_bonus":"THREE_ENEMY_KILL","is_prod":false,"is_daily":false,"chose_seed":false,"campfire_upgraded":0,"win_rate":0,"timestamp":1564525808,"path_taken":["M","M","?","?","?","E","$","R","T","E"],"build_version":"2019-07-17","purchased_purges":0,"victory":false,"max_hp_per_floor":[71,71,71,71,71,71,71,71,71,71],"card_choices":[{"not_picked":["Stack","Lockon"],"picked":"White Noise","floor":1},{"not_picked":["Turbo","Force Field"],"picked":"Coolheaded","floor":2},{"not_picked":["Gash","Thunder Strike"],"picked":"Leap","floor":4},{"not_picked":["Scrape","Force Field","Rebound"],"picked":"SKIP","floor":6}],"player_experience":1604869,"relics_obtained":[{"floor":6,"key":"MawBank"},{"floor":9,"key":"Pen Nib"}],"event_choices":[{"damage_healed":0,"gold_gain":0,"cards_transformed":["Strike_B"],"player_choice":"Transformed","damage_taken":0,"max_hp_gain":0,"max_hp_loss":0,"event_name":"Transmorgrifier","floor":3,"gold_loss":0,"cards_obtained":["Sunder"]},{"damage_healed":0,"gold_gain":0,"player_choice":"Success","damage_taken":26,"relics_obtained":["Oddly Smooth Stone"],"max_hp_gain":0,"max_hp_loss":0,"event_name":"Scrap Ooze","floor":5,"gold_loss":0}],"is_beta":false,"boss_relics":[],"items_purged_floors":[],"is_endless":false,"potions_floor_spawned":[1,6],"killed_by":"Lagavulin","ascension_level":15}