{"gold_per_floor":[118,136,211,229,68,68,68,68,139,174,174,195,195,215,215,338,338,323,361,361,380,380],"floor_reached":22,"playtime":3058,"items_purged":[],"score":212,"play_id":"9ed2af30-78d7-437c-a096-4021535e8fa9","local_time":"20190511105909","is_ascension_mode":true,"campfire_choices":[{"data":"Concentrate","floor":6,"key":"SMITH"},{"data":"Skewer","floor":13,"key":"SMITH"},{"floor":15,"key":"REST"}],"neow_cost":"NONE","seed_source_timestamp":228608780476155,"circlet_count":0,"master_deck":["Defend_G","Defend_G","Defend_G","Defend_G","Defend_G","Strike_G","Strike_G","Strike_G","Strike_G","Strike_G","Survivor","Neutralize","Concentrate+1","Skewer+1","Footwork","Glass Knife+1","Injury","Blur","Crippling Poison","Adrenaline","Blur","PiercingWail","PiercingWail","Footwork"],"relics":["Ring of the Snake","Happy Flower","Golden Idol","The Courier","Pear","Orrery","Nloth\u0027s Gift"],"potions_floor_usage":[10,10,16],"damage_taken":[{"damage":1,"enemies":"Small Slimes","floor":1,"turns":4},{"damage":0,"enemies":"Jaw Worm","floor":2,"turns":4},{"damage":6,"enemies":"2 Louse","floor":4,"turns":3},{"damage":14,"enemies":"Gremlin Nob","floor":10,"turns":5},{"damage":8,"enemies":"Exordium Thugs","floor":12,"turns":3},{"damage":1,"enemies":"2 Fungi Beasts","floor":14,"turns":3},{"damage":18,"enemies":"The Guardian","floor":16,"turns":11},{"damage":17,"enemies":"2 Thieves","floor":18,"turns":4},{"damage":20,"enemies":"Masked Bandits","floor":19,"turns":7},{"damage":0,"enemies":"Chosen","floor":21,"turns":6},{"damage":48,"enemies":"Snecko","floor":22,"turns":8}],"seed_played":"-5243514698232882616","potions_obtained":[{"floor":2,"key":"Weak Potion"},{"floor":4,"key":"EssenceOfSteel"},{"floor":10,"key":"Dexterity Potion"},{"floor":14,"key":"SteroidPotion"}],"is_trial":false,"path_per_floor":["M","M","?","M","$","R","$","?","T","E","?","M","R","M","R","B",null,"M","?","?","M","M"],"character_chosen":"THE_SILENT","items_purchased":["Glass Knife"],"campfire_rested":1,"item_purchase_floors":[5],"current_hp_per_floor":[69,69,58,52,52,52,52,52,52,48,48,40,40,39,63,45,80,63,43,43,43,0],"gold":380,"neow_bonus":"RANDOM_COMMON_RELIC","is_prod":false,"is_daily":false,"chose_seed":false,"campfire_upgraded":2,"win_rate":0,"timestamp":1557586749,"path_taken":["M","M","?","M","$","R","$","?","T","E","?","M","R","M","R","BOSS","M","?","?","M","?"],"build_version":"2019-01-23","purchased_purges":0,"victory":false,"max_hp_per_floor":[70,70,70,70,70,70,70,70,70,80,80,80,80,80,80,80,80,80,80,80,80,80],"card_choices":[{"not_picked":["Poisoned Stab","Setup"],"picked":"Concentrate","floor":1},{"not_picked":["Quick Slash","PiercingWail"],"picked":"Skewer","floor":2},{"not_picked":["Tactician","Flying Knee"],"picked":"Footwork","floor":4},{"not_picked":["Backflip","Dagger Throw"],"picked":"Blur","floor":10},{"not_picked":["Envenom","Deflect"],"picked":"Crippling Poison","floor":12},{"not_picked":["Acrobatics","Masterful Stab","Escape Plan"],"picked":"SKIP","floor":14},{"not_picked":["Unload","Doppelganger"],"picked":"Adrenaline","floor":16},{"not_picked":["Backflip","Quick Slash"],"picked":"Blur","floor":17},{"not_picked":["Heel Hook","Cloak And Dagger"],"picked":"PiercingWail","floor":17},{"not_picked":["Dodge and Roll","Blade Dance"],"picked":"PiercingWail","floor":17},{"not_picked":["Dagger Spray","Expertise","A Thousand Cuts"],"picked":"SKIP","floor":18},{"not_picked":["Setup+1","Dodge and Roll"],"picked":"Footwork","floor":19},{"not_picked":["Calculated Gamble","Backflip","PiercingWail+1"],"picked":"SKIP","floor":21}],"player_experience":967990,"relics_obtained":[{"floor":9,"key":"The Courier"},{"floor":10,"key":"Pear"},{"floor":19,"key":"Red Mask"}],"event_choices":[{"damage_healed":0,"gold_gain":75,"player_choice":"Gather Gold","damage_taken":11,"max_hp_gain":0,"max_hp_loss":0,"event_name":"World of Goop","floor":3,"gold_loss":0},{"damage_healed":0,"gold_gain":0,"player_choice":"Take Wound","damage_taken":0,"relics_obtained":["Golden Idol"],"max_hp_gain":0,"max_hp_loss":0,"event_name":"Golden Idol","floor":8,"gold_loss":0,"cards_obtained":["Injury"]},{"damage_healed":0,"gold_gain":0,"player_choice":"Grow","damage_taken":0,"max_hp_gain":0,"max_hp_loss":0,"event_name":"Living Wall","floor":11,"gold_loss":0,"cards_upgraded":["Glass Knife"]},{"damage_healed":0,"gold_gain":0,"player_choice":"Fought Bandits","damage_taken":0,"max_hp_gain":0,"max_hp_loss":0,"event_name":"Masked Bandits","floor":19,"gold_loss":0},{"damage_healed":0,"gold_gain":0,"player_choice":"Traded Relic","damage_taken":0,"relics_obtained":["Nloth\u0027s Gift"],"max_hp_gain":0,"max_hp_loss":0,"event_name":"N\u0027loth","floor":20,"relics_lost":["Red Mask"],"gold_loss":0}],"is_beta":false,"boss_relics":[{"not_picked":["White Beast Statue","Snecko Eye"],"picked":"Orrery"}],"items_purged_floors":[],"is_endless":false,"potions_floor_spawned":[2,4,10,14],"killed_by":"Snecko","ascension_level":3}