{"gold_per_floor":[112,130,205,205,57,57,57,68,68,68,101,101,101,26,26,127,127,140,140,40,53,70,70,88,88,139,239,239,338,368,255,255,359,359,376,226,236,254,254,254,270,270,270,283,315,140,150,178,178,178],"floor_reached":51,"playtime":919,"items_purged":["Defend_R","Strike_R","Defend_R","Strike_R+1","Strike_R+1"],"score":896,"play_id":"650d7037-98a9-4b57-a772-793f5fe1b079","local_time":"20190805064924","is_ascension_mode":false,"campfire_choices":[{"data":"Limit Break","floor":6.0,"key":"SMITH"},{"data":"Flex","floor":10.0,"key":"SMITH"},{"data":"Heavy Blade","floor":12.0,"key":"SMITH"},{"data":"Bash","floor":15.0,"key":"SMITH"},{"data":"Battle Trance","floor":23,"key":"SMITH"},{"data":"Strike_R","floor":25,"key":"SMITH"},{"data":"Defend_R","floor":28,"key":"SMITH"},{"floor":32,"key":"RECALL"},{"data":"Offering","floor":40,"key":"SMITH"}],"neow_cost":"NONE","seed_source_timestamp":14916802725419,"circlet_count":0,"master_deck":["Defend_R+1","Defend_R+1","Bash+1","Limit Break+1","Flex+1","Heavy Blade+1","Battle Trance+1","Offering+1"],"special_seed":0,"relics":["Burning Blood","Red Skull","Blue Candle","Sundial","Coffee Dripper","Orichalcum","Du-Vu Doll","Darkstone Periapt","MawBank","Pear","Lantern","Dream Catcher"],"potions_floor_usage":[],"damage_taken":[{"damage":6.0,"enemies":"Cultist","floor":1.0,"turns":3.0},{"damage":6.0,"enemies":"Jaw Worm","floor":2.0,"turns":3.0},{"damage":0.0,"enemies":"Small Slimes","floor":8.0,"turns":3.0},{"damage":31.0,"enemies":"Lagavulin","floor":11.0,"turns":6.0},{"damage":13.0,"enemies":"The Guardian","floor":16.0,"turns":6.0},{"damage":9.0,"enemies":"3 Byrds","floor":18.0,"turns":6.0},{"damage":10,"enemies":"Chosen","floor":21,"turns":2},{"damage":12,"enemies":"Centurion and Healer","floor":22,"turns":3},{"damage":10,"enemies":"Cultist and Chosen","floor":24,"turns":3},{"damage":2,"enemies":"Colosseum Slavers","floor":27,"turns":3},{"damage":0,"enemies":"Colosseum Nobs","floor":27,"turns":2},{"damage":6,"enemies":"Book of Stabbing","floor":30,"turns":2},{"damage":29,"enemies":"Collector","floor":33,"turns":5},{"damage":6,"enemies":"3 Darklings","floor":35,"turns":2},{"damage":6,"enemies":"3 Shapes","floor":37,"turns":1},{"damage":6,"enemies":"Writhing Mass","floor":38,"turns":1},{"damage":6,"enemies":"Maw","floor":41,"turns":2},{"damage":0,"enemies":"Spire Growth","floor":44,"turns":2},{"damage":6,"enemies":"Giant Head","floor":45,"turns":2},{"damage":6,"enemies":"Sphere and 2 Shapes","floor":47,"turns":2},{"damage":6,"enemies":"Reptomancer","floor":48,"turns":1},{"damage":44,"enemies":"Awakened One","floor":50,"turns":4}],"seed_played":"-521827131092739353","potions_obtained":[{"floor":8.0,"key":"Fire Potion"},{"floor":30,"key":"GamblersBrew"},{"floor":33,"key":"SteroidPotion"},{"floor":35,"key":"Regen Potion"}],"is_trial":false,"path_per_floor":["M","M","?","?","$","R","$","M","T","R","E","R","?","$","R","B",null,"M","?","$","M","M","R","M","R","T","?","R","?","E","$","R","B",null,"M","$","M","M","?","R","M","?","T","M","E","$","M","E","R","B",null],"character_chosen":"IRONCLAD","items_purchased":["Red Skull"],"campfire_rested":0,"item_purchase_floors":[5],"current_hp_per_floor":[80,80,69,69,69,69,69,75,75,75,50,50,34,34,34,27,80,77,77,77,73,67,67,63,63,63,73,73,73,73,73,73,50,80,80,80,80,80,80,80,80,80,90,90,90,90,90,90,90,52],"gold":178,"neow_bonus":"REMOVE_CARD","is_prod":false,"is_daily":false,"chose_seed":false,"campfire_upgraded":8,"win_rate":0,"timestamp":1564955364,"path_taken":["M","?","?","?","?","R","$","M","T","R","E","R","?","$","R","BOSS","M","?","$","M","M","R","M","R","T","?","R","?","E","?","R","BOSS","M","$","M","M","?","R","M","?","T","M","E","$","?","E","R","BOSS"],"build_version":"2019-07-17","purchased_purges":5,"victory":true,"max_hp_per_floor":[80,80,80,80,80,80,80,80,80,80,80,80,80,80,80,80,80,80,80,80,80,80,80,80,80,80,80,80,80,80,80,80,80,80,80,80,80,80,80,80,80,80,90,90,90,90,90,90,90,90],"card_choices":[{"not_picked":["Twin Strike","Clothesline","Wild Strike"],"picked":"SKIP","floor":1.0},{"not_picked":["Hemokinesis","Wild Strike"],"picked":"Limit Break","floor":2.0},{"not_picked":["Wild Strike","Heavy Blade"],"picked":"Flex","floor":8.0},{"not_picked":["Searing Blow","Corruption"],"picked":"Heavy Blade","floor":11.0},{"not_picked":["Burning Pact+1","Twin Strike"],"picked":"Battle Trance","floor":18.0},{"not_picked":["Twin Strike","Sword Boomerang+1","Infernal Blade"],"picked":"SKIP","floor":21},{"not_picked":["Flame Barrier","Sword Boomerang+1","True Grit"],"picked":"SKIP","floor":22},{"not_picked":["Armaments","Cleave","Sword Boomerang"],"picked":"SKIP","floor":24},{"not_picked":["Burning Pact","Dropkick","Sever Soul+1"],"picked":"SKIP","floor":30},{"not_picked":["Feed","Impervious"],"picked":"Offering","floor":33},{"not_picked":["Combust+1","Cleave+1","Havoc+1"],"picked":"SKIP","floor":35},{"not_picked":["Pommel Strike","Fire Breathing","Thunderclap+1"],"picked":"SKIP","floor":37},{"not_picked":["Second Wind+1","Perfected Strike","Iron Wave"],"picked":"SKIP","floor":38},{"not_picked":["Perfected Strike","Warcry+1","Headbutt+1"],"picked":"SKIP","floor":41},{"not_picked":["Entrench","Feed","Whirlwind"],"picked":"SKIP","floor":44},{"not_picked":["Clothesline+1","Metallicize+1","Warcry"],"picked":"SKIP","floor":45},{"not_picked":["Sentinel+1","Sever Soul+1","Twin Strike"],"picked":"SKIP","floor":47},{"not_picked":["Iron Wave+1","Warcry+1","Seeing Red+1"],"picked":"SKIP","floor":48}],"player_experience":261140,"relics_obtained":[{"floor":9.0,"key":"Blue Candle"},{"floor":11.0,"key":"Sundial"},{"floor":26,"key":"Orichalcum"},{"floor":27,"key":"Du-Vu Doll"},{"floor":27,"key":"Darkstone Periapt"},{"floor":30,"key":"MawBank"},{"floor":43,"key":"Pear"},{"floor":45,"key":"Lantern"},{"floor":48,"key":"Dream Catcher"}],"event_choices":[{"damage_healed":0.0,"max_hp_gain":0.0,"max_hp_loss":0.0,"gold_gain":75.0,"event_name":"World of Goop","player_choice":"Gather Gold","floor":3.0,"gold_loss":0.0,"damage_taken":11.0},{"cards_removed":["Strike_R"],"damage_healed":0.0,"max_hp_gain":0.0,"max_hp_loss":0.0,"gold_gain":0.0,"event_name":"Living Wall","player_choice":"Forget","floor":4.0,"gold_loss":0.0,"damage_taken":0.0},{"damage_healed":0.0,"max_hp_gain":0.0,"max_hp_loss":0.0,"gold_gain":0.0,"event_name":"Shining Light","player_choice":"Entered Light","floor":13.0,"gold_loss":0.0,"damage_taken":16.0,"cards_upgraded":["Strike_R","Defend_R"]},{"damage_healed":0,"gold_gain":0,"player_choice":"Ignored","damage_taken":0,"max_hp_gain":0,"max_hp_loss":0,"event_name":"The Mausoleum","floor":19,"gold_loss":0},{"damage_healed":0,"gold_gain":0,"player_choice":"Fight","damage_taken":0,"max_hp_gain":0,"max_hp_loss":0,"event_name":"Colosseum","floor":27,"gold_loss":0},{"damage_healed":0,"gold_gain":0,"player_choice":"Fought Nobs","damage_taken":0,"max_hp_gain":0,"max_hp_loss":0,"event_name":"Colosseum","floor":27,"gold_loss":0},{"damage_healed":0,"gold_gain":99,"player_choice":"Stole From Cult","damage_taken":0,"max_hp_gain":0,"max_hp_loss":0,"event_name":"Nest","floor":29,"gold_loss":0},{"damage_healed":0,"gold_gain":0,"player_choice":"Ignored","damage_taken":0,"max_hp_gain":0,"max_hp_loss":0,"event_name":"Tomb of Lord Red Mask","floor":39,"gold_loss":0},{"damage_healed":0,"gold_gain":0,"player_choice":"Ignored","damage_taken":0,"max_hp_gain":0,"max_hp_loss":0,"event_name":"Transmorgrifier","floor":42,"gold_loss":0}],"is_beta":false,"boss_relics":[{"not_picked":["Runic Dome","Eternal Feather"],"picked":"Coffee Dripper"},{"not_picked":["White Beast Statue","Snecko Eye","Pandora\u0027s Box"]}],"items_purged_floors":[14,20,31,36,46],"is_endless":false,"potions_floor_spawned":[8,27,30,33,35,37,41,47],"ascension_level":0}