{"gold_per_floor":[118,130,130,141,154,154,181,194,220,239,253,253,106,176,176,281,281,300,300,300,58,58,58,77,1,1,1,13,13,43,59,59,162,162,175,175,175,185,185],"floor_reached":39,"playtime":1677,"items_purged":[],"score":571,"play_id":"ccd9016b-cab4-4bfb-b6c3-8bd4c3b1b033","local_time":"20190530231201","is_ascension_mode":true,"campfire_choices":[{"data":"Body Slam","floor":6,"key":"SMITH"},{"floor":12,"key":"REST"},{"floor":15,"key":"REST"},{"data":"Entrench","floor":23,"key":"SMITH"},{"data":"Barricade","floor":29,"key":"SMITH"},{"floor":32,"key":"REST"}],"neow_cost":"NONE","seed_source_timestamp":24029146576697,"circlet_count":0,"master_deck":["Defend_R","Defend_R","Defend_R","Defend_R","Bash","Exhume","True Grit+1","Ghostly Armor","Body Slam+1","Body Slam","Flame Barrier","Inflame","Body Slam","Juggernaut","Barricade+1","Bite","Bite","Bite","Bite","Bite","Entrench+1","Disarm+1","Corruption","Entrench+1","Double Tap","Body Slam","Panacea","Madness","Madness"],"special_seed":0,"relics":["Burning Blood","Vajra","Centennial Puzzle","Bronze Scales","Gremlin Horn","Busted Crown","Mummified Hand","Mercury Hourglass","Art of War","Bag of Preparation","Orrery"],"potions_floor_usage":[7,7,11,16,18,33,38],"damage_taken":[{"damage":9.0,"enemies":"2 Louse","floor":1.0,"turns":2.0},{"damage":6.0,"enemies":"Cultist","floor":2.0,"turns":4.0},{"damage":2.0,"enemies":"Jaw Worm","floor":4.0,"turns":3.0},{"damage":35,"enemies":"Large Slime","floor":5,"turns":8},{"damage":30,"enemies":"Lagavulin","floor":7,"turns":5},{"damage":6,"enemies":"3 Louse","floor":8,"turns":4},{"damage":7,"enemies":"Exordium Wildlife","floor":10,"turns":3},{"damage":2,"enemies":"Large Slime","floor":11,"turns":6},{"damage":39,"enemies":"The Guardian","floor":16,"turns":11},{"damage":30,"enemies":"2 Thieves","floor":18,"turns":4},{"damage":2,"enemies":"3 Byrds","floor":24,"turns":3},{"damage":20,"enemies":"Shelled Parasite and Fungi","floor":28,"turns":4},{"damage":31,"enemies":"Slavers","floor":30,"turns":4},{"damage":11,"enemies":"Centurion and Healer","floor":31,"turns":4},{"damage":7,"enemies":"Collector","floor":33,"turns":7},{"damage":5,"enemies":"3 Shapes","floor":35,"turns":5},{"damage":0,"enemies":"Orb Walker","floor":38,"turns":3},{"damage":75,"enemies":"Transient","floor":39,"turns":3}],"seed_played":"3678780658678884582","potions_obtained":[{"floor":2.0,"key":"FearPotion"},{"floor":5,"key":"SteroidPotion"},{"floor":7,"key":"Weak Potion"},{"floor":10,"key":"Poison Potion"},{"floor":16,"key":"GamblersBrew"},{"floor":31,"key":"Weak Potion"},{"floor":33,"key":"Block Potion"}],"is_trial":false,"path_per_floor":["M","M","?","M","M","R","E","M","T","M","M","R","$","T","R","B",null,"M","?","?","$","?","R","M","$","T","T","M","R","E","M","R","B",null,"M","?","?","M","M"],"character_chosen":"IRONCLAD","items_purchased":["Bronze Scales","Mummified Hand","Corruption"],"campfire_rested":3,"item_purchase_floors":[13,21,25],"current_hp_per_floor":[69,69,69,73,44,44,20,20,20,19,23,47,47,47,71,38,70,46,46,46,46,46,46,56,56,56,56,46,46,29,28,44,51,55,56,56,49,56,0],"gold":185,"neow_bonus":"ONE_RANDOM_RARE_CARD","is_prod":false,"is_daily":false,"chose_seed":false,"campfire_upgraded":3,"win_rate":0,"timestamp":1559272321,"path_taken":["M","M","?","M","?","R","E","M","T","M","M","R","?","?","R","BOSS","M","?","?","?","?","R","M","$","T","?","?","R","E","M","R","BOSS","M","?","?","M","M"],"build_version":"2019-01-23","purchased_purges":0,"victory":false,"max_hp_per_floor":[80,80,80,80,80,80,80,80,80,80,80,80,80,80,80,80,80,80,80,56,56,56,56,56,56,56,56,56,56,56,56,56,56,56,56,56,56,56,56],"card_choices":[{"not_picked":["Thunderclap","Warcry"],"picked":"True Grit","floor":1.0},{"not_picked":["Headbutt","Seeing Red"],"picked":"Ghostly Armor","floor":2.0},{"not_picked":["Shrug It Off","Feed"],"picked":"Body Slam","floor":4.0},{"not_picked":["Anger","Cleave"],"picked":"Body Slam","floor":5},{"not_picked":["Flex","Perfected Strike"],"picked":"Flame Barrier","floor":7},{"not_picked":["Flex","Warcry"],"picked":"Inflame","floor":8},{"not_picked":["Pommel Strike","Whirlwind"],"picked":"Body Slam","floor":10},{"not_picked":["Body Slam","Pommel Strike"],"picked":"Juggernaut","floor":11},{"not_picked":["Berserk","Bludgeon"],"picked":"Barricade","floor":16},{"not_picked":["Thunderclap"],"picked":"SKIP","floor":18},{"not_picked":[],"picked":"Disarm+1","floor":24},{"not_picked":["Heavy Blade"],"picked":"SKIP","floor":28},{"not_picked":[],"picked":"Entrench+1","floor":30},{"not_picked":["Disarm+1"],"picked":"SKIP","floor":31},{"not_picked":[],"picked":"Double Tap","floor":33},{"not_picked":[],"picked":"Body Slam","floor":34},{"not_picked":["Dropkick+1"],"picked":"SKIP","floor":35},{"not_picked":[],"picked":"Panacea","floor":36},{"not_picked":["Searing Blow+1"],"picked":"SKIP","floor":38}],"player_experience":1041590,"relics_obtained":[{"floor":7,"key":"Vajra"},{"floor":9,"key":"Centennial Puzzle"},{"floor":14,"key":"Gremlin Horn"},{"floor":26,"key":"Mercury Hourglass"},{"floor":27,"key":"Art of War"},{"floor":30,"key":"Bag of Preparation"}],"event_choices":[{"damage_healed":0.0,"max_hp_gain":0.0,"max_hp_loss":0.0,"gold_gain":0.0,"event_name":"Accursed Blacksmith","player_choice":"Forge","floor":3.0,"gold_loss":0.0,"damage_taken":0.0,"cards_upgraded":["True Grit"]},{"damage_healed":0,"gold_gain":0,"player_choice":"Ignored","damage_taken":0,"max_hp_gain":0,"max_hp_loss":0,"event_name":"Ghosts","floor":19,"gold_loss":0},{"damage_healed":0,"gold_gain":0,"player_choice":"Became a vampire","damage_taken":0,"max_hp_gain":0,"max_hp_loss":24,"event_name":"Vampires","floor":20,"gold_loss":0,"cards_obtained":["Bite","Bite","Bite","Bite","Bite"]},{"damage_healed":0,"gold_gain":0,"player_choice":"Read","damage_taken":0,"max_hp_gain":0,"max_hp_loss":0,"event_name":"The Library","floor":22,"gold_loss":0,"cards_obtained":["Entrench"]},{"damage_healed":0,"gold_gain":0,"player_choice":"Memory 1","damage_taken":0,"max_hp_gain":0,"max_hp_loss":0,"event_name":"SensoryStone","floor":36,"gold_loss":0},{"damage_healed":0,"gold_gain":0,"player_choice":"Embrace Madness","damage_taken":7,"max_hp_gain":0,"max_hp_loss":0,"event_name":"Winding Halls","floor":37,"gold_loss":0,"cards_obtained":["Madness","Madness"]}],"is_beta":false,"boss_relics":[{"not_picked":["Velvet Choker","Snecko Eye"],"picked":"Busted Crown"},{"not_picked":["Runic Cube","Pandora\u0027s Box"],"picked":"Orrery"}],"items_purged_floors":[],"is_endless":false,"potions_floor_spawned":[2,5,7,10,16,31,33],"killed_by":"Transient","ascension_level":6}