{"gold_per_floor":[114,28,43,58,73,103,103,133,133,133,163,163,193,208,208,308,308,323,23,23,38,38,368,368,383,383,383,383,398,124,154,154,254,254,269,269,269,269,305,335,350,380,380,395,105,120,135,150,150,150],"floor_reached":50,"playtime":3142,"items_purged":[],"score":670,"play_id":"fe7ef58a-9387-476d-b34b-917ea43d1996","local_time":"20180828214110","daily_mods":["Diverse","Time Dilation","Terminal"],"is_ascension_mode":false,"campfire_choices":[{"data":"Regret","floor":15,"key":"PURGE"},{"floor":24,"key":"REST"},{"data":"Sunder","floor":27,"key":"SMITH"},{"data":"Electrodynamics","floor":32,"key":"SMITH"},{"data":"Doubt","floor":49,"key":"PURGE"}],"neow_cost":"","seed_source_timestamp":899906125060447,"circlet_count":0,"master_deck":["Strike_B","Strike_B","Strike_B","Defend_B+1","Defend_B","Defend_B","Defend_B","Zap","Dualcast","Sunder+1","Footwork","Cloak And Dagger","Chaos","True Grit","Metallicize","Choke","Dash","Dodge and Roll+1","True Grit","Auto Shields","Electrodynamics+1","Cold Snap","Clothesline","Conserve Battery","Stack","Havoc+1","PiercingWail","Hemokinesis","Meteor Strike","Quick Slash+1","Shrug It Off","Double Energy+1","Glacier","Self Repair","Entrench+1","Rage+1","Fire Breathing","Acrobatics","Turbo","Noxious Fumes+1","Choke+1","Immolate"],"special_seed":17771,"relics":["Cracked Core","Question Card","Bag of Preparation","Blood Vial","Peace Pipe","Boot","Pen Nib","Vajra","War Paint","Sozu","Ice Cream","Old Coin","Centennial Puzzle","Art of War","Letter Opener","Lantern","Cursed Key","Incense Burner","Dead Branch","Cables","Bag of Marbles","Mercury Hourglass","DataDisk"],"potions_floor_usage":[8,8],"damage_taken":[{"damage":0,"enemies":"Jaw Worm","floor":1,"turns":3},{"damage":0,"enemies":"Small Slimes","floor":3,"turns":2},{"damage":1,"enemies":"Cultist","floor":4,"turns":3},{"damage":2,"enemies":"3 Louse","floor":5,"turns":3},{"damage":0,"enemies":"Lagavulin","floor":6,"turns":9},{"damage":8,"enemies":"Gremlin Nob","floor":8,"turns":5},{"damage":7,"enemies":"Lagavulin","floor":11,"turns":8},{"damage":5,"enemies":"Gremlin Nob","floor":13,"turns":5},{"damage":0,"enemies":"2 Fungi Beasts","floor":14,"turns":2},{"damage":17,"enemies":"The Guardian","floor":16,"turns":18},{"damage":6,"enemies":"3 Byrds","floor":18,"turns":3},{"damage":5,"enemies":"Colosseum Slavers","floor":20,"turns":5},{"damage":2,"enemies":"Shell Parasite","floor":21,"turns":3},{"damage":27,"enemies":"Slavers","floor":23,"turns":6},{"damage":0,"enemies":"Centurion and Healer","floor":25,"turns":7},{"damage":6,"enemies":"Snecko","floor":29,"turns":6},{"damage":1,"enemies":"Book of Stabbing","floor":31,"turns":5},{"damage":12,"enemies":"Automaton","floor":33,"turns":12},{"damage":0,"enemies":"Orb Walker","floor":35,"turns":2},{"damage":3,"enemies":"Mind Bloom Boss Battle","floor":38,"turns":7},{"damage":3,"enemies":"Mysterious Sphere","floor":39,"turns":3},{"damage":10,"enemies":"2 Orb Walkers","floor":40,"turns":5},{"damage":3,"enemies":"3 Darklings","floor":41,"turns":2},{"damage":3,"enemies":"Nemesis","floor":42,"turns":5},{"damage":3,"enemies":"4 Shapes","floor":44,"turns":3},{"damage":4,"enemies":"Maw","floor":46,"turns":5},{"damage":0,"enemies":"Flame Bruiser 2 Orb","floor":47,"turns":3},{"damage":0,"enemies":"Sphere and 2 Shapes","floor":48,"turns":3},{"damage":34,"enemies":"Time Eater","floor":50,"turns":3}],"seed_played":"-1305355615776414321","potions_obtained":[{"floor":3,"key":"SpeedPotion"},{"floor":4,"key":"Strength Potion"},{"floor":6,"key":"Poison Potion"},{"floor":14,"key":"SteroidPotion"}],"is_trial":false,"path_per_floor":["M","$","M","M","M","E","?","E","T","?","E","?","E","M","R","B",null,"M","$","?","M","?","E","R","M","T","R","?","M","$","E","R","B",null,"M","?","?","?","?","E","M","E","T","M","$","M","M","M","R"],"character_chosen":"DEFECT","items_purchased":["Footwork","Cloak And Dagger","Ice Cream","Letter Opener","PiercingWail","Fire Breathing","Acrobatics","Turbo","DataDisk"],"campfire_rested":1,"item_purchase_floors":[2,2,19,30,30,45,45,45,45],"current_hp_per_floor":[73,72,71,70,68,68,65,57,57,57,52,52,49,51,51,36,57,51,51,48,48,48,23,38,40,40,40,40,36,36,37,37,27,40,39,38,37,34,33,25,24,30,30,30,29,25,27,26,25,0],"gold":150,"neow_bonus":"","is_prod":false,"is_daily":true,"chose_seed":false,"campfire_upgraded":2,"win_rate":0,"timestamp":1535460070,"path_taken":["M","$","M","M","M","E","?","E","T","?","E","?","E","M","R","BOSS","M","$","?","M","?","E","R","?","T","R","?","M","?","E","R","BOSS","M","?","?","?","?","E","M","E","T","M","?","M","M","M","R","BOSS"],"build_version":"2018-08-23v2","purchased_purges":0,"victory":false,"max_hp_per_floor":[73,72,71,70,69,68,67,66,65,64,63,62,61,60,59,58,57,56,55,54,53,52,51,50,49,48,47,46,45,44,43,42,41,40,39,38,37,36,35,34,33,32,31,30,29,28,27,26,25,25],"card_choices":[{"not_picked":["Anger","Sword Boomerang"],"picked":"Sunder","floor":1},{"not_picked":["Outmaneuver","Footwork"],"picked":"Chaos","floor":3},{"not_picked":["Cold Snap","Capacitor"],"picked":"True Grit","floor":4},{"not_picked":["Streamline","Cold Snap"],"picked":"Metallicize","floor":5},{"not_picked":["Clash","Beam Cell"],"picked":"Choke","floor":6},{"not_picked":["Cold Snap","Hologram","Shockwave"],"picked":"Dash","floor":8},{"not_picked":["Body Slam","Self Repair","Redo"],"picked":"Dodge and Roll","floor":11},{"not_picked":["All For One","Riddle With Holes","Thunderclap"],"picked":"True Grit","floor":13},{"not_picked":["Bane","Sweeping Beam","Flying Knee"],"picked":"Auto Shields","floor":14},{"not_picked":["Multi-Cast","Malaise","Offering"],"picked":"Electrodynamics","floor":16},{"not_picked":["Pommel Strike","Barrage","Flex"],"picked":"Cold Snap","floor":18},{"not_picked":["Perfected Strike+1","Spot Weakness","Ball Lightning"],"picked":"Clothesline","floor":21},{"not_picked":["Thunderclap","Well Laid Plans","Quick Slash+1"],"picked":"Conserve Battery","floor":23},{"not_picked":["Glacier","Shrug It Off","Acrobatics"],"picked":"Stack","floor":25},{"not_picked":["Berserk","Sweeping Beam","Carnage"],"picked":"Havoc+1","floor":29},{"not_picked":["Self Repair+1","Hyperbeam","Barrage"],"picked":"Hemokinesis","floor":31},{"not_picked":["Biased Cognition","Die Die Die","All For One"],"picked":"Meteor Strike","floor":33},{"not_picked":["Deadly Poison+1","Headbutt","Rebound+1"],"picked":"Quick Slash+1","floor":35},{"not_picked":["Masterful Stab+1","Redo+1","Headbutt"],"picked":"Shrug It Off","floor":38},{"not_picked":["Underhanded Strike+1","Bullet Time","Bloodletting"],"picked":"Double Energy+1","floor":39},{"not_picked":["Predator","Offering","Sword Boomerang+1"],"picked":"Glacier","floor":40},{"not_picked":["Warcry+1","Flex","Dagger Throw"],"picked":"Self Repair","floor":41},{"not_picked":["Bloodletting","Turbo","Terror+1"],"picked":"Entrench+1","floor":42},{"not_picked":["Riddle With Holes+1","BootSequence+1","Flex"],"picked":"Rage+1","floor":44},{"not_picked":["Sword Boomerang","Streamline","Deadly Poison"],"picked":"Noxious Fumes+1","floor":46},{"not_picked":["Bane","Turbo+1","Chaos"],"picked":"Choke+1","floor":47},{"not_picked":["Gash+1","Blade Dance","Redo+1"],"picked":"Immolate","floor":48}],"player_experience":237356,"relics_obtained":[{"floor":6,"key":"Question Card"},{"floor":8,"key":"Blood Vial"},{"floor":9,"key":"Peace Pipe"},{"floor":11,"key":"Pen Nib"},{"floor":13,"key":"War Paint"},{"floor":23,"key":"Old Coin"},{"floor":26,"key":"Centennial Puzzle"},{"floor":31,"key":"Lantern"},{"floor":38,"key":"Incense Burner"},{"floor":39,"key":"Dead Branch"},{"floor":40,"key":"Cables"},{"floor":42,"key":"Bag of Marbles"},{"floor":43,"key":"Mercury Hourglass"}],"event_choices":[{"event_name":"Scrap Ooze","player_choice":"success","floor":7,"damage_taken":3},{"event_name":"WeMeetAgain","player_choice":"Potion","floor":10,"damage_taken":0},{"event_name":"Big Fish","player_choice":"Box","floor":12,"damage_taken":0},{"event_name":"Colosseum","player_choice":"Fight","floor":20,"damage_taken":0},{"event_name":"Colosseum","player_choice":"Fled From Nobs","floor":20,"damage_taken":0},{"event_name":"Beggar","player_choice":"Ignored","floor":22,"damage_taken":0},{"event_name":"The Mausoleum","player_choice":"Yes","floor":28,"damage_taken":0},{"event_name":"Falling","player_choice":"Removed Attack","floor":36,"damage_taken":0},{"event_name":"SecretPortal","player_choice":"Rejected Portal.","floor":37,"damage_taken":0},{"event_name":"MindBloom","player_choice":"Fight","floor":38,"damage_taken":0},{"event_name":"Mysterious Sphere","player_choice":"Fight","floor":39,"damage_taken":0}],"is_beta":false,"boss_relics":[{"not_picked":["White Beast Statue","Velvet Choker"],"picked":"Sozu"},{"not_picked":["Empty Cage","Calling Bell"],"picked":"Cursed Key"}],"items_purged_floors":[],"is_endless":false,"potions_floor_spawned":[3,4,6,14,20,21,29,31,33,35,40,42,44,47,48],"killed_by":"Time Eater","ascension_level":0}