{"gold_per_floor":[114,129,129,144,159,189,189,17,92,92,92,92],"floor_reached":12,"playtime":374,"items_purged":[],"score":78,"play_id":"efb89190-8251-49b6-a0a7-d62555e3adf7","local_time":"20180808174014","daily_mods":["Allstar","Uncertain Future","Night Terrors"],"is_ascension_mode":false,"campfire_choices":[{"floor":7,"key":"REST"},{"data":"Leap","floor":10,"key":"SMITH"}],"neow_cost":"","seed_source_timestamp":0,"circlet_count":0,"master_deck":["Strike_B","Strike_B","Strike_B","Defend_B","Defend_B","Defend_B","Defend_B","Zap","Dualcast","Secret Weapon","Deep Breath","Jack Of All Trades","Magnetism","Leap+1","Steam","Stack","Ball Lightning","Meteor Strike","Stack","Conserve Battery"],"special_seed":17751,"relics":["Cracked Core","Sundial","Lantern","Bottled Flame"],"potions_floor_usage":[],"damage_taken":[{"damage":0,"enemies":"Small Slimes","floor":1,"turns":2},{"damage":11,"enemies":"Jaw Worm","floor":2,"turns":2},{"damage":0,"enemies":"Cultist","floor":4,"turns":3},{"damage":14,"enemies":"Gremlin Gang","floor":5,"turns":5},{"damage":28,"enemies":"Gremlin Nob","floor":6,"turns":5},{"damage":0,"enemies":"3 Louse","floor":12,"turns":1}],"seed_played":"-1865023326789257994","potions_obtained":[{"floor":2,"key":"LiquidBronze"},{"floor":4,"key":"EssenceOfSteel"}],"is_trial":false,"path_per_floor":["M","M","?","M","M","E","R","$","T","R","?"],"character_chosen":"DEFECT","items_purchased":["Lantern","Conserve Battery"],"campfire_rested":1,"item_purchase_floors":[8,8],"current_hp_per_floor":[75,64,64,64,50,22,70,70,70,70,70,70],"gold":92,"neow_bonus":"","is_prod":false,"is_daily":true,"chose_seed":false,"campfire_upgraded":1,"win_rate":0.0,"timestamp":1533717614,"path_taken":["M","M","?","?","M","E","R","$","T","R","?","M"],"build_version":"2018-08-02","purchased_purges":0,"victory":false,"max_hp_per_floor":[75,75,75,75,75,75,70,70,70,70,70,70],"card_choices":[{"not_picked":["Sweeping Beam","Hello World"],"picked":"Leap","floor":1},{"not_picked":["Chaos","Compile Driver"],"picked":"Steam","floor":2},{"not_picked":["Gash","Beam Cell"],"picked":"Ball Lightning","floor":4},{"not_picked":["Barrage","Tempest"],"picked":"Meteor Strike","floor":5},{"not_picked":["All For One","Turbo"],"picked":"Stack","floor":6}],"player_experience":164086,"relics_obtained":[{"floor":6,"key":"Sundial"},{"floor":9,"key":"Bottled Flame"}],"event_choices":[{"event_name":"Living Wall","player_choice":"Change","floor":3,"damage_taken":0},{"event_name":"Bonfire Elementals","player_choice":"UNCOMMON","floor":11,"damage_taken":0}],"is_beta":false,"boss_relics":[],"items_purged_floors":[],"is_endless":false,"potions_floor_spawned":[2,4],"killed_by":"3 Louse","ascension_level":0}