{"gold_per_floor":[114,114,114,47,65,97,107,141,189,214,214,241,252,9,9,112,112,128,140,116,133,35,67,82,82,82,82,117,117,149,166,166,264,264,280,293,1292,1292,693,693,723,723,723,127,142,168,0,34,46,58],"floor_reached":51,"playtime":4909,"items_purged":["Strike_R","Strike_R","Strike_R"],"score":996,"play_id":"a9b1b1cc-35fc-4804-b9cb-a69466526b55","local_time":"20190712113713","is_ascension_mode":true,"campfire_choices":[{"floor":11,"key":"REST"},{"floor":15,"key":"REST"},{"data":"Dual Wield","floor":25,"key":"SMITH"},{"floor":32,"key":"REST"},{"floor":40,"key":"REST"},{"floor":42,"key":"REST"},{"floor":49,"key":"REST"}],"neow_cost":"NONE","seed_source_timestamp":128996941227500,"circlet_count":0,"master_deck":["Strike_R","Defend_R","Defend_R+1","Defend_R+1","Defend_R","Bash","Cleave","Rage","Intimidate","Heavy Blade","Dual Wield+1","Wild Strike","Dropkick","Intimidate","Trip","Cleave","Bludgeon","Headbutt+1","Twin Strike+1","Clash","Clash+1","Thunderclap","Feed","Armaments+1","Shockwave+1","Shockwave","Anger","Immolate","Clash+1","Clash+1","Jack Of All Trades","Secret Technique","Thunderclap","Searing Blow+1","Secret Technique","Intimidate","Searing Blow","Deep Breath"],"relics":["Burning Blood","PreservedInsect","Bottled Lightning","Red Skull","Orichalcum","Pocketwatch","Blood Vial","Sozu","Blue Candle","Girya","War Paint","Omamori","Boot","Black Star","Membership Card","Happy Flower","Singing Bowl","Gremlin Horn","Magic Flower","Pear","TheAbacus","Gambling Chip","Centennial Puzzle","Potion Belt","Kunai","Red Mask","Nunchaku","MawBank"],"potions_floor_usage":[6,8,13,16,16,21],"damage_taken":[{"damage":6,"enemies":"Cultist","floor":1,"turns":4},{"damage":0,"enemies":"Small Slimes","floor":5,"turns":3},{"damage":17,"enemies":"Lagavulin","floor":6,"turns":4},{"damage":10,"enemies":"Jaw Worm","floor":7,"turns":3},{"damage":25,"enemies":"3 Sentries","floor":8,"turns":7},{"damage":23,"enemies":"Gremlin Nob","floor":10,"turns":4},{"damage":15,"enemies":"3 Sentries","floor":12,"turns":4},{"damage":14,"enemies":"Gremlin Gang","floor":13,"turns":5},{"damage":10,"enemies":"Slime Boss","floor":16,"turns":9},{"damage":14,"enemies":"Shell Parasite","floor":18,"turns":4},{"damage":15,"enemies":"2 Thieves","floor":19,"turns":3},{"damage":12,"enemies":"Centurion and Healer","floor":21,"turns":3},{"damage":10,"enemies":"Gremlin Leader","floor":23,"turns":5},{"damage":7,"enemies":"3 Cultists","floor":24,"turns":4},{"damage":21,"enemies":"Book of Stabbing","floor":28,"turns":4},{"damage":12,"enemies":"Gremlin Leader","floor":30,"turns":3},{"damage":17,"enemies":"Shelled Parasite and Fungi","floor":31,"turns":3},{"damage":42,"enemies":"Automaton","floor":33,"turns":8},{"damage":2,"enemies":"Orb Walker","floor":35,"turns":2},{"damage":47,"enemies":"3 Darklings","floor":36,"turns":6},{"damage":43,"enemies":"Nemesis","floor":41,"turns":3},{"damage":9,"enemies":"Sphere and 2 Shapes","floor":45,"turns":3},{"damage":6,"enemies":"Reptomancer","floor":46,"turns":2},{"damage":38,"enemies":"Nemesis","floor":48,"turns":5},{"damage":72,"enemies":"Donu and Deca","floor":50,"turns":9}],"seed_played":"-1318297729559492591","potions_obtained":[{"floor":1,"key":"Fire Potion"},{"floor":7,"key":"Ancient Potion"},{"floor":8,"key":"PowerPotion"},{"floor":16,"key":"Energy Potion"}],"is_trial":false,"path_per_floor":["M","?","?","$","M","E","M","E","T","E","R","E","M","$","R","B",null,"M","M","$","M","$","E","M","R","T","?","E","?","E","M","R","B",null,"M","M","?","?","$","R","E","R","T","$","M","E","?","E","R","B",null],"character_chosen":"IRONCLAD","items_purchased":["Rage","Energy Potion","FearPotion","Trip","Cleave","Clash","Thunderclap","Membership Card","Happy Flower","Singing Bowl","Jack Of All Trades","Secret Technique","Thunderclap","TheAbacus","Gambling Chip","Centennial Puzzle","Secret Technique","Intimidate","Searing Blow","Deep Breath"],"campfire_rested":6,"item_purchase_floors":[4,14,14,14,14,20,22,39,39,39,39,39,39,44,44,44,44,44,44,44],"current_hp_per_floor":[80,80,80,80,80,69,65,46,46,29,53,44,38,38,62,60,80,72,65,65,61,61,59,60,60,60,60,47,47,43,34,58,24,80,80,39,39,39,39,63,28,52,62,62,67,75,75,51,79,24],"gold":70,"neow_bonus":"RANDOM_COMMON_RELIC","is_prod":false,"is_daily":false,"chose_seed":false,"campfire_upgraded":1,"win_rate":0,"timestamp":1562949433,"path_taken":["M","?","?","$","?","E","M","E","T","E","R","E","M","$","R","BOSS","M","M","$","?","$","E","M","R","T","?","E","?","E","M","R","BOSS","M","M","?","?","$","R","E","R","T","$","M","E","?","E","R","BOSS"],"build_version":"2019-07-05","purchased_purges":3,"victory":true,"max_hp_per_floor":[80,80,80,80,80,80,80,80,80,80,80,80,80,80,80,80,80,80,80,80,80,80,80,80,80,80,80,80,80,80,80,80,80,80,80,80,80,80,80,80,80,80,90,90,92,94,94,96,96,99],"card_choices":[{"not_picked":["Rampage","Sever Soul"],"picked":"Cleave","floor":1},{"not_picked":["Armaments","Corruption"],"picked":"Intimidate","floor":5},{"not_picked":["Spot Weakness","Brutality"],"picked":"Heavy Blade","floor":6},{"not_picked":["Disarm","Flame Barrier"],"picked":"Dual Wield","floor":7},{"not_picked":["Warcry","Cleave"],"picked":"Wild Strike","floor":8},{"not_picked":["Burning Pact","Reckless Charge"],"picked":"Dropkick","floor":10},{"not_picked":["Sword Boomerang","Headbutt"],"picked":"Intimidate","floor":12},{"not_picked":["Perfected Strike","Shrug It Off","Armaments"],"picked":"SKIP","floor":13},{"not_picked":["Double Tap","Brutality"],"picked":"Bludgeon","floor":16},{"not_picked":["Heavy Blade","Thunderclap"],"picked":"Headbutt+1","floor":18},{"not_picked":["Fire Breathing","Headbutt"],"picked":"Twin Strike+1","floor":19},{"not_picked":["Fire Breathing","Metallicize"],"picked":"Clash+1","floor":21},{"not_picked":["Shrug It Off","Combust"],"picked":"Feed","floor":23},{"not_picked":["True Grit","Havoc+1"],"picked":"Armaments+1","floor":24},{"not_picked":["Uppercut","Thunderclap"],"picked":"Shockwave+1","floor":28},{"not_picked":["Headbutt","Warcry+1"],"picked":"Shockwave","floor":30},{"not_picked":["Searing Blow","True Grit"],"picked":"Anger","floor":31},{"not_picked":["Barricade","Juggernaut"],"picked":"Immolate","floor":33},{"not_picked":["Anger","Entrench"],"picked":"Clash+1","floor":35},{"not_picked":["Warcry","Wild Strike+1"],"picked":"Clash+1","floor":36},{"not_picked":["Armaments","Clothesline"],"picked":"Searing Blow+1","floor":41},{"not_picked":["Wild Strike","Feel No Pain","Sentinel+1"],"picked":"Singing Bowl","floor":45},{"not_picked":["Anger","Havoc+1","Sword Boomerang"],"picked":"Singing Bowl","floor":46},{"not_picked":["Fiend Fire","Brutality","Reckless Charge+1"],"picked":"Singing Bowl","floor":48}],"player_experience":94356,"relics_obtained":[{"floor":6,"key":"Bottled Lightning"},{"floor":8,"key":"Red Skull"},{"floor":9,"key":"Orichalcum"},{"floor":10,"key":"Pocketwatch"},{"floor":12,"key":"Blood Vial"},{"floor":23,"key":"Blue Candle"},{"floor":26,"key":"Girya"},{"floor":28,"key":"Omamori"},{"floor":30,"key":"Boot"},{"floor":41,"key":"Gremlin Horn"},{"floor":41,"key":"Magic Flower"},{"floor":43,"key":"Pear"},{"floor":46,"key":"Potion Belt"},{"floor":46,"key":"Kunai"},{"floor":48,"key":"Nunchaku"},{"floor":48,"key":"MawBank"}],"event_choices":[{"damage_healed":0,"gold_gain":0,"player_choice":"Ignored","damage_taken":0,"max_hp_gain":0,"max_hp_loss":0,"event_name":"Golden Wing","floor":2,"gold_loss":0},{"damage_healed":0,"gold_gain":0,"player_choice":"Ignored","damage_taken":0,"max_hp_gain":0,"max_hp_loss":0,"event_name":"Shining Light","floor":3,"gold_loss":0},{"damage_healed":0,"gold_gain":0,"player_choice":"Opened","damage_taken":0,"relics_obtained":["War Paint"],"max_hp_gain":0,"max_hp_loss":0,"event_name":"The Mausoleum","floor":27,"gold_loss":0},{"damage_healed":0,"gold_gain":0,"player_choice":"Ignored","damage_taken":0,"max_hp_gain":0,"max_hp_loss":0,"event_name":"Ghosts","floor":29,"gold_loss":0},{"damage_healed":0,"gold_gain":999,"player_choice":"Gold","damage_taken":0,"max_hp_gain":0,"max_hp_loss":0,"event_name":"MindBloom","floor":37,"gold_loss":0,"cards_obtained":["Normality","Normality"]},{"cards_removed":["Strike_R"],"damage_healed":0,"gold_gain":0,"player_choice":"Removed Attack","damage_taken":0,"max_hp_gain":0,"max_hp_loss":0,"event_name":"Falling","floor":38,"gold_loss":0},{"damage_healed":0,"gold_gain":0,"player_choice":"Paid","damage_taken":0,"relics_obtained":["Red Mask"],"max_hp_gain":0,"max_hp_loss":0,"event_name":"Tomb of Lord Red Mask","floor":47,"gold_loss":168}],"is_beta":false,"boss_relics":[{"not_picked":["Empty Cage","Runic Dome"],"picked":"Sozu"},{"not_picked":["Velvet Choker","Astrolabe"],"picked":"Black Star"}],"items_purged_floors":[22,39,44],"is_endless":false,"potions_floor_spawned":[1,7,8,16,23,24,30,33,36,48],"ascension_level":2}