{"gold_per_floor":[119,129,143,161,8,8,19,52,76,76,91,91,91,110,110,110],"floor_reached":16,"playtime":773,"items_purged":[],"score":104,"play_id":"4f2fb4cd-209b-42d5-9914-3173e5074da0","local_time":"20190203135227","is_ascension_mode":false,"campfire_choices":[{"data":"Armaments","floor":6,"key":"SMITH"},{"floor":12,"key":"REST"},{"data":"Body Slam","floor":15,"key":"SMITH"}],"neow_cost":"NONE","seed_source_timestamp":102719236459220,"circlet_count":0,"master_deck":["Strike_R","Strike_R","Strike_R","Strike_R","Strike_R","Defend_R","Defend_R","Defend_R","Bash","Armaments+1","Shrug It Off","Ghostly Armor","Body Slam+1","Iron Wave","Power Through"],"relics":["Burning Blood","NeowsBlessing","Bag of Marbles","Calipers"],"potions_floor_usage":[8,16,16],"damage_taken":[{"damage":0,"enemies":"Cultist","floor":1,"turns":1},{"damage":0,"enemies":"2 Louse","floor":2,"turns":2},{"damage":0,"enemies":"Small Slimes","floor":3,"turns":1},{"damage":13,"enemies":"3 Louse","floor":4,"turns":4},{"damage":8,"enemies":"Large Slime","floor":7,"turns":7},{"damage":47,"enemies":"Gremlin Nob","floor":8,"turns":5},{"damage":0,"enemies":"2 Fungi Beasts","floor":11,"turns":4},{"damage":0,"enemies":"Exordium Wildlife","floor":14,"turns":3},{"damage":77,"enemies":"Slime Boss","floor":16,"turns":10}],"seed_played":"709599069580732466","potions_obtained":[{"floor":2,"key":"FearPotion"},{"floor":3,"key":"Fruit Juice"},{"floor":7,"key":"SmokeBomb"},{"floor":8,"key":"FearPotion"}],"is_trial":false,"path_per_floor":["M","M","M","M","$","R","M","E","T","?","M","R","?","M","R","B"],"character_chosen":"IRONCLAD","items_purchased":["Bag of Marbles"],"campfire_rested":1,"item_purchase_floors":[5],"current_hp_per_floor":[80,80,80,73,73,73,71,35,35,28,34,59,59,65,65,0],"gold":110,"neow_bonus":"THREE_ENEMY_KILL","is_prod":false,"is_daily":false,"chose_seed":false,"campfire_upgraded":2,"win_rate":0,"timestamp":1549219947,"path_taken":["M","M","M","M","$","R","M","E","T","?","M","R","?","?","R","BOSS"],"build_version":"2019-01-23","purchased_purges":0,"victory":false,"max_hp_per_floor":[80,80,80,80,80,80,80,85,85,85,85,85,85,85,85,85],"card_choices":[{"not_picked":["Clash","Evolve"],"picked":"Armaments","floor":1},{"not_picked":["Pommel Strike","Infernal Blade"],"picked":"Shrug It Off","floor":2},{"not_picked":["Pummel","Anger"],"picked":"Ghostly Armor","floor":3},{"not_picked":["Combust","Bloodletting","Clothesline"],"picked":"SKIP","floor":4},{"not_picked":["True Grit","Disarm"],"picked":"Body Slam","floor":7},{"not_picked":["Havoc","Feel No Pain","Hemokinesis"],"picked":"SKIP","floor":8},{"not_picked":["Dropkick","Clash"],"picked":"Warcry","floor":11},{"not_picked":["Armaments","Clothesline"],"picked":"Power Through","floor":14}],"player_experience":540599,"relics_obtained":[{"floor":8,"key":"Calipers"}],"event_choices":[{"cards_removed":["Defend_R"],"damage_healed":0,"gold_gain":0,"player_choice":"Card Removal","damage_taken":7,"max_hp_gain":0,"max_hp_loss":0,"event_name":"Golden Wing","floor":10,"gold_loss":0},{"cards_removed":["Warcry"],"damage_healed":0,"gold_gain":0,"player_choice":"Took Card","damage_taken":0,"max_hp_gain":0,"max_hp_loss":0,"event_name":"NoteForYourself","floor":13,"gold_loss":0,"cards_obtained":["Iron Wave"]}],"is_beta":false,"boss_relics":[],"items_purged_floors":[],"is_endless":false,"potions_floor_spawned":[2,3,7,8],"killed_by":"Slime Boss","ascension_level":0}