{"gold_per_floor":[118,136,156,170,181,181,181,181,204,204,224,224,3,14,14,85,85,102,102,120,90,90,90,108,127,127,137,137],"floor_reached":28,"playtime":1071,"items_purged":[],"score":375,"play_id":"b626d2c5-9ab9-4876-b0e4-42040d0d0b2c","local_time":"20181006013839","is_ascension_mode":true,"campfire_choices":[{"data":"After Image","floor":6,"key":"SMITH"},{"data":"Neutralize","floor":8,"key":"SMITH"},{"data":"Noxious Fumes","floor":10,"key":"SMITH"},{"data":"Crippling Poison","floor":12,"key":"SMITH"},{"data":"Footwork","floor":15,"key":"SMITH"},{"data":"Malaise","floor":23,"key":"SMITH"}],"neow_cost":"CURSE","seed_source_timestamp":1847754843419300,"circlet_count":0,"master_deck":["Defend_G","Defend_G","Defend_G","Defend_G","Defend_G","Strike_G","Strike_G","Strike_G","Strike_G","Strike_G","Survivor","Neutralize+1","AscendersBane","After Image+1","Crippling Poison+1","Noxious Fumes+1","Quick Slash","Calculated Gamble","Escape Plan","Calculated Gamble","Footwork+1","Corpse Explosion","Flying Knee","Malaise+1","All Out Attack","Infinite Blades","Unload","PiercingWail"],"relics":["Ring of the Snake","Coffee Dripper","NlothsMask","Nloth\u0027s Gift"],"potions_floor_usage":[16,16,20,24,24,27,27,27],"damage_taken":[{"damage":1,"enemies":"Cultist","floor":1,"turns":5},{"damage":1,"enemies":"2 Louse","floor":2,"turns":3},{"damage":5,"enemies":"Jaw Worm","floor":3,"turns":6},{"damage":13,"enemies":"Exordium Wildlife","floor":4,"turns":6},{"damage":0,"enemies":"Red Slaver","floor":5,"turns":6},{"damage":4,"enemies":"Blue Slaver","floor":11,"turns":5},{"damage":11,"enemies":"Exordium Thugs","floor":14,"turns":5},{"damage":9,"enemies":"Slime Boss","floor":16,"turns":10},{"damage":7,"enemies":"Chosen","floor":18,"turns":6},{"damage":22,"enemies":"2 Thieves","floor":20,"turns":3},{"damage":26,"enemies":"Shelled Parasite and Fungi","floor":24,"turns":7},{"damage":5,"enemies":"Chosen and Byrds","floor":25,"turns":7},{"damage":4,"enemies":"Sentry and Sphere","floor":27,"turns":4},{"damage":6,"enemies":"Centurion and Healer","floor":28,"turns":1}],"seed_played":"-7278446429313013265","potions_obtained":[{"floor":1,"key":"Dexterity Potion"},{"floor":3,"key":"SpeedPotion"},{"floor":11,"key":"Fire Potion"},{"floor":18,"key":"AttackPotion"},{"floor":21,"key":"Poison Potion"},{"floor":21,"key":"Regen Potion"},{"floor":25,"key":"EntropicBrew"},{"floor":27,"key":"Poison Potion"}],"is_trial":false,"path_per_floor":["M","M","M","M","M","R","?","R","T","R","M","R","$","M","R","B",null,"M","?","M","?","?","R","M","M","T","M"],"character_chosen":"THE_SILENT","items_purchased":["Footwork","Corpse Explosion"],"campfire_rested":0,"item_purchase_floors":[13,13],"current_hp_per_floor":[58,57,52,39,39,39,32,32,32,32,28,28,28,17,17,8,52,45,45,23,23,23,23,11,6,6,2,0],"gold":137,"neow_bonus":"THREE_RARE_CARDS","is_prod":false,"is_daily":false,"chose_seed":false,"campfire_upgraded":6,"win_rate":0,"timestamp":1538804319,"path_taken":["M","?","M","M","M","R","?","R","T","R","?","R","?","?","R","BOSS","M","?","?","?","?","R","M","M","T","M","M"],"build_version":"2018-10-04v2","purchased_purges":0,"victory":false,"max_hp_per_floor":[66,66,66,66,66,66,66,66,66,66,66,66,66,66,66,66,66,66,66,66,66,66,66,66,66,66,66,66],"card_choices":[{"not_picked":["Glass Knife","Burst"],"picked":"After Image","floor":0},{"not_picked":["Prepared","Dodge and Roll"],"picked":"Crippling Poison","floor":1},{"not_picked":["Backflip","Skewer"],"picked":"Noxious Fumes","floor":2},{"not_picked":["Catalyst","Blur"],"picked":"Quick Slash","floor":3},{"not_picked":["Poisoned Stab","Blade Dance"],"picked":"Calculated Gamble","floor":4},{"not_picked":["Prepared","Riddle With Holes"],"picked":"Escape Plan","floor":5},{"not_picked":["Terror","Acrobatics"],"picked":"Calculated Gamble","floor":11},{"not_picked":["Acrobatics","Deadly Poison"],"picked":"Flying Knee","floor":14},{"not_picked":["Night Terror","Storm of Steel"],"picked":"Malaise","floor":16},{"not_picked":["Expertise","Catalyst"],"picked":"All Out Attack","floor":18},{"not_picked":["Underhanded Strike","Accuracy","Sucker Punch"],"picked":"SKIP","floor":20},{"not_picked":["Flying Knee","Dagger Throw"],"picked":"Infinite Blades","floor":24},{"not_picked":["Eviscerate","Crippling Poison"],"picked":"Unload","floor":25},{"not_picked":["Dagger Throw","Envenom"],"picked":"PiercingWail","floor":27}],"player_experience":815815,"relics_obtained":[{"floor":9,"key":"Vajra"}],"event_choices":[{"event_name":"Golden Wing","player_choice":"Card Removal","floor":7,"damage_taken":0},{"event_name":"FaceTrader","player_choice":"Trade","floor":19,"damage_taken":0},{"event_name":"The Woman in Blue","player_choice":"Bought 2 Potions","floor":21,"damage_taken":0},{"event_name":"N\u0027loth","player_choice":"Traded a Vajra","floor":22,"damage_taken":0}],"is_beta":false,"boss_relics":[{"not_picked":["Tiny House","Philosopher\u0027s Stone"],"picked":"Coffee Dripper"}],"items_purged_floors":[],"is_endless":false,"potions_floor_spawned":[1,3,11,14,18,25,27],"killed_by":"Centurion and Healer","ascension_level":15}