{"gold_per_floor":[114,127,127,142,142,142,175,192,192,192,211,541,559,577,577,676,676,690,690,705,723,723],"floor_reached":22,"playtime":998,"items_purged":[],"score":260,"play_id":"03a435f5-83a6-4cb2-9234-cd9574a1aab2","local_time":"20190522091458","is_ascension_mode":true,"campfire_choices":[{"floor":6.0,"key":"REST"},{"floor":10.0,"key":"REST"},{"floor":15,"key":"REST"}],"neow_cost":"NONE","seed_source_timestamp":40429568406447,"circlet_count":0,"master_deck":["Strike_R","Strike_R","Strike_R","Strike_R","Defend_R","Defend_R","Defend_R","Defend_R","Bash","Offering","Cleave+1","Rupture","Combust","Rupture","Cleave","Flex","Impervious","Impervious","Shrug It Off","Flex"],"special_seed":0,"relics":["Burning Blood","Paper Frog","FossilizedHelix","Old Coin","Mark of Pain","Pen Nib"],"potions_floor_usage":[16,16,16,22],"damage_taken":[{"damage":11.0,"enemies":"Jaw Worm","floor":1.0,"turns":4.0},{"damage":11.0,"enemies":"Cultist","floor":2.0,"turns":5.0},{"damage":5.0,"enemies":"2 Louse","floor":4.0,"turns":3.0},{"damage":35.0,"enemies":"3 Sentries","floor":7.0,"turns":8.0},{"damage":41.0,"enemies":"Gremlin Gang","floor":8.0,"turns":3.0},{"damage":10.0,"enemies":"Blue Slaver","floor":11.0,"turns":3.0},{"damage":30.0,"enemies":"Gremlin Nob","floor":12.0,"turns":4.0},{"damage":4.0,"enemies":"Red Slaver","floor":13.0,"turns":3.0},{"damage":7,"enemies":"Exordium Wildlife","floor":14,"turns":2},{"damage":34,"enemies":"The Guardian","floor":16,"turns":8},{"damage":38,"enemies":"Spheric Guardian","floor":18,"turns":6},{"damage":19,"enemies":"Shell Parasite","floor":20,"turns":6},{"damage":21,"enemies":"Sentry and Sphere","floor":21,"turns":5},{"damage":20,"enemies":"Centurion and Healer","floor":22,"turns":4}],"seed_played":"-2000895927940559065","potions_obtained":[{"floor":1.0,"key":"Energy Potion"},{"floor":11.0,"key":"SteroidPotion"},{"floor":12.0,"key":"PowerPotion"},{"floor":13.0,"key":"Block Potion"},{"floor":14,"key":"Fruit Juice"},{"floor":16,"key":"Strength Potion"},{"floor":18,"key":"Dexterity Potion"},{"floor":21,"key":"Fire Potion"}],"is_trial":false,"path_per_floor":["M","M","?","M","?","R","E","M","T","R","M","E","M","M","R","B",null,"M","?","M","M","M"],"character_chosen":"IRONCLAD","items_purchased":[],"campfire_rested":3,"item_purchase_floors":[],"current_hp_per_floor":[67,62,55,56,56,80,51,16,16,40,36,12,14,13,37,14,67,35,35,22,7,0],"gold":723,"neow_bonus":"ONE_RANDOM_RARE_CARD","is_prod":false,"is_daily":false,"chose_seed":false,"campfire_upgraded":0,"win_rate":0,"timestamp":1558530898,"path_taken":["M","M","?","M","?","R","E","M","T","R","M","E","?","M","R","BOSS","M","?","M","M","?"],"build_version":"2019-01-23","purchased_purges":0,"victory":false,"max_hp_per_floor":[80,80,80,80,80,80,80,80,80,80,80,80,80,80,80,85,85,85,85,85,85,85],"card_choices":[{"not_picked":["Sword Boomerang","Hemokinesis"],"picked":"Cleave","floor":1.0},{"not_picked":["Uppercut","Reckless Charge"],"picked":"Rupture","floor":2.0},{"not_picked":["Iron Wave","Thunderclap","True Grit"],"picked":"SKIP","floor":4.0},{"not_picked":["Twin Strike","Iron Wave"],"picked":"Combust","floor":7.0},{"not_picked":["Perfected Strike","Havoc"],"picked":"Rupture","floor":8.0},{"not_picked":["Anger","Clothesline"],"picked":"Cleave","floor":11.0},{"not_picked":["Hemokinesis","Twin Strike"],"picked":"Flex","floor":12.0},{"not_picked":["Clash","Second Wind"],"picked":"Impervious","floor":13.0},{"not_picked":["Havoc","Clash","Burning Pact"],"picked":"SKIP","floor":14},{"not_picked":["Juggernaut","Immolate"],"picked":"Impervious","floor":16},{"not_picked":["Feel No Pain+1","Havoc+1"],"picked":"Shrug It Off","floor":18},{"not_picked":["Power Through","Clash","Anger+1"],"picked":"SKIP","floor":20},{"not_picked":["Pommel Strike","Headbutt"],"picked":"Flex","floor":21}],"player_experience":1016513,"relics_obtained":[{"floor":7.0,"key":"Paper Frog"},{"floor":9.0,"key":"FossilizedHelix"},{"floor":12.0,"key":"Old Coin"},{"floor":19,"key":"Pen Nib"}],"event_choices":[{"cards_removed":["Strike_R"],"damage_healed":0.0,"max_hp_gain":0.0,"max_hp_loss":0.0,"gold_gain":0.0,"event_name":"Golden Wing","player_choice":"Card Removal","floor":3.0,"gold_loss":0.0,"damage_taken":7.0},{"damage_healed":0.0,"max_hp_gain":0.0,"max_hp_loss":0.0,"gold_gain":0.0,"event_name":"Accursed Blacksmith","player_choice":"Forge","floor":5.0,"gold_loss":0.0,"damage_taken":0.0,"cards_upgraded":["Cleave"]},{"damage_healed":0,"gold_gain":0,"player_choice":"Relic","damage_taken":0,"max_hp_gain":0,"max_hp_loss":0,"event_name":"Wheel of Change","floor":19,"gold_loss":0}],"is_beta":false,"boss_relics":[{"not_picked":["Empty Cage","Calling Bell"],"picked":"Mark of Pain"}],"items_purged_floors":[],"is_endless":false,"potions_floor_spawned":[1,11,12,13,14,16,18,21],"killed_by":"Centurion and Healer","ascension_level":6}