{"gold_per_floor":[110,90,8,21,40,40,215,234,234,234,262,262,312,88,88,184,184,202,51,61,85,85,85,113,113,113,127,127,156,170,198,198,293,293,311,358,369,32,32,67,67,32,57,73,73,108,108,108,108,108,108,108,22,55,55],"floor_reached":55,"playtime":3454,"items_purged":["Doubt","Strike_B"],"score":752,"play_id":"7dd55617-836f-457f-b0a4-f70037a61632","local_time":"20190410175318","is_ascension_mode":false,"campfire_choices":[{"data":"Defragment","floor":6,"key":"SMITH"},{"data":"Madness","floor":10,"key":"SMITH"},{"floor":12,"key":"REST"},{"data":"Capacitor","floor":15,"key":"SMITH"},{"data":"Electrodynamics","floor":23,"key":"SMITH"},{"floor":25,"key":"REST"},{"floor":32,"key":"REST"},{"floor":41,"key":"REST"},{"floor":45,"key":"REST"},{"floor":49,"key":"RECALL"},{"data":"Amplify","floor":52,"key":"SMITH"}],"neow_cost":"NONE","seed_source_timestamp":3093035299948,"circlet_count":0,"master_deck":["Strike_B","Strike_B","Strike_B","Defend_B","Defend_B","Zap","Dualcast","Madness+1","Turbo+1","Capacitor+1","Conserve Battery","Defragment+1","Tempest","Seek","Electrodynamics+1","Seek","Conserve Battery","Doom and Gloom","Coolheaded","Steam","Steam","Streamline+1","Barrage","Doom and Gloom","Glacier+1","Compile Driver+1","Streamline+1","Amplify+1","Melter","Loop","Capacitor","Aggregate","Defragment+1","Barrage+1","Panacea"],"relics":["Cracked Core","Happy Flower","Bronze Scales","Orrery","DataDisk","Centennial Puzzle","Darkstone Periapt","Emotion Chip","Sundial","Art of War","Sozu","Calipers","PreservedInsect","Bottled Tornado","Bag of Preparation","War Paint","Gremlin Horn"],"potions_floor_usage":[16,16,16,31,31,33],"damage_taken":[{"damage":0,"enemies":"2 Louse","floor":1,"turns":3},{"damage":3,"enemies":"Cultist","floor":4,"turns":4},{"damage":0,"enemies":"Small Slimes","floor":5,"turns":3},{"damage":10,"enemies":"Exordium Wildlife","floor":8,"turns":5},{"damage":35,"enemies":"Lagavulin","floor":11,"turns":6},{"damage":23,"enemies":"Hexaghost","floor":16,"turns":6},{"damage":16,"enemies":"Shell Parasite","floor":18,"turns":5},{"damage":17,"enemies":"2 Thieves","floor":20,"turns":3},{"damage":34,"enemies":"Book of Stabbing","floor":24,"turns":5},{"damage":4,"enemies":"Cultist and Chosen","floor":27,"turns":4},{"damage":9,"enemies":"Gremlin Leader","floor":29,"turns":5},{"damage":14,"enemies":"Snake Plant","floor":30,"turns":3},{"damage":17,"enemies":"Book of Stabbing","floor":31,"turns":2},{"damage":14,"enemies":"Automaton","floor":33,"turns":7},{"damage":10,"enemies":"Orb Walker","floor":35,"turns":3},{"damage":11,"enemies":"2 Orb Walkers","floor":36,"turns":3},{"damage":0,"enemies":"3 Darklings","floor":37,"turns":3},{"damage":29,"enemies":"Reptomancer","floor":40,"turns":5},{"damage":0,"enemies":"4 Shapes","floor":44,"turns":2},{"damage":13,"enemies":"Giant Head","floor":46,"turns":6},{"damage":40,"enemies":"Donu and Deca","floor":50,"turns":5},{"damage":22,"enemies":"Shield and Spear","floor":54,"turns":2},{"damage":59,"enemies":"The Heart","floor":55,"turns":3}],"seed_played":"5341829263932393171","potions_obtained":[{"floor":2,"key":"Block Potion"},{"floor":5,"key":"EssenceOfSteel"},{"floor":8,"key":"FocusPotion"},{"floor":11,"key":"Energy Potion"},{"floor":29,"key":"Energy Potion"},{"floor":30,"key":"Energy Potion"},{"floor":31,"key":"Weak Potion"}],"is_trial":false,"path_per_floor":["M","?","$","M","M","R","?","M","T","R","E","R","T","$","R","B",null,"M","$","M","T","?","R","E","R","T","M","?","E","M","E","R","B",null,"M","?","M","$","?","E","R","$","T","M","R","E","?","?","R","B",null,"R","$","E","B"],"character_chosen":"DEFECT","items_purchased":["Capacitor","Conserve Battery","Electrodynamics","DataDisk","Capacitor","PreservedInsect","Aggregate","Panacea"],"campfire_rested":5,"item_purchase_floors":[3,3,14,19,38,38,42,53],"current_hp_per_floor":[75,75,75,72,72,72,72,62,62,62,27,49,49,49,49,26,75,59,59,42,42,67,67,33,55,55,51,51,42,28,11,33,19,75,65,54,54,54,54,25,47,47,47,47,69,56,81,81,81,41,81,81,81,59,0],"gold":55,"neow_bonus":"RANDOM_COLORLESS","is_prod":false,"is_daily":false,"chose_seed":false,"campfire_upgraded":5,"win_rate":0,"timestamp":1554933198,"path_taken":["M","?","$","?","M","R","?","M","T","R","E","R","?","$","R","BOSS","M","$","M","?","?","R","E","R","T","M","?","E","M","E","R","BOSS","M","?","M","$","?","E","R","$","T","M","R","E","?","?","R","BOSS","R","$","E","BOSS"],"build_version":"2019-01-23","purchased_purges":2,"victory":false,"max_hp_per_floor":[75,75,75,75,75,75,75,75,75,75,75,75,75,75,75,75,75,75,75,75,75,75,75,75,75,75,75,75,75,75,75,75,75,75,75,75,75,75,75,75,75,75,75,75,75,75,81,81,81,81,81,81,81,81,81],"card_choices":[{"not_picked":["Cold Snap","Beam Cell"],"picked":"Turbo","floor":1},{"not_picked":["Aggregate","Stack"],"picked":"Defragment","floor":4},{"not_picked":["Chaos","Redo","Chill"],"picked":"SKIP","floor":5},{"not_picked":["Steam","Gash"],"picked":"Tempest","floor":8},{"not_picked":["Conserve Battery","Beam Cell"],"picked":"Seek","floor":11},{"not_picked":["Reboot","Machine Learning"],"picked":"Seek","floor":16},{"not_picked":["Rebound","Streamline"],"picked":"Conserve Battery","floor":17},{"not_picked":["Barrage","Compile Driver"],"picked":"Doom and Gloom","floor":17},{"not_picked":["Reboot","Genetic Algorithm"],"picked":"Coolheaded","floor":17},{"not_picked":["Redo","Fusion"],"picked":"Steam","floor":17},{"not_picked":["Redo","Compile Driver"],"picked":"Steam","floor":17},{"not_picked":["Cold Snap+1","Steam"],"picked":"Streamline+1","floor":18},{"not_picked":["Aggregate","Beam Cell","Cold Snap"],"picked":"SKIP","floor":20},{"not_picked":["Blizzard","Darkness","Sweeping Beam"],"picked":"SKIP","floor":24},{"not_picked":["Gash","Rip and Tear+1"],"picked":"Barrage","floor":27},{"not_picked":["Hyperbeam","Chill+1"],"picked":"Compile Driver+1","floor":29},{"not_picked":["Cold Snap","Rip and Tear","Gash"],"picked":"SKIP","floor":30},{"not_picked":["Beam Cell","Skim"],"picked":"Streamline+1","floor":31},{"not_picked":["Buffer","Reboot"],"picked":"Amplify","floor":33},{"not_picked":["Recycle+1","Redo"],"picked":"Melter","floor":35},{"not_picked":["Hologram","Genetic Algorithm+1"],"picked":"Loop","floor":36},{"not_picked":["Beam Cell+1","Recycle","Rebound+1"],"picked":"SKIP","floor":37},{"not_picked":["Ball Lightning","Undo+1","Sweeping Beam+1"],"picked":"SKIP","floor":40},{"not_picked":["Cold Snap+1","Blizzard+1"],"picked":"Defragment+1","floor":44},{"not_picked":["Gash","Ball Lightning"],"picked":"Barrage+1","floor":46},{"not_picked":["Ball Lightning+1","Fission","Streamline+1"],"picked":"SKIP","floor":54}],"player_experience":783473,"relics_obtained":[{"floor":11,"key":"Happy Flower"},{"floor":13,"key":"Bronze Scales"},{"floor":21,"key":"Centennial Puzzle"},{"floor":24,"key":"Darkstone Periapt"},{"floor":26,"key":"Emotion Chip"},{"floor":29,"key":"Sundial"},{"floor":31,"key":"Art of War"},{"floor":36,"key":"Calipers"},{"floor":40,"key":"Bottled Tornado"},{"floor":43,"key":"Bag of Preparation"},{"floor":46,"key":"War Paint"},{"floor":54,"key":"Gremlin Horn"}],"event_choices":[{"damage_healed":0,"gold_gain":0,"player_choice":"Bought 1 Potion","damage_taken":0,"max_hp_gain":0,"max_hp_loss":0,"event_name":"The Woman in Blue","floor":2,"gold_loss":0},{"damage_healed":0,"gold_gain":175,"player_choice":"AGREE","damage_taken":0,"max_hp_gain":0,"max_hp_loss":0,"event_name":"Liars Game","floor":7,"gold_loss":0,"cards_obtained":["Doubt"]},{"damage_healed":25,"gold_gain":0,"player_choice":"Heal","damage_taken":0,"max_hp_gain":0,"max_hp_loss":0,"event_name":"The Library","floor":22,"gold_loss":0},{"damage_healed":0,"gold_gain":0,"cards_transformed":["Defend_B","Defend_B"],"player_choice":"Became Test Subject","damage_taken":0,"max_hp_gain":0,"max_hp_loss":0,"event_name":"Drug Dealer","floor":28,"gold_loss":0,"cards_obtained":["Doom and Gloom","Glacier"]},{"damage_healed":0,"gold_gain":0,"player_choice":"Fight","damage_taken":0,"max_hp_gain":0,"max_hp_loss":0,"event_name":"Mysterious Sphere","floor":36,"gold_loss":0},{"damage_healed":0,"gold_gain":0,"player_choice":"Memory 1","damage_taken":0,"max_hp_gain":0,"max_hp_loss":0,"event_name":"SensoryStone","floor":39,"gold_loss":0},{"damage_healed":19,"gold_gain":0,"player_choice":"Writhe","damage_taken":0,"max_hp_gain":0,"max_hp_loss":0,"event_name":"Winding Halls","floor":47,"gold_loss":0,"cards_obtained":["Writhe"]},{"cards_removed":["Writhe"],"damage_healed":0,"gold_gain":0,"player_choice":"Purged","damage_taken":0,"max_hp_gain":0,"max_hp_loss":0,"event_name":"Purifier","floor":48,"gold_loss":0}],"is_beta":false,"boss_relics":[{"not_picked":["Tiny House","Fusion Hammer"],"picked":"Orrery"},{"not_picked":["Empty Cage","Lizard Tail"],"picked":"Sozu"}],"items_purged_floors":[14,38],"is_endless":false,"potions_floor_spawned":[5,8,11,29,30,31,37,44,54],"killed_by":"The Heart","ascension_level":0}