{"gold_per_floor":[113,131,56,66,76,87,87,115,115,115,15,15,25,25],"floor_reached":14,"playtime":518,"items_purged":["Strike_B","Strike_B"],"score":133,"play_id":"c9fbe374-20c4-42e6-9d8c-739a66b7cd51","local_time":"20190804130149","is_ascension_mode":true,"campfire_choices":[{"data":"Redo","floor":7,"key":"SMITH"},{"data":"Chaos","floor":12,"key":"SMITH"}],"neow_cost":"NONE","seed_source_timestamp":299498619944365,"circlet_count":0,"master_deck":["Strike_B","Strike_B","Defend_B","Defend_B","Defend_B","Defend_B","Zap","Dualcast","Echo Form","Chaos+1","Cold Snap","Redo+1","Hologram","Leap","Self Repair+1"],"relics":["Cracked Core","Frozen Egg 2","Peace Pipe","Darkstone Periapt"],"potions_floor_usage":[2,8],"damage_taken":[{"damage":16,"enemies":"Small Slimes","floor":1,"turns":3},{"damage":0,"enemies":"Cultist","floor":2,"turns":3},{"damage":0,"enemies":"Jaw Worm","floor":4,"turns":5},{"damage":1,"enemies":"2 Fungi Beasts","floor":5,"turns":4},{"damage":15,"enemies":"Large Slime","floor":6,"turns":7},{"damage":5,"enemies":"Lagavulin","floor":8,"turns":7},{"damage":13,"enemies":"3 Louse","floor":13,"turns":3},{"damage":41,"enemies":"Gremlin Gang","floor":14,"turns":3}],"seed_played":"868114882779156760","potions_obtained":[{"floor":1,"key":"Explosive Potion"},{"floor":2,"key":"Explosive Potion"},{"floor":6,"key":"SkillPotion"}],"is_trial":false,"path_per_floor":["M","M","$","M","M","M","R","E","T","?","$","R","M","M"],"character_chosen":"DEFECT","items_purchased":[],"campfire_rested":0,"item_purchase_floors":[],"current_hp_per_floor":[52,52,52,52,51,36,36,31,31,31,31,31,18,0],"gold":25,"neow_bonus":"ONE_RANDOM_RARE_CARD","is_prod":false,"is_daily":false,"chose_seed":false,"campfire_upgraded":2,"win_rate":0,"timestamp":1564891309,"path_taken":["M","M","$","M","M","M","R","E","T","?","$","R","M","M"],"build_version":"2019-07-17","purchased_purges":2,"victory":false,"max_hp_per_floor":[75,75,75,75,75,75,75,75,75,75,75,75,75,75],"card_choices":[{"not_picked":["Stack","Rip and Tear"],"picked":"Chaos","floor":1},{"not_picked":["Stack","Go for the Eyes"],"picked":"Cold Snap","floor":2},{"not_picked":["Gash","Reprogram","Heatsinks"],"picked":"SKIP","floor":4},{"not_picked":["Sweeping Beam","Lockon"],"picked":"Redo","floor":5},{"not_picked":["Streamline","Rebound"],"picked":"Hologram","floor":6},{"not_picked":["White Noise","Barrage"],"picked":"Leap","floor":8},{"not_picked":["Gash","Electrodynamics+1"],"picked":"Self Repair+1","floor":13}],"player_experience":255032,"relics_obtained":[{"floor":8,"key":"Frozen Egg 2"},{"floor":9,"key":"Peace Pipe"}],"event_choices":[{"damage_healed":0,"gold_gain":0,"player_choice":"Gave Potion","damage_taken":0,"relics_obtained":["Darkstone Periapt"],"max_hp_gain":0,"max_hp_loss":0,"event_name":"WeMeetAgain","floor":10,"gold_loss":0}],"is_beta":false,"boss_relics":[],"items_purged_floors":[3,11],"is_endless":false,"potions_floor_spawned":[1,2,6],"killed_by":"Gremlin Gang","ascension_level":9}