{"gold_per_floor":[117,30,42,42,42,77,88,115,186,186,245,278,278,278,278,378,378,391,57,0,0,19,54,54,64,90,90,90,118,118,78,78,174,174,191,191,35,35,35,35,69,79,79,79,0,26,26,71,71,71],"floor_reached":51,"playtime":3856,"items_purged":[],"score":923,"play_id":"57cd99f3-0ea5-4f72-91cb-020e7166e101","local_time":"20190713214541","is_ascension_mode":true,"campfire_choices":[{"floor":10,"key":"REST"},{"data":"Clash","floor":13,"key":"SMITH"},{"floor":15,"key":"REST"},{"floor":24,"key":"REST"},{"floor":27,"key":"REST"},{"floor":30,"key":"REST"},{"floor":32,"key":"REST"},{"floor":40,"key":"REST"},{"floor":44,"key":"REST"},{"floor":49,"key":"REST"}],"neow_cost":"NONE","seed_source_timestamp":252963071485900,"circlet_count":0,"master_deck":["Strike_R+1","Strike_R","Strike_R+1","Strike_R+1","Strike_R+1","Defend_R","Defend_R+1","Defend_R+1","Defend_R","Bash","Anger","Anger","Headbutt","Clash+1","Flex","Clash+1","Inflame+1","Immolate+1","Shockwave+1","Carnage+1","Rage","Warcry+1","Sever Soul+1","Dropkick+1","Double Tap","Cleave+1","Madness","Madness","Swift Strike+1","Wild Strike+1","Rage","Bash+1","Dark Shackles","Infernal Blade+1"],"relics":["Burning Blood","NeowsBlessing","Dead Branch","War Paint","Pen Nib","Molten Egg 2","Ornamental Fan","Orichalcum","Fusion Hammer","Blood Vial","Gambling Chip","Juzu Bracelet","Self Forming Clay","Mummified Hand","Philosopher\u0027s Stone","Red Skull","Happy Flower","Unceasing Top","Red Mask","Whetstone","Champion Belt"],"potions_floor_usage":[8,11,22,22,23,33,35,39,50,50,50],"damage_taken":[{"damage":0,"enemies":"Jaw Worm","floor":1,"turns":1},{"damage":0,"enemies":"Cultist","floor":3,"turns":1},{"damage":0,"enemies":"Lagavulin","floor":6,"turns":1},{"damage":9,"enemies":"2 Louse","floor":7,"turns":2},{"damage":25,"enemies":"3 Sentries","floor":8,"turns":7},{"damage":15,"enemies":"Gremlin Nob","floor":11,"turns":4},{"damage":11,"enemies":"Lagavulin","floor":12,"turns":3},{"damage":0,"enemies":"Slime Boss","floor":16,"turns":7},{"damage":22,"enemies":"3 Byrds","floor":18,"turns":4},{"damage":2,"enemies":"2 Thieves","floor":22,"turns":3},{"damage":17,"enemies":"Book of Stabbing","floor":23,"turns":4},{"damage":12,"enemies":"Snecko","floor":25,"turns":3},{"damage":32,"enemies":"Gremlin Leader","floor":29,"turns":4},{"damage":28,"enemies":"Champ","floor":33,"turns":5},{"damage":8,"enemies":"3 Shapes","floor":35,"turns":3},{"damage":0,"enemies":"3 Darklings","floor":39,"turns":1},{"damage":8,"enemies":"Giant Head","floor":41,"turns":5},{"damage":0,"enemies":"Jaw Worm Horde","floor":42,"turns":2},{"damage":2,"enemies":"Nemesis","floor":46,"turns":3},{"damage":12,"enemies":"2 Orb Walkers","floor":48,"turns":3},{"damage":45,"enemies":"Awakened One","floor":50,"turns":6}],"seed_played":"-472721132822517422","potions_obtained":[{"floor":6,"key":"Dexterity Potion"},{"floor":7,"key":"Dexterity Potion"},{"floor":8,"key":"SmokeBomb"},{"floor":12,"key":"PowerPotion"},{"floor":22,"key":"SkillPotion"},{"floor":23,"key":"LiquidBronze"},{"floor":29,"key":"Swift Potion"},{"floor":41,"key":"LiquidBronze"},{"floor":42,"key":"AttackPotion"},{"floor":46,"key":"Ancient Potion"}],"is_trial":false,"path_per_floor":["M","$","M","?","$","E","M","E","T","R","?","E","R","?","R","B",null,"M","$","?","?","M","E","R","M","T","R","T","E","R","?","R","B",null,"M","?","$","?","M","R","E","M","T","R","?","E","?","?","R","B",null],"character_chosen":"IRONCLAD","items_purchased":["Enlightenment","Blood Vial","Carnage+1","Rage","Block Potion","Red Skull"],"campfire_rested":9,"item_purchase_floors":[2,19,19,19,19,37],"current_hp_per_floor":[80,80,80,80,80,80,77,58,58,80,71,66,66,50,74,80,80,64,64,64,80,80,69,80,74,74,80,80,54,78,78,80,58,80,78,68,68,68,76,80,78,80,80,80,80,80,80,74,80,41],"gold":71,"neow_bonus":"THREE_ENEMY_KILL","is_prod":false,"is_daily":false,"chose_seed":false,"campfire_upgraded":1,"win_rate":0,"timestamp":1563072341,"path_taken":["M","$","M","?","?","E","M","E","T","R","?","E","R","?","R","BOSS","M","$","?","?","M","E","R","?","T","R","?","E","R","?","R","BOSS","M","?","$","?","M","R","E","M","T","R","?","E","?","?","R","BOSS"],"build_version":"2019-07-05","purchased_purges":0,"victory":true,"max_hp_per_floor":[80,80,80,80,80,80,80,80,80,80,80,80,80,80,80,80,80,80,80,80,80,80,80,80,80,80,80,80,80,80,80,80,80,80,80,80,80,80,80,80,80,80,80,80,80,80,80,80,80,80],"card_choices":[{"not_picked":["Armaments","Sever Soul"],"picked":"Anger","floor":1},{"not_picked":["Heavy Blade","Wild Strike"],"picked":"Anger","floor":3},{"not_picked":["Exhume","Armaments"],"picked":"Headbutt","floor":6},{"not_picked":["Shrug It Off","Havoc"],"picked":"Clash","floor":7},{"not_picked":["Armaments","Power Through"],"picked":"Flex","floor":8},{"not_picked":["Twin Strike+1","Heavy Blade+1"],"picked":"Clash+1","floor":11},{"not_picked":["Second Wind","Ghostly Armor"],"picked":"Inflame","floor":12},{"not_picked":["Barricade","Limit Break"],"picked":"Immolate+1","floor":16},{"not_picked":["Perfected Strike+1","Ghostly Armor"],"picked":"Shockwave+1","floor":18},{"not_picked":["Havoc","Perfected Strike+1"],"picked":"Warcry","floor":22},{"not_picked":["Sword Boomerang+1","Dual Wield"],"picked":"Sever Soul+1","floor":23},{"not_picked":["Ghostly Armor","Havoc","Battle Trance"],"picked":"SKIP","floor":25},{"not_picked":["Cleave+1","Ghostly Armor"],"picked":"Dropkick+1","floor":29},{"not_picked":["Demon Form","Exhume"],"picked":"Double Tap","floor":33},{"not_picked":["Body Slam+1","Bloodletting"],"picked":"Cleave+1","floor":35},{"not_picked":["Jack Of All Trades","Transmutation"],"picked":"Swift Strike+1","floor":38},{"not_picked":["True Grit","Burning Pact+1","Warcry"],"picked":"SKIP","floor":41},{"not_picked":["Headbutt+1","Havoc"],"picked":"Wild Strike+1","floor":42},{"not_picked":["Perfected Strike+1","Hemokinesis+1"],"picked":"Rage","floor":46},{"not_picked":["Shockwave+1","Thunderclap+1"],"picked":"Infernal Blade+1","floor":48}],"player_experience":106182,"relics_obtained":[{"floor":6,"key":"War Paint"},{"floor":8,"key":"Pen Nib"},{"floor":9,"key":"Molten Egg 2"},{"floor":11,"key":"Ornamental Fan"},{"floor":12,"key":"Orichalcum"},{"floor":23,"key":"Gambling Chip"},{"floor":26,"key":"Juzu Bracelet"},{"floor":28,"key":"Self Forming Clay"},{"floor":29,"key":"Mummified Hand"},{"floor":41,"key":"Happy Flower"},{"floor":43,"key":"Unceasing Top"},{"floor":46,"key":"Whetstone"},{"floor":48,"key":"Champion Belt"}],"event_choices":[{"cards_removed":["Enlightenment"],"damage_healed":0,"gold_gain":0,"player_choice":"Gave Card","damage_taken":0,"relics_obtained":["Dead Branch"],"max_hp_gain":0,"max_hp_loss":0,"event_name":"WeMeetAgain","floor":4,"gold_loss":0},{"damage_healed":0,"gold_gain":0,"player_choice":"Searched \u00271\u0027 times","damage_taken":0,"max_hp_gain":0,"max_hp_loss":0,"event_name":"Dead Adventurer","floor":11,"gold_loss":0},{"damage_healed":0,"gold_gain":0,"player_choice":"Entered Light","damage_taken":16,"max_hp_gain":0,"max_hp_loss":0,"event_name":"Shining Light","floor":14,"gold_loss":0,"cards_upgraded":["Strike_R","Strike_R"]},{"damage_healed":0,"gold_gain":0,"player_choice":"Paid Fearfully","damage_taken":0,"max_hp_gain":0,"max_hp_loss":0,"event_name":"Masked Bandits","floor":20,"gold_loss":57},{"damage_healed":26,"gold_gain":0,"player_choice":"Heal","damage_taken":0,"max_hp_gain":0,"max_hp_loss":0,"event_name":"The Library","floor":21,"gold_loss":0},{"damage_healed":0,"gold_gain":0,"player_choice":"Upgraded Two","damage_taken":0,"max_hp_gain":0,"max_hp_loss":0,"event_name":"Designer","floor":31,"gold_loss":40,"cards_upgraded":["Inflame","Warcry"]},{"damage_healed":0,"gold_gain":0,"player_choice":"Embrace Madness","damage_taken":10,"max_hp_gain":0,"max_hp_loss":0,"event_name":"Winding Halls","floor":36,"gold_loss":0,"cards_obtained":["Madness","Madness"]},{"damage_healed":0,"gold_gain":0,"player_choice":"Memory 1","damage_taken":0,"max_hp_gain":0,"max_hp_loss":0,"event_name":"SensoryStone","floor":38,"gold_loss":0},{"damage_healed":0,"gold_gain":0,"player_choice":"Paid","damage_taken":0,"relics_obtained":["Red Mask"],"max_hp_gain":0,"max_hp_loss":0,"event_name":"Tomb of Lord Red Mask","floor":45,"gold_loss":79},{"damage_healed":0,"gold_gain":0,"player_choice":"2 cards matched","damage_taken":0,"max_hp_gain":0,"max_hp_loss":0,"event_name":"Match and Keep!","floor":47,"gold_loss":0,"cards_obtained":["Bash","Dark Shackles"]},{"damage_healed":0,"gold_gain":0,"player_choice":"Fight","damage_taken":0,"max_hp_gain":0,"max_hp_loss":0,"event_name":"Mysterious Sphere","floor":48,"gold_loss":0}],"is_beta":false,"boss_relics":[{"not_picked":["Tiny House","Orrery"],"picked":"Fusion Hammer"},{"not_picked":["Runic Pyramid","Black Blood"],"picked":"Philosopher\u0027s Stone"}],"items_purged_floors":[],"is_endless":false,"potions_floor_spawned":[6,7,8,12,22,23,29,39,41,42,46],"ascension_level":3}