{"gold_per_floor":[118,48,48,323,343,376,386,386,386,386,399,426,426,440,440,440],"floor_reached":16,"playtime":461,"items_purged":[],"score":236,"play_id":"d5901a41-53ce-4efc-a0dd-c6c3845345c4","local_time":"20181006155449","is_ascension_mode":true,"campfire_choices":[{"data":"Neutralize","floor":8,"key":"SMITH"},{"data":"Cloak And Dagger","floor":10,"key":"SMITH"},{"data":"Well Laid Plans","floor":13,"key":"SMITH"},{"floor":15,"key":"REST"}],"neow_cost":"NONE","seed_source_timestamp":1899741072011825,"circlet_count":0,"master_deck":["Defend_G","Defend_G","Defend_G","Defend_G","Defend_G","Strike_G","Strike_G","Strike_G","Strike_G","Strike_G","Survivor","Neutralize+1","AscendersBane","Well Laid Plans+1","Infinite Blades","Regret","Quick Slash","Dagger Spray","Cloak And Dagger+1","Dodge and Roll","PiercingWail","Predator"],"relics":["Ring of the Snake","NeowsBlessing","FaceOfCleric","Blue Candle","The Courier","Potion Belt"],"potions_floor_usage":[12,12,16],"damage_taken":[{"damage":0,"enemies":"Jaw Worm","floor":1,"turns":1},{"damage":0,"enemies":"Cultist","floor":5,"turns":1},{"damage":0,"enemies":"3 Sentries","floor":6,"turns":2},{"damage":6,"enemies":"Small Slimes","floor":7,"turns":4},{"damage":4,"enemies":"Exordium Thugs","floor":11,"turns":4},{"damage":35,"enemies":"Gremlin Nob","floor":12,"turns":6},{"damage":7,"enemies":"3 Louse","floor":14,"turns":3},{"damage":36,"enemies":"Hexaghost","floor":16,"turns":11}],"seed_played":"-2262861241464887503","potions_obtained":[{"floor":5,"key":"Block Potion"},{"floor":11,"key":"Block Potion"},{"floor":14,"key":"FearPotion"}],"is_trial":false,"path_per_floor":["M","$","?","?","M","E","M","R","T","R","M","E","R","M","R"],"character_chosen":"THE_SILENT","items_purchased":["Infinite Blades"],"campfire_rested":1,"item_purchase_floors":[2],"current_hp_per_floor":[59,59,59,59,60,61,56,56,56,56,53,19,19,13,34,0],"gold":440,"neow_bonus":"THREE_ENEMY_KILL","is_prod":false,"is_daily":false,"chose_seed":false,"campfire_upgraded":3,"win_rate":0,"timestamp":1538855689,"path_taken":["M","$","?","?","?","E","M","R","T","R","M","E","R","M","R","BOSS"],"build_version":"2018-10-04v2","purchased_purges":0,"victory":false,"max_hp_per_floor":[66,66,66,66,67,68,69,69,69,69,70,71,71,72,72,72],"card_choices":[{"not_picked":["Sucker Punch","Bane"],"picked":"Well Laid Plans","floor":1},{"not_picked":["Dodge and Roll","Predator"],"picked":"Quick Slash","floor":5},{"not_picked":["Sucker Punch","Acrobatics"],"picked":"Dagger Spray","floor":6},{"not_picked":["Sucker Punch","Outmaneuver"],"picked":"Cloak And Dagger","floor":7},{"not_picked":["Riddle With Holes","Tactician"],"picked":"Dodge and Roll","floor":11},{"not_picked":["Slice","Deflect"],"picked":"PiercingWail","floor":12},{"not_picked":["Eviscerate","Bane"],"picked":"Predator","floor":14}],"player_experience":820838,"relics_obtained":[{"floor":6,"key":"Blue Candle"},{"floor":9,"key":"The Courier"},{"floor":12,"key":"Potion Belt"}],"event_choices":[{"event_name":"FaceTrader","player_choice":"Trade","floor":3,"damage_taken":0},{"event_name":"Golden Shrine","player_choice":"Desecrate","floor":4,"damage_taken":0}],"is_beta":false,"boss_relics":[],"items_purged_floors":[],"is_endless":false,"potions_floor_spawned":[5,11,14],"killed_by":"Hexaghost","ascension_level":15}