{"gold_per_floor":[110,128,10,10,26,56,56,74,125,125,150,1,1,12,12,112,112,122,122,137,52,66,97,25,25,50,62,102,133,174,202,214,226],"floor_reached":33,"playtime":2437,"items_purged":[],"score":479,"play_id":"c3cc6d3e-2857-4b3e-82e8-2752fa3859c4","local_time":"20190806005005","is_ascension_mode":true,"campfire_choices":[{"data":"Endless Agony","floor":7,"key":"SMITH"},{"data":"Backflip","floor":10,"key":"SMITH"},{"data":"Cloak And Dagger","floor":13,"key":"SMITH"},{"data":"Endless Agony","floor":15,"key":"SMITH"},{"floor":25,"key":"REST"},{"floor":27,"key":"REST"},{"data":"Phantasmal Killer","floor":32,"key":"SMITH"}],"neow_cost":"NONE","seed_source_timestamp":80280623822500,"circlet_count":0,"master_deck":["Strike_G+1","Strike_G+1","Strike_G+1","Strike_G+1","Strike_G+1","Defend_G+1","Defend_G+1","Defend_G+1","Defend_G+1","Defend_G+1","Survivor","Neutralize+1","Finesse","Heel Hook","Masterful Stab","Dagger Spray","Well Laid Plans","Dodge and Roll","Endless Agony+1","Backflip+1","Cloak And Dagger+1","Endless Agony+1","Footwork","Sucker Punch","Wraith Form v2","Endless Agony","Caltrops","Outmaneuver","Skewer","Bouncing Flask","Crippling Poison","Endless Agony+1","Leg Sweep","Crippling Poison+1","Phantasmal Killer+1","Flying Knee+1","Escape Plan","Deadly Poison+1","PiercingWail+1","Quick Slash+1"],"relics":["Ring of the Snake","Ninja Scroll","Dream Catcher","PreservedInsect","Orrery","Pen Nib","Darkstone Periapt","MawBank","Anchor","The Specimen"],"potions_floor_usage":[6,6,6,6,11,16,16,20,20,28,30,33,33],"damage_taken":[{"damage":0,"enemies":"Cultist","floor":1,"turns":4},{"damage":6,"enemies":"Jaw Worm","floor":2,"turns":5},{"damage":0,"enemies":"Small Slimes","floor":5,"turns":2},{"damage":0,"enemies":"Gremlin Nob","floor":6,"turns":2},{"damage":4,"enemies":"2 Fungi Beasts","floor":8,"turns":2},{"damage":0,"enemies":"3 Sentries","floor":11,"turns":6},{"damage":0,"enemies":"Blue Slaver","floor":14,"turns":2},{"damage":16,"enemies":"The Guardian","floor":16,"turns":14},{"damage":17,"enemies":"Chosen","floor":18,"turns":5},{"damage":5,"enemies":"2 Thieves","floor":20,"turns":3},{"damage":17,"enemies":"Cultist and Chosen","floor":22,"turns":5},{"damage":10,"enemies":"Slavers","floor":23,"turns":5},{"damage":6,"enemies":"Book of Stabbing","floor":28,"turns":4},{"damage":1,"enemies":"Snecko","floor":29,"turns":4},{"damage":0,"enemies":"Gremlin Leader","floor":30,"turns":4},{"damage":0,"enemies":"3 Cultists","floor":31,"turns":4},{"damage":78,"enemies":"Champ","floor":33,"turns":9}],"seed_played":"-3858587107562751621","potions_obtained":[{"floor":2,"key":"Fire Potion"},{"floor":5,"key":"EntropicBrew"},{"floor":6,"key":"GamblersBrew"},{"floor":8,"key":"EssenceOfSteel"},{"floor":16,"key":"Regen Potion"},{"floor":18,"key":"GhostInAJar"},{"floor":28,"key":"Regen Potion"},{"floor":29,"key":"LiquidBronze"},{"floor":30,"key":"SteroidPotion"}],"is_trial":false,"path_per_floor":["M","M","$","?","M","E","R","M","T","R","E","$","R","M","R","B",null,"M","?","M","?","M","E","$","R","T","R","E","M","E","M","R","B"],"character_chosen":"THE_SILENT","items_purchased":["Dagger Spray","Well Laid Plans","Endless Agony","Footwork","GhostInAJar"],"campfire_rested":2,"item_purchase_floors":[3,3,12,12,24],"current_hp_per_floor":[70,64,64,64,64,64,64,60,60,60,60,60,60,60,60,44,70,53,53,57,57,40,30,30,51,51,70,64,63,70,70,70,0],"gold":226,"neow_bonus":"RANDOM_COLORLESS","is_prod":false,"is_daily":false,"chose_seed":false,"campfire_upgraded":5,"win_rate":0,"timestamp":1565070605,"path_taken":["M","?","$","?","M","E","R","M","T","R","E","$","R","M","R","BOSS","M","?","M","?","M","E","?","R","T","R","E","M","E","M","R","BOSS"],"build_version":"2019-07-17","purchased_purges":0,"victory":false,"max_hp_per_floor":[70,70,70,70,70,70,70,70,70,70,70,70,70,70,70,70,70,70,70,70,70,70,70,70,70,70,70,70,70,70,70,70,70],"card_choices":[{"not_picked":["Deflect","Blade Dance"],"picked":"Heel Hook","floor":1},{"not_picked":["Slice","Caltrops"],"picked":"Masterful Stab","floor":2},{"not_picked":["Blade Dance","Bullet Time"],"picked":"Dodge and Roll","floor":5},{"not_picked":["Dodge and Roll","Deflect"],"picked":"Endless Agony","floor":6},{"not_picked":["Noxious Fumes","Dagger Throw"],"picked":"Backflip","floor":8},{"not_picked":["Dagger Spray","Sucker Punch"],"picked":"Cloak And Dagger","floor":11},{"not_picked":["Dodge and Roll","Dagger Spray"],"picked":"Sucker Punch","floor":14},{"not_picked":["Burst","Grand Finale"],"picked":"Wraith Form v2","floor":16},{"not_picked":["Heel Hook","Well Laid Plans"],"picked":"Endless Agony","floor":17},{"not_picked":["Blade Dance","Cloak And Dagger"],"picked":"Caltrops","floor":17},{"not_picked":["Eviscerate","Acrobatics"],"picked":"Outmaneuver","floor":17},{"not_picked":["Tactician","Prepared"],"picked":"Skewer","floor":17},{"not_picked":["Setup","All Out Attack"],"picked":"Bouncing Flask","floor":17},{"not_picked":["Noxious Fumes","Deadly Poison"],"picked":"Crippling Poison","floor":18},{"not_picked":["Flying Knee+1","Cloak And Dagger"],"picked":"Endless Agony+1","floor":20},{"not_picked":["Underhanded Strike","Dash"],"picked":"Leg Sweep","floor":22},{"not_picked":["Eviscerate","Dagger Spray"],"picked":"Crippling Poison+1","floor":23},{"not_picked":["Backflip","Blade Dance"],"picked":"Phantasmal Killer","floor":25},{"not_picked":["Backflip","Outmaneuver"],"picked":"Flying Knee+1","floor":27},{"not_picked":["PiercingWail","Masterful Stab"],"picked":"Escape Plan","floor":28},{"not_picked":["Distraction","Noxious Fumes"],"picked":"Deadly Poison+1","floor":29},{"not_picked":["Sucker Punch","Calculated Gamble"],"picked":"PiercingWail+1","floor":30},{"not_picked":["Bane","Blade Dance"],"picked":"Quick Slash+1","floor":31}],"player_experience":241943,"relics_obtained":[{"floor":6,"key":"Ninja Scroll"},{"floor":9,"key":"Dream Catcher"},{"floor":11,"key":"PreservedInsect"},{"floor":23,"key":"Darkstone Periapt"},{"floor":26,"key":"MawBank"},{"floor":28,"key":"Anchor"},{"floor":30,"key":"The Specimen"}],"event_choices":[{"damage_healed":0,"gold_gain":0,"player_choice":"Grow","damage_taken":0,"max_hp_gain":0,"max_hp_loss":0,"event_name":"Living Wall","floor":4,"gold_loss":0,"cards_upgraded":["Neutralize"]},{"damage_healed":0,"gold_gain":0,"player_choice":"Simplicity","damage_taken":0,"max_hp_gain":0,"max_hp_loss":0,"event_name":"Back to Basics","floor":19,"gold_loss":0,"cards_upgraded":["Strike_G","Strike_G","Strike_G","Strike_G","Strike_G","Defend_G","Defend_G","Defend_G","Defend_G","Defend_G"]},{"damage_healed":0,"gold_gain":0,"player_choice":"Obtained Relic","damage_taken":0,"relics_obtained":["Pen Nib"],"max_hp_gain":0,"max_hp_loss":0,"event_name":"Addict","floor":21,"gold_loss":85}],"is_beta":false,"boss_relics":[{"not_picked":["Tiny House","Cursed Key"],"picked":"Orrery"}],"items_purged_floors":[],"is_endless":false,"potions_floor_spawned":[2,5,6,8,16,18,28,29,30],"killed_by":"Champ","ascension_level":2}