{"gold_per_floor":[114,114,129,129,148,148,167,167,167,186,224,399,6,25,25,150,188,207,226,245,264,264,264,264,187,187,187,206,225,21,21,21,146,146,165,498,543,558,573,573],"floor_reached":40,"playtime":3697,"items_purged":[],"score":537,"play_id":"66a85f1c-1527-4cf5-8ff2-933ed843310c","local_time":"20180714220355","daily_mods":["Shiny","Uncertain Future","Lethality"],"is_ascension_mode":false,"campfire_choices":[{"floor":6,"key":"REST"},{"floor":8,"key":"REST"},{"data":"White Noise","floor":15,"key":"SMITH"},{"floor":24,"key":"REST"},{"floor":27,"key":"REST"},{"floor":32,"key":"REST"}],"neow_cost":"","seed_source_timestamp":0,"circlet_count":0,"master_deck":["Multi-Cast","Hyperbeam","Thunder Strike","Biased Cognition","Machine Learning","Electrodynamics","Buffer+1","Rainbow","Seek","Meteor Strike","Echo Form","All For One","Reboot","Amplify","Creative AI","Fission","Core Surge","Steam Power","Stack","Conserve Battery","Reinforced Body","Conserve Battery","White Noise+1","Dark Shackles","Turbo","Conserve Battery","All For One+1","Hologram","Double Energy+1","Loop","Glacier","Self Repair","J.A.X.","Leap+1","FTL+1","Turbo","Seek","Fusion+1","Leap+1","Hologram+1","Seek","Rebound+1","Leap+1"],"special_seed":17726,"relics":["Cracked Core","Girya","Pen Nib","Dodecahedron","Molten Egg 2","Tiny House","Pear","Bronze Scales","Eternal Feather","Prayer Wheel"],"potions_floor_usage":[21,22,23,29,40,40,40],"damage_taken":[{"damage":0,"enemies":"2 Louse","floor":1,"turns":2},{"damage":19,"enemies":"Small Slimes","floor":3,"turns":2},{"damage":0,"enemies":"Cultist","floor":5,"turns":3},{"damage":0,"enemies":"Large Slime","floor":7,"turns":4},{"damage":0,"enemies":"2 Fungi Beasts","floor":10,"turns":2},{"damage":0,"enemies":"Lagavulin","floor":11,"turns":7},{"damage":0,"enemies":"Gremlin Gang","floor":14,"turns":1},{"damage":52,"enemies":"The Guardian","floor":16,"turns":9},{"damage":0,"enemies":"Spheric Guardian","floor":18,"turns":4},{"damage":0,"enemies":"Shell Parasite","floor":19,"turns":5},{"damage":2,"enemies":"Cultist and Chosen","floor":20,"turns":3},{"damage":60,"enemies":"Slaver and Parasite","floor":21,"turns":6},{"damage":0,"enemies":"Centurion and Healer","floor":22,"turns":1},{"damage":0,"enemies":"Gremlin Leader","floor":23,"turns":1},{"damage":3,"enemies":"Snecko","floor":28,"turns":5},{"damage":71,"enemies":"Chosen and Byrds","floor":29,"turns":7},{"damage":45,"enemies":"Automaton","floor":33,"turns":8},{"damage":0,"enemies":"Orb Walker","floor":35,"turns":2},{"damage":5,"floor":37,"turns":5},{"damage":0,"enemies":"3 Shapes","floor":38,"turns":4},{"damage":56,"enemies":"Transient","floor":39,"turns":5},{"damage":43,"enemies":"Giant Head","floor":40,"turns":10}],"seed_played":"-1557900698408723444","potions_obtained":[{"floor":1,"key":"Strength Potion"},{"floor":5,"key":"SmokeBomb"},{"floor":17,"key":"SmokeBomb"},{"floor":19,"key":"Fruit Juice"},{"floor":28,"key":"Energy Potion"},{"floor":29,"key":"Poison Potion"},{"floor":35,"key":"Dexterity Potion"},{"floor":39,"key":"Swift Potion"}],"is_trial":false,"path_per_floor":["M","?","M","?","M","R","M","R","T","M","E","?","$","M","R","B",null,"M","M","M","M","M","E","R","?","T","R","M","M","$","?","R","B",null,"M","?","?","M","M"],"character_chosen":"DEFECT","items_purchased":["Molten Egg 2","Dark Shackles","Turbo","Bronze Scales","Turbo"],"campfire_rested":5,"item_purchase_floors":[13,13,13,30,30],"current_hp_per_floor":[75,63,44,26,26,48,48,70,70,70,70,70,70,70,70,18,80,80,80,78,23,23,23,48,48,58,86,83,19,19,19,47,2,95,95,95,95,95,39,0],"gold":573,"neow_bonus":"","is_prod":false,"is_daily":true,"chose_seed":false,"campfire_upgraded":1,"win_rate":0.0,"timestamp":1531573435,"path_taken":["M","?","M","?","M","R","M","R","T","M","E","?","$","M","R","BOSS","M","M","?","M","M","E","R","?","T","R","M","M","$","?","R","BOSS","M","?","?","M","M","E"],"build_version":"2018-07-12","purchased_purges":0,"victory":false,"max_hp_per_floor":[75,75,75,75,75,75,75,75,75,75,75,75,75,75,75,75,80,80,80,80,85,85,85,85,85,95,95,95,95,95,95,95,95,95,95,95,95,95,95,95],"card_choices":[{"not_picked":["Double Energy","Chaos"],"picked":"Steam Power","floor":1},{"not_picked":["Compile Driver","Cold Snap"],"picked":"Stack","floor":3},{"not_picked":["Recycle","Gash"],"picked":"Conserve Battery","floor":5},{"not_picked":["Rebound","Stack"],"picked":"Reinforced Body","floor":7},{"not_picked":["Leap","Reprogram"],"picked":"Conserve Battery","floor":10},{"not_picked":["Steam Power","Tempest"],"picked":"White Noise","floor":11},{"not_picked":["Blizzard+1","Genetic Algorithm"],"picked":"Conserve Battery","floor":14},{"not_picked":["Meteor Strike+1","Fission"],"picked":"All For One+1","floor":16},{"not_picked":["Ball Lightning+1","Cold Snap+1"],"picked":"Hologram","floor":17},{"not_picked":["Redo","Coolheaded+1"],"picked":"Double Energy+1","floor":18},{"not_picked":["Barrage+1","Leap"],"picked":"Loop","floor":19},{"not_picked":["Hello World+1","Machine Learning"],"picked":"Glacier","floor":20},{"not_picked":["Conserve Battery","Chaos"],"picked":"Self Repair","floor":21},{"not_picked":["Ball Lightning+1","Self Repair"],"picked":"Leap+1","floor":28},{"not_picked":["Beam Cell+1","Sweeping Beam+1"],"picked":"FTL+1","floor":29},{"not_picked":["Electrodynamics","Echo Form"],"picked":"Seek","floor":33},{"not_picked":["Leap","Gash+1"],"picked":"Fusion+1","floor":35},{"not_picked":["Cold Snap+1","Redo"],"picked":"Leap+1","floor":37},{"not_picked":["Consume","Fusion+1"],"picked":"Hologram+1","floor":38},{"not_picked":["Fusion+1","Stack+1"],"picked":"Seek","floor":38},{"not_picked":["Sweeping Beam+1","Go for the Eyes+1"],"picked":"Rebound+1","floor":39},{"not_picked":["Barrage+1","Ball Lightning+1"],"picked":"Leap+1","floor":39}],"player_experience":113260,"relics_obtained":[{"floor":9,"key":"Pen Nib"},{"floor":11,"key":"Dodecahedron"},{"floor":26,"key":"Pear"},{"floor":37,"key":"Prayer Wheel"}],"event_choices":[{"event_name":"Scrap Ooze","player_choice":"success","floor":2,"damage_taken":12},{"event_name":"Golden Idol","player_choice":"Take Damage","floor":4,"damage_taken":0},{"event_name":"Liars Game","player_choice":"agreed","floor":12,"damage_taken":0},{"event_name":"Drug Dealer","player_choice":"Got JAXXED","floor":25,"damage_taken":0},{"event_name":"Purifier","player_choice":"One Purge","floor":31,"damage_taken":0},{"event_name":"The Moai Head","player_choice":"Gave Idol","floor":36,"damage_taken":0},{"event_name":"Mysterious Sphere","player_choice":"Fight","floor":37,"damage_taken":0}],"boss_relics":[{"not_picked":["Black Star","Cursed Key"],"picked":"Tiny House"},{"not_picked":["Astrolabe","Fusion Hammer"],"picked":"Eternal Feather"}],"items_purged_floors":[],"is_endless":false,"potions_floor_spawned":[1,5,19,23,28,29,35,39],"killed_by":"Giant Head","ascension_level":0}