{"gold_per_floor":[117,117,35,47,47,72,72,0,0,19,50,50,14,42,42,144,144,160,179,179,34,34,34],"floor_reached":23,"playtime":1142,"items_purged":[],"score":299,"play_id":"4d5908e6-bf03-4117-95b4-3469dde4848d","local_time":"20190804151655","is_ascension_mode":true,"campfire_choices":[{"data":"Blind","floor":7,"key":"SMITH"},{"data":"Armaments","floor":12,"key":"SMITH"},{"data":"Seeing Red","floor":15,"key":"SMITH"}],"neow_cost":"NONE","seed_source_timestamp":832240134741300,"circlet_count":0,"master_deck":["Strike_R","Strike_R","Strike_R","Strike_R","Defend_R","Defend_R","Defend_R+1","Defend_R","Bash","Flex+1","Blind+1","Iron Wave","Pommel Strike","Armaments+1","Shrug It Off","Uppercut","Seeing Red+1","Impervious","Bloodletting+1","Flex","Flame Barrier"],"relics":["Burning Blood","NeowsBlessing","Smiling Mask","War Paint","Bottled Lightning","Bird Faced Urn","Bottled Flame","Black Star","MutagenicStrength","Oddly Smooth Stone"],"potions_floor_usage":[11,14,18,23],"damage_taken":[{"damage":0,"enemies":"Small Slimes","floor":1,"turns":1},{"damage":0,"enemies":"Cultist","floor":4,"turns":1},{"damage":0,"enemies":"3 Sentries","floor":6,"turns":2},{"damage":0,"enemies":"2 Louse","floor":10,"turns":2},{"damage":31,"enemies":"Gremlin Nob","floor":11,"turns":5},{"damage":9,"enemies":"3 Sentries","floor":14,"turns":8},{"damage":46,"enemies":"Hexaghost","floor":16,"turns":13},{"damage":23,"enemies":"Shell Parasite","floor":18,"turns":9},{"damage":6,"enemies":"Chosen","floor":19,"turns":6},{"damage":71,"enemies":"Gremlin Leader","floor":23,"turns":5}],"seed_played":"-6031482680772757727","potions_obtained":[{"floor":10,"key":"Swift Potion"},{"floor":11,"key":"Explosive Potion"},{"floor":16,"key":"BloodPotion"},{"floor":19,"key":"Poison Potion"}],"is_trial":false,"path_per_floor":["M","?","$","M","?","E","R","?","T","M","E","R","$","E","R","B",null,"M","M","?","$","?","E"],"character_chosen":"IRONCLAD","items_purchased":["Blind","Uppercut","Oddly Smooth Stone"],"campfire_rested":0,"item_purchase_floors":[3,13,21],"current_hp_per_floor":[78,78,78,80,80,80,80,80,80,80,55,55,55,52,52,12,63,63,63,63,63,63,0],"gold":34,"neow_bonus":"THREE_ENEMY_KILL","is_prod":false,"is_daily":false,"chose_seed":false,"campfire_upgraded":3,"win_rate":0,"timestamp":1564949815,"path_taken":["M","?","$","?","?","E","R","?","T","?","E","R","?","E","R","BOSS","M","M","?","$","?","E"],"build_version":"2019-07-17","purchased_purges":0,"victory":false,"max_hp_per_floor":[80,80,80,80,80,80,80,80,80,80,80,80,80,80,80,80,80,80,80,80,80,80,80],"card_choices":[{"not_picked":["Wild Strike","Second Wind"],"picked":"Flex","floor":1},{"not_picked":["Body Slam","Havoc"],"picked":"Iron Wave","floor":4},{"not_picked":["Dark Embrace","Feel No Pain"],"picked":"Pommel Strike","floor":6},{"not_picked":["Sword Boomerang","Battle Trance"],"picked":"Armaments","floor":10},{"not_picked":["Searing Blow","Pummel"],"picked":"Shrug It Off","floor":11},{"not_picked":["Perfected Strike","Sword Boomerang"],"picked":"Seeing Red","floor":14},{"not_picked":["Feed","Dark Embrace"],"picked":"Impervious","floor":16},{"not_picked":["Heavy Blade","Evolve"],"picked":"Bloodletting+1","floor":18},{"not_picked":["Searing Blow","Warcry"],"picked":"Flex","floor":19}],"player_experience":226572,"relics_obtained":[{"floor":6,"key":"Smiling Mask"},{"floor":9,"key":"Bottled Lightning"},{"floor":11,"key":"Bird Faced Urn"},{"floor":14,"key":"Bottled Flame"}],"event_choices":[{"cards_removed":["Strike_R"],"damage_healed":0,"gold_gain":0,"player_choice":"Purged","damage_taken":0,"max_hp_gain":0,"max_hp_loss":0,"event_name":"Purifier","floor":2,"gold_loss":0},{"damage_healed":0,"gold_gain":0,"player_choice":"Leave","damage_taken":0,"max_hp_gain":0,"max_hp_loss":0,"event_name":"The Cleric","floor":5,"gold_loss":0},{"damage_healed":0,"gold_gain":0,"player_choice":"Paid Gold","damage_taken":0,"relics_obtained":["War Paint"],"max_hp_gain":0,"max_hp_loss":0,"event_name":"WeMeetAgain","floor":8,"gold_loss":72},{"damage_healed":0,"gold_gain":0,"player_choice":"Inject Mutagens","damage_taken":0,"relics_obtained":["MutagenicStrength"],"max_hp_gain":0,"max_hp_loss":0,"event_name":"Drug Dealer","floor":20,"gold_loss":0},{"damage_healed":0,"gold_gain":0,"player_choice":"Read","damage_taken":0,"max_hp_gain":0,"max_hp_loss":0,"event_name":"The Library","floor":22,"gold_loss":0,"cards_obtained":["Flame Barrier"]}],"is_beta":false,"boss_relics":[{"not_picked":["Runic Dome","Eternal Feather"],"picked":"Black Star"}],"items_purged_floors":[],"is_endless":false,"potions_floor_spawned":[10,11,16,19],"killed_by":"Gremlin Leader","ascension_level":6}