{"gold_per_floor":[116,116,116,140,155,155,198,198,198,198,212,230,230,230,230,360,360,385,404,454,475,475,475],"floor_reached":23,"playtime":954,"items_purged":[],"score":193,"play_id":"4125f737-1aa8-4102-a076-610f0a23fe41","local_time":"20190214163158","is_ascension_mode":false,"campfire_choices":[{"data":"Blur","floor":6,"key":"SMITH"},{"data":"Blade Dance","floor":10,"key":"SMITH"},{"data":"Accuracy","floor":15,"key":"SMITH"}],"neow_cost":"NONE","seed_source_timestamp":773209150924964,"circlet_count":0,"master_deck":["Defend_G","Defend_G+1","Defend_G","Defend_G+1","Defend_G","Strike_G","Strike_G","Strike_G","Strike_G","Strike_G","Survivor","Neutralize","Cloak And Dagger","Blade Dance+1","Blur+1","Parasite","Accuracy+1","Dagger Spray","Night Terror","Blur+1","Blade Dance+1","Accuracy"],"relics":["Ring of the Snake","NeowsBlessing","Golden Idol","Blood Vial","Ninja Scroll","Eternal Feather"],"potions_floor_usage":[21,22],"damage_taken":[{"damage":0,"enemies":"2 Louse","floor":1,"turns":1},{"damage":0,"enemies":"Small Slimes","floor":4,"turns":1},{"damage":0,"enemies":"Jaw Worm","floor":5,"turns":1},{"damage":31,"enemies":"Lagavulin","floor":7,"turns":14},{"damage":2,"enemies":"Large Slime","floor":11,"turns":9},{"damage":0,"enemies":"Blue Slaver","floor":12,"turns":4},{"damage":41,"enemies":"Hexaghost","floor":16,"turns":13},{"damage":7,"enemies":"2 Thieves","floor":18,"turns":5},{"damage":0,"enemies":"3 Byrds","floor":19,"turns":6},{"damage":22,"enemies":"Shelled Parasite and Fungi","floor":21,"turns":4},{"damage":0,"enemies":"Snake Plant","floor":22,"turns":2},{"damage":46,"enemies":"Gremlin Leader","floor":23,"turns":4}],"seed_played":"-2720775545220108148","potions_obtained":[{"floor":7,"key":"Ancient Potion"},{"floor":11,"key":"SmokeBomb"},{"floor":16,"key":"Block Potion"}],"is_trial":false,"path_per_floor":["M","?","?","M","M","R","E","?","T","R","M","M","?","T","R","B",null,"M","M","?","M","M","E"],"character_chosen":"THE_SILENT","items_purchased":[],"campfire_rested":0,"item_purchase_floors":[],"current_hp_per_floor":[70,65,52,52,52,52,21,37,37,37,37,39,60,60,60,21,65,58,60,60,40,42,0],"gold":475,"neow_bonus":"THREE_ENEMY_KILL","is_prod":false,"is_daily":false,"chose_seed":false,"campfire_upgraded":3,"win_rate":0,"timestamp":1550179918,"path_taken":["M","?","?","M","M","R","E","?","T","R","M","?","?","?","R","BOSS","M","?","?","?","M","E"],"build_version":"2019-01-23","purchased_purges":0,"victory":false,"max_hp_per_floor":[70,65,65,65,65,65,65,65,65,65,65,65,65,65,65,65,65,65,65,65,65,65,65],"card_choices":[{"not_picked":["Deadly Poison","Slice"],"picked":"Cloak And Dagger","floor":1},{"not_picked":["Noxious Fumes","Acrobatics"],"picked":"Blade Dance","floor":4},{"not_picked":["Bullet Time","Deflect"],"picked":"Blur","floor":5},{"not_picked":["Sucker Punch","Catalyst","Deadly Poison"],"picked":"SKIP","floor":7},{"not_picked":["Escape Plan","Poisoned Stab"],"picked":"Accuracy","floor":11},{"not_picked":["Dagger Throw","Riddle With Holes"],"picked":"Dagger Spray","floor":12},{"not_picked":["Bullet Time","Venomology"],"picked":"Night Terror","floor":16},{"not_picked":["Backstab","Dagger Spray+1"],"picked":"Blur+1","floor":18},{"not_picked":["Flying Knee","Deadly Poison"],"picked":"Blade Dance+1","floor":19},{"not_picked":["Deadly Poison+1","Slice"],"picked":"Accuracy","floor":21}],"player_experience":571522,"relics_obtained":[{"floor":7,"key":"Blood Vial"},{"floor":14,"key":"Ninja Scroll"}],"event_choices":[{"damage_healed":0,"gold_gain":0,"player_choice":"Lose Max HP","damage_taken":0,"relics_obtained":["Golden Idol"],"max_hp_gain":0,"max_hp_loss":5,"event_name":"Golden Idol","floor":2,"gold_loss":0},{"damage_healed":0,"gold_gain":0,"player_choice":"Entered Light","damage_taken":13,"max_hp_gain":0,"max_hp_loss":0,"event_name":"Shining Light","floor":3,"gold_loss":0,"cards_upgraded":["Defend_G","Defend_G"]},{"damage_healed":16,"gold_gain":0,"player_choice":"Healed and dodged fight","damage_taken":0,"max_hp_gain":0,"max_hp_loss":0,"event_name":"Mushrooms","floor":8,"gold_loss":0,"cards_obtained":["Parasite"]},{"damage_healed":21,"gold_gain":0,"player_choice":"Banana","damage_taken":0,"max_hp_gain":0,"max_hp_loss":0,"event_name":"Big Fish","floor":13,"gold_loss":0},{"damage_healed":0,"gold_gain":100,"player_choice":"Bet on Murderer","damage_taken":0,"max_hp_gain":0,"max_hp_loss":0,"event_name":"The Joust","floor":20,"gold_loss":50}],"is_beta":false,"boss_relics":[{"not_picked":["Snecko Eye","Orrery"],"picked":"Eternal Feather"}],"items_purged_floors":[],"is_endless":false,"potions_floor_spawned":[7,11,16,22],"killed_by":"Gremlin Leader","ascension_level":0}