{"gold_per_floor":[16,28,203,215,215,244,259,259,259,286,36,36,51,51,51,154,154,168,168,25,36,55,55,87,113,125,137,167,179,191,203,215,227],"floor_reached":33,"playtime":1357,"items_purged":["Doubt"],"score":341,"play_id":"39d3b2a2-0470-47ee-bf14-97d760db6dc4","local_time":"20190511112646","is_ascension_mode":true,"campfire_choices":[{"floor":8,"key":"REST"},{"floor":15,"key":"REST"},{"floor":23,"key":"REST"},{"floor":27,"key":"REST"},{"data":"Deadly Poison","floor":29,"key":"SMITH"},{"floor":32,"key":"REST"}],"neow_cost":"NO_GOLD","seed_source_timestamp":231969064726513,"circlet_count":0,"master_deck":["Defend_G","Defend_G+1","Defend_G","Defend_G","Defend_G","Strike_G","Strike_G","Strike_G","Strike_G","Strike_G","Survivor","Neutralize","Burst+1","Deadly Poison","Prepared","Poisoned Stab","Dagger Spray","Leg Sweep","Deadly Poison","Deadly Poison+1","Bullet Time","Bane+1","Footwork","Deadly Poison","PiercingWail"],"relics":["Ring of the Snake","Happy Flower","Paper Crane","Bottled Flame","Meat on the Bone","War Paint","Philosopher\u0027s Stone","MawBank","Darkstone Periapt","Regal Pillow"],"potions_floor_usage":[6,10,22,24,25],"damage_taken":[{"damage":13,"enemies":"Jaw Worm","floor":1,"turns":5},{"damage":1,"enemies":"Cultist","floor":2,"turns":3},{"damage":0,"enemies":"2 Louse","floor":4,"turns":3},{"damage":37,"enemies":"3 Sentries","floor":6,"turns":11},{"damage":14,"enemies":"Exordium Wildlife","floor":7,"turns":5},{"damage":6,"enemies":"Gremlin Nob","floor":10,"turns":4},{"damage":14,"enemies":"3 Louse","floor":13,"turns":3},{"damage":36,"enemies":"Hexaghost","floor":16,"turns":9},{"damage":6,"enemies":"Spheric Guardian","floor":18,"turns":5},{"damage":4,"enemies":"Chosen","floor":21,"turns":3},{"damage":22,"enemies":"Snake Plant","floor":22,"turns":5},{"damage":32,"enemies":"Slavers","floor":24,"turns":6},{"damage":28,"enemies":"Snecko","floor":25,"turns":4},{"damage":1,"enemies":"3 Cultists","floor":28,"turns":6},{"damage":84,"enemies":"Automaton","floor":33,"turns":6}],"seed_played":"-8182260965580088210","potions_obtained":[{"floor":2,"key":"LiquidBronze"},{"floor":6,"key":"Poison Potion"},{"floor":13,"key":"SpeedPotion"},{"floor":21,"key":"GamblersBrew"},{"floor":22,"key":"AttackPotion"}],"is_trial":false,"path_per_floor":["M","M","?","M","?","E","M","R","T","E","$","T","M","$","R","B",null,"M","?","$","M","M","R","E","M","T","R","M","R","?","?","R","B"],"character_chosen":"THE_SILENT","items_purchased":["Meat on the Bone","Footwork"],"campfire_rested":5,"item_purchase_floors":[11,20],"current_hp_per_floor":[57,56,56,56,70,33,19,40,40,34,34,34,32,32,53,29,70,64,64,64,60,38,59,39,23,23,44,43,43,27,27,63,0],"gold":227,"neow_bonus":"THREE_RARE_CARDS","is_prod":false,"is_daily":false,"chose_seed":false,"campfire_upgraded":1,"win_rate":0,"timestamp":1557588406,"path_taken":["M","M","?","M","?","E","M","R","T","E","$","?","M","$","R","BOSS","M","?","$","M","M","R","E","?","T","R","M","R","?","?","R","BOSS"],"build_version":"2019-01-23","purchased_purges":1,"victory":false,"max_hp_per_floor":[70,70,70,70,70,70,70,70,70,70,70,70,70,70,70,70,70,70,70,70,70,70,70,70,70,70,70,70,70,70,70,70,70],"card_choices":[{"not_picked":["Malaise","Wraith Form v2"],"picked":"Burst","floor":0},{"not_picked":["Cloak And Dagger","Sucker Punch"],"picked":"Deadly Poison","floor":1},{"not_picked":["Cloak And Dagger","Underhanded Strike"],"picked":"Prepared","floor":2},{"not_picked":["Finisher","Blade Dance"],"picked":"Poisoned Stab","floor":4},{"not_picked":["Acrobatics","Dodge and Roll"],"picked":"Dagger Spray","floor":6},{"not_picked":["Dodge and Roll","Masterful Stab"],"picked":"Leg Sweep","floor":7},{"not_picked":["Blade Dance","Concentrate"],"picked":"Deadly Poison","floor":10},{"not_picked":["Setup","Acrobatics"],"picked":"Deadly Poison","floor":13},{"not_picked":["Die Die Die","After Image"],"picked":"Bullet Time","floor":16},{"not_picked":["Deflect","Underhanded Strike"],"picked":"Bane+1","floor":18},{"not_picked":["Cloak And Dagger+1","Flying Knee+1","Deflect"],"picked":"SKIP","floor":21},{"not_picked":["Prepared","Backflip"],"picked":"Deadly Poison","floor":22},{"not_picked":["Bane","Dodge and Roll","Glass Knife"],"picked":"SKIP","floor":24},{"not_picked":["Terror+1","Riddle With Holes+1"],"picked":"PiercingWail","floor":25},{"not_picked":["Cloak And Dagger","Quick Slash+1","Deadly Poison"],"picked":"SKIP","floor":28}],"player_experience":971048,"relics_obtained":[{"floor":6,"key":"Happy Flower"},{"floor":9,"key":"Paper Crane"},{"floor":10,"key":"Bottled Flame"},{"floor":12,"key":"War Paint"},{"floor":24,"key":"MawBank"},{"floor":26,"key":"Darkstone Periapt"}],"event_choices":[{"damage_healed":0,"gold_gain":175,"player_choice":"AGREE","damage_taken":0,"max_hp_gain":0,"max_hp_loss":0,"event_name":"Liars Game","floor":3,"gold_loss":0,"cards_obtained":["Doubt"]},{"damage_healed":23,"gold_gain":0,"player_choice":"Banana","damage_taken":0,"max_hp_gain":0,"max_hp_loss":0,"event_name":"Big Fish","floor":5,"gold_loss":0},{"damage_healed":0,"gold_gain":0,"player_choice":"Bought 0 Potions","damage_taken":0,"max_hp_gain":0,"max_hp_loss":0,"event_name":"The Woman in Blue","floor":19,"gold_loss":0},{"damage_healed":0,"gold_gain":0,"player_choice":"Obtained Book","damage_taken":16,"max_hp_gain":0,"max_hp_loss":0,"event_name":"Cursed Tome","floor":30,"gold_loss":0},{"damage_healed":0,"gold_gain":0,"player_choice":"Opened","damage_taken":0,"relics_obtained":["Regal Pillow"],"max_hp_gain":0,"max_hp_loss":0,"event_name":"The Mausoleum","floor":31,"gold_loss":0}],"is_beta":false,"boss_relics":[{"not_picked":["Busted Crown","Calling Bell"],"picked":"Philosopher\u0027s Stone"}],"items_purged_floors":[20],"is_endless":false,"potions_floor_spawned":[2,6,13,21,22],"killed_by":"Automaton","ascension_level":3}