{"gold_per_floor":[117,130,130,146,164,195,370,383,383,41,6,6,36,36,36,134,134,149,149,74,26,41,76,94,94,94,123,123,123,136,170,170,271,271,288,305,56,0,11,11,38,38,38,50,62],"floor_reached":45,"playtime":1941,"items_purged":[],"score":789,"play_id":"261e009f-4ec2-4c64-a96b-ba7d0857fcfe","local_time":"20190720164027","is_ascension_mode":true,"campfire_choices":[{"data":"Perfected Strike","floor":12.0,"key":"SMITH"},{"floor":15.0,"key":"REST"},{"floor":25.0,"key":"REST"},{"floor":29.0,"key":"REST"},{"floor":32.0,"key":"REST"},{"floor":40.0,"key":"REST"},{"floor":42.0,"key":"REST"}],"neow_cost":"NONE","seed_source_timestamp":910608602178934,"circlet_count":0,"master_deck":["AscendersBane","Strike_R","Strike_R","Strike_R","Strike_R","Strike_R","Defend_R","Defend_R","Bash","Pommel Strike","Body Slam+1","Perfected Strike+1","Whirlwind+1","Pommel Strike+1","Fire Breathing+1","Perfected Strike+1","Perfected Strike+1","Perfected Strike+1","Wild Strike+1","Inflame+1","Demon Form","Rampage+1","Sever Soul+1","Sentinel+1","Whirlwind+1","Inflame+1","Pommel Strike+1"],"special_seed":0,"relics":["Burning Blood","Molten Egg 2","Sundial","PreservedInsect","Toy Ornithopter","Happy Flower","Fusion Hammer","Incense Burner","Peace Pipe","Smiling Mask","Girya","Astrolabe","Pantograph","Red Mask","Blue Candle","MawBank"],"potions_floor_usage":[],"damage_taken":[{"damage":0.0,"enemies":"Small Slimes","floor":1.0,"turns":3.0},{"damage":7.0,"enemies":"Jaw Worm","floor":2.0,"turns":2.0},{"damage":9.0,"enemies":"2 Louse","floor":4.0,"turns":2.0},{"damage":1.0,"enemies":"2 Fungi Beasts","floor":5.0,"turns":3.0},{"damage":37.0,"enemies":"Gremlin Nob","floor":6.0,"turns":5.0},{"damage":14.0,"enemies":"Red Slaver","floor":8.0,"turns":2.0},{"damage":35.0,"enemies":"Lagavulin","floor":13.0,"turns":5.0},{"damage":74.0,"enemies":"The Guardian","floor":16.0,"turns":12.0},{"damage":12.0,"enemies":"Chosen","floor":18.0,"turns":2.0},{"damage":6.0,"enemies":"Spheric Guardian","floor":22.0,"turns":3.0},{"damage":38.0,"enemies":"Book of Stabbing","floor":23.0,"turns":3.0},{"damage":20.0,"enemies":"Centurion and Healer","floor":24.0,"turns":4.0},{"damage":7.0,"enemies":"Slavers","floor":27.0,"turns":2.0},{"damage":2.0,"enemies":"3 Cultists","floor":30.0,"turns":3.0},{"damage":30.0,"enemies":"Book of Stabbing","floor":31.0,"turns":3.0},{"damage":68.0,"enemies":"Collector","floor":33.0,"turns":6.0},{"damage":6.0,"enemies":"Orb Walker","floor":35.0,"turns":2.0},{"damage":23.0,"enemies":"3 Darklings","floor":36.0,"turns":4.0},{"damage":39.0,"enemies":"4 Shapes","floor":39.0,"turns":4.0},{"damage":54.0,"enemies":"Nemesis","floor":41.0,"turns":5.0},{"damage":63,"enemies":"Maw","floor":45,"turns":4}],"seed_played":"-7483504171699782017","potions_obtained":[{"floor":0.0,"key":"Poison Potion"},{"floor":0.0,"key":"Fruit Juice"},{"floor":0.0,"key":"FearPotion"},{"floor":1.0,"key":"AttackPotion"},{"floor":2.0,"key":"Fruit Juice"},{"floor":8.0,"key":"SteroidPotion"},{"floor":14.0,"key":"BloodPotion"},{"floor":14.0,"key":"Block Potion"},{"floor":18.0,"key":"BloodPotion"},{"floor":23.0,"key":"Energy Potion"},{"floor":31.0,"key":"SkillPotion"},{"floor":33.0,"key":"Poison Potion"},{"floor":35.0,"key":"EssenceOfSteel"},{"floor":39.0,"key":"GamblersBrew"}],"is_trial":false,"path_per_floor":["M","M","?","M","M","E","?","M","T","$","?","R","E","?","R","B",null,"M","?","?","$","M","E","M","R","T","E","?","R","M","E","R","B",null,"M","M","$","?","M","R","E","R","T","?","M"],"character_chosen":"IRONCLAD","items_purchased":["PreservedInsect","Toy Ornithopter","PowerPotion","Pantograph"],"campfire_rested":6,"item_purchase_floors":[10,10,21,37],"current_hp_per_floor":[83,82,82,79,84,58,58,50,50,50,72,72,43,43,70,39,77,71,71,71,71,71,66,52,79,79,78,78,90,90,66,90,28,75,85,73,73,73,40,67,29,56,56,56,0],"gold":62,"neow_bonus":"THREE_SMALL_POTIONS","is_prod":false,"is_daily":false,"chose_seed":false,"campfire_upgraded":1,"win_rate":0,"timestamp":1563655227,"path_taken":["M","M","?","M","M","E","?","M","T","$","?","R","E","?","R","BOSS","M","?","?","$","M","E","M","R","T","E","?","R","M","E","R","BOSS","M","M","$","?","M","R","E","R","T","?","M"],"build_version":"2019-07-17","purchased_purges":0,"victory":false,"max_hp_per_floor":[85,85,85,85,85,90,90,90,90,90,90,90,90,90,90,90,90,90,90,90,90,90,90,90,90,90,90,90,90,90,90,90,90,90,90,90,90,90,90,90,90,90,90,90,90],"card_choices":[{"not_picked":["Havoc","Clothesline"],"picked":"Pommel Strike","floor":1.0},{"not_picked":["Burning Pact","Fire Breathing"],"picked":"Body Slam","floor":2.0},{"not_picked":["Sword Boomerang","Thunderclap","True Grit"],"picked":"SKIP","floor":4.0},{"not_picked":["Juggernaut","Uppercut"],"picked":"Perfected Strike","floor":5.0},{"not_picked":["Flame Barrier","Anger"],"picked":"Whirlwind","floor":6.0},{"not_picked":["Shrug It Off","Evolve"],"picked":"Pommel Strike+1","floor":8.0},{"not_picked":["Uppercut+1","Dropkick+1"],"picked":"Fire Breathing","floor":13.0},{"not_picked":["Limit Break","Offering"],"picked":"Bludgeon+1","floor":16.0},{"not_picked":["Feel No Pain","Cleave+1","Carnage+1"],"picked":"SKIP","floor":18.0},{"not_picked":["Clothesline+1","Body Slam+1","Clash+1"],"picked":"SKIP","floor":22.0},{"not_picked":["Fire Breathing","Reaper+1"],"picked":"Perfected Strike+1","floor":23.0},{"not_picked":["Heavy Blade+1","Iron Wave+1"],"picked":"Perfected Strike+1","floor":24.0},{"not_picked":["Anger+1","Whirlwind+1"],"picked":"Wild Strike+1","floor":27.0},{"not_picked":["Sentinel","Warcry+1","Headbutt+1"],"picked":"SKIP","floor":30.0},{"not_picked":["Brutality","Clothesline+1"],"picked":"Inflame+1","floor":31.0},{"not_picked":["Barricade","Feed+1"],"picked":"Demon Form","floor":33.0},{"not_picked":["Searing Blow+1","Headbutt+1"],"picked":"Rage+1","floor":35.0},{"not_picked":["Wild Strike+1","Hemokinesis+1"],"picked":"Whirlwind+1","floor":36.0},{"not_picked":["Flex","Sword Boomerang+1"],"picked":"Inflame+1","floor":39.0},{"not_picked":["Clothesline+1","Shrug It Off+1"],"picked":"Pommel Strike+1","floor":41.0}],"player_experience":1081301,"relics_obtained":[{"floor":6.0,"key":"Molten Egg 2"},{"floor":9.0,"key":"Sundial"},{"floor":13.0,"key":"Happy Flower"},{"floor":23.0,"key":"Incense Burner"},{"floor":26.0,"key":"Peace Pipe"},{"floor":27.0,"key":"Smiling Mask"},{"floor":31.0,"key":"Girya"},{"floor":41.0,"key":"Blue Candle"},{"floor":43.0,"key":"MawBank"}],"event_choices":[{"damage_healed":0.0,"max_hp_gain":0.0,"max_hp_loss":0.0,"gold_gain":0.0,"event_name":"Living Wall","player_choice":"Grow","floor":3.0,"gold_loss":0.0,"damage_taken":0.0,"cards_upgraded":["Body Slam"]},{"damage_healed":0.0,"max_hp_gain":0.0,"max_hp_loss":0.0,"gold_gain":175.0,"event_name":"Liars Game","player_choice":"AGREE","floor":7.0,"gold_loss":0.0,"damage_taken":0.0,"cards_obtained":["Doubt"]},{"damage_healed":22.0,"max_hp_gain":0.0,"max_hp_loss":0.0,"gold_gain":0.0,"event_name":"The Cleric","player_choice":"Healed","floor":11.0,"gold_loss":35.0,"damage_taken":0.0},{"damage_healed":0.0,"max_hp_gain":0.0,"max_hp_loss":0.0,"gold_gain":0.0,"event_name":"Lab","player_choice":"Got Potions","floor":14.0,"gold_loss":0.0,"damage_taken":0.0},{"damage_healed":0.0,"max_hp_gain":0.0,"max_hp_loss":0.0,"gold_gain":0.0,"event_name":"The Library","player_choice":"Read","floor":19.0,"gold_loss":0.0,"damage_taken":0.0,"cards_obtained":["Perfected Strike"]},{"cards_removed":["Doubt"],"damage_healed":0.0,"max_hp_gain":0.0,"max_hp_loss":0.0,"gold_gain":0.0,"event_name":"Beggar","player_choice":"Gave Gold","floor":20.0,"gold_loss":75.0,"damage_taken":0.0},{"damage_healed":0.0,"max_hp_gain":0.0,"max_hp_loss":0.0,"gold_gain":0.0,"event_name":"Accursed Blacksmith","player_choice":"Forge","floor":28.0,"gold_loss":0.0,"damage_taken":0.0,"cards_upgraded":["Fire Breathing"]},{"damage_healed":0.0,"max_hp_gain":0.0,"max_hp_loss":0.0,"gold_gain":0.0,"event_name":"Tomb of Lord Red Mask","player_choice":"Paid","floor":38.0,"gold_loss":56.0,"damage_taken":0.0,"relics_obtained":["Red Mask"]},{"cards_removed":["Rage"],"damage_healed":0.0,"max_hp_gain":0.0,"max_hp_loss":0.0,"gold_gain":0.0,"event_name":"Falling","player_choice":"Removed Skill","floor":44.0,"gold_loss":0.0,"damage_taken":0.0}],"is_beta":false,"boss_relics":[{"not_picked":["Tiny House","Busted Crown"],"picked":"Fusion Hammer"},{"not_picked":["Snecko Eye","Coffee Dripper"],"picked":"Astrolabe"}],"items_purged_floors":[],"is_endless":false,"potions_floor_spawned":[1,2,8,18,23,31,33,35,39],"killed_by":"Maw","ascension_level":10}