{"gold_per_floor":[109,129,143,68,80,80,103,103,103,118,138,138,169,187,187,261,261,272,272,122,122,122,122,147,158,182,182,207,17,17,44,44,44],"floor_reached":33,"playtime":1276,"items_purged":["Strike_R","Regret"],"score":589,"play_id":"7a0620f8-b674-4560-9866-d4eb84625e72","local_time":"20181007210006","is_ascension_mode":true,"campfire_choices":[{"data":"Whirlwind","floor":6.0,"key":"SMITH"},{"data":"Bash","floor":8.0,"key":"SMITH"},{"data":"Intimidate","floor":12.0,"key":"SMITH"},{"data":"Demon Form","floor":15.0,"key":"SMITH"},{"floor":23.0,"key":"REST"},{"floor":27.0,"key":"DIG"},{"floor":30.0,"key":"DIG"},{"data":"Feed","floor":32.0,"key":"SMITH"}],"neow_cost":"NONE","seed_source_timestamp":2001446048355799,"circlet_count":0,"master_deck":["Strike_R","Strike_R","Strike_R","Strike_R","Defend_R","Defend_R","Defend_R","Defend_R","Bash+1","AscendersBane","Whirlwind+1","Intimidate+1","Clothesline","Anger","Shrug It Off","Shrug It Off+1","True Grit+1","Shrug It Off+1","Demon Form+1","Double Tap+1","Shame","Doubt","Necronomicurse","True Grit+1","Ghostly+1","Ghostly+1","Ghostly+1","Ghostly+1","Ghostly+1","Shrug It Off+1","True Grit+1","PanicButton+1","Sword Boomerang","Feed+1"],"special_seed":0,"relics":["Burning Blood","Bag of Preparation","Odd Mushroom","Toxic Egg 2","Turnip","Calling Bell","Anchor","Singing Bowl","Shovel","Necronomicon","Pen Nib","Lantern","Prayer Wheel","Orichalcum","Magic Flower","Centennial Puzzle"],"potions_floor_usage":[],"damage_taken":[{"damage":10.0,"enemies":"Cultist","floor":1.0,"turns":4.0},{"damage":5.0,"enemies":"Small Slimes","floor":2.0,"turns":3.0},{"damage":13.0,"enemies":"Jaw Worm","floor":3.0,"turns":5.0},{"damage":2.0,"enemies":"2 Fungi Beasts","floor":5.0,"turns":4.0},{"damage":16.0,"enemies":"The Mushroom Lair","floor":7.0,"turns":3.0},{"damage":0.0,"enemies":"Large Slime","floor":10.0,"turns":5.0},{"damage":6.0,"enemies":"Exordium Thugs","floor":11.0,"turns":3.0},{"damage":11.0,"enemies":"Lagavulin","floor":13.0,"turns":6.0},{"damage":0.0,"enemies":"Blue Slaver","floor":14.0,"turns":3.0},{"damage":32.0,"enemies":"Slime Boss","floor":16.0,"turns":12.0},{"damage":46.0,"enemies":"Shell Parasite","floor":18.0,"turns":9.0},{"damage":3.0,"enemies":"Colosseum Slavers","floor":22.0,"turns":6.0},{"damage":1.0,"enemies":"2 Thieves","floor":25.0,"turns":4.0},{"damage":5.0,"enemies":"Slavers","floor":28.0,"turns":9.0},{"damage":0.0,"enemies":"Book of Stabbing","floor":31.0,"turns":5.0},{"damage":41,"enemies":"Collector","floor":33,"turns":11}],"seed_played":"7379109399857839100","potions_obtained":[{"floor":1.0,"key":"Ancient Potion"},{"floor":2.0,"key":"BloodPotion"},{"floor":10.0,"key":"EssenceOfSteel"},{"floor":14.0,"key":"SteroidPotion"},{"floor":18.0,"key":"AttackPotion"}],"is_trial":false,"path_per_floor":["M","M","M","$","M","R","?","R","T","M","M","R","E","M","R","B",null,"M","?","$","?","?","R","T","M","T","R","E","$","R","E","R"],"character_chosen":"IRONCLAD","items_purchased":["True Grit+1","True Grit+1","PanicButton+1","Sword Boomerang"],"campfire_rested":1,"item_purchase_floors":[20,29,29,29],"current_hp_per_floor":[64,65,58,58,69,69,59,59,59,65,65,65,60,66,66,40,66,28,7,7,7,10,21,21,28,28,28,29,29,29,38,38,0],"gold":44,"neow_bonus":"RANDOM_COMMON_RELIC","is_prod":false,"is_daily":false,"chose_seed":false,"campfire_upgraded":5,"win_rate":0,"timestamp":1538960406,"path_taken":["M","?","M","?","M","R","?","R","T","?","?","R","E","?","R","BOSS","M","?","$","?","?","R","?","M","T","R","E","$","R","E","R","BOSS"],"build_version":"2018-10-04v2","purchased_purges":2,"victory":false,"max_hp_per_floor":[75,75,75,75,75,75,75,75,75,75,75,75,75,75,75,75,75,77,77,77,38,38,38,38,40,40,40,40,40,40,40,40,40],"card_choices":[{"not_picked":["Infernal Blade","Flex"],"picked":"Whirlwind","floor":1.0},{"not_picked":["Bloodletting","Perfected Strike"],"picked":"Intimidate","floor":2.0},{"not_picked":["Havoc","Uppercut"],"picked":"Clothesline","floor":3.0},{"not_picked":["Iron Wave","Body Slam"],"picked":"Anger","floor":5.0},{"not_picked":["Havoc","Evolve"],"picked":"Shrug It Off","floor":7.0},{"not_picked":["Perfected Strike","Barricade"],"picked":"Shrug It Off+1","floor":10.0},{"not_picked":["Carnage","Twin Strike"],"picked":"True Grit+1","floor":11.0},{"not_picked":["Anger","True Grit+1"],"picked":"Shrug It Off+1","floor":13.0},{"not_picked":["Anger","Iron Wave"],"picked":"Demon Form","floor":14.0},{"not_picked":["Feed","Brutality"],"picked":"Double Tap+1","floor":16.0},{"not_picked":["Heavy Blade","Iron Wave","Flex+1"],"picked":"Singing Bowl","floor":18.0},{"not_picked":["Sentinel+1","Metallicize","Spot Weakness+1"],"picked":"Singing Bowl","floor":25.0},{"not_picked":["Anger","Flame Barrier+1"],"picked":"Shrug It Off+1","floor":28.0},{"not_picked":["Headbutt","Intimidate+1"],"picked":"Feed","floor":31.0}],"player_experience":825168,"relics_obtained":[{"floor":7.0,"key":"Odd Mushroom"},{"floor":9.0,"key":"Toxic Egg 2"},{"floor":13.0,"key":"Turnip"},{"floor":17.0,"key":"Anchor"},{"floor":17.0,"key":"Singing Bowl"},{"floor":17.0,"key":"Shovel"},{"floor":19.0,"key":"Necronomicon"},{"floor":24.0,"key":"Pen Nib"},{"floor":26.0,"key":"Lantern"},{"floor":27.0,"key":"Prayer Wheel"},{"floor":28.0,"key":"Orichalcum"},{"floor":30.0,"key":"Magic Flower"},{"floor":31.0,"key":"Centennial Puzzle"}],"event_choices":[{"event_name":"Mushrooms","player_choice":"Fought Mushrooms","floor":7.0,"damage_taken":0.0},{"event_name":"Cursed Tome","player_choice":"Obtained Book","floor":19.0,"damage_taken":0.0},{"event_name":"Ghosts","player_choice":"Became a Ghost","floor":21.0,"damage_taken":0.0},{"event_name":"Colosseum","player_choice":"Fight","floor":22.0,"damage_taken":0.0},{"event_name":"Colosseum","player_choice":"Fled From Nobs","floor":22.0,"damage_taken":0.0}],"is_beta":false,"boss_relics":[{"not_picked":["Busted Crown","Philosopher\u0027s Stone"],"picked":"Calling Bell"}],"items_purged_floors":[4,20],"is_endless":false,"potions_floor_spawned":[1,2,3,10,14,18],"killed_by":"Collector","ascension_level":15}