{"gold_per_floor":[112,112,6,6,6,34,34,47,74,90,19,48,25,48,60,151,163,156,93,118,130,157,196,208,220],"floor_reached":25,"playtime":830,"items_purged":[],"score":401,"play_id":"efdf0d37-9996-4612-8f25-d698816e5cc6","local_time":"20190730162203","is_ascension_mode":true,"campfire_choices":[{"data":"Crippling Poison","floor":7,"key":"SMITH"},{"data":"Crippling Poison","floor":15,"key":"SMITH"},{"data":"Well Laid Plans","floor":24,"key":"SMITH"}],"neow_cost":"CURSE","seed_source_timestamp":316777591681691,"circlet_count":0,"master_deck":["AscendersBane","Strike_G+1","Strike_G+1","Strike_G+1","Defend_G+1","Defend_G+1","Defend_G+1","Defend_G+1","Defend_G+1","Survivor","Neutralize","Dagger Throw","Well Laid Plans+1","Dagger Spray","Crippling Poison+1","Predator","Crippling Poison+1","Leg Sweep","Corpse Explosion","PiercingWail","Deadly Poison","Leg Sweep"],"special_seed":0,"relics":["Ring of the Snake","Du-Vu Doll","StoneCalendar","Bag of Preparation","MawBank","White Beast Statue","Matryoshka"],"potions_floor_usage":[6,12,20,22,23,25],"damage_taken":[{"damage":2,"enemies":"Jaw Worm","floor":1,"turns":3},{"damage":24,"enemies":"Lagavulin","floor":6,"turns":8},{"damage":0,"enemies":"Small Slimes","floor":8,"turns":2},{"damage":0,"enemies":"2 Louse","floor":10,"turns":2},{"damage":3,"enemies":"3 Sentries","floor":12,"turns":3},{"damage":11,"enemies":"Exordium Thugs","floor":14,"turns":4},{"damage":16,"enemies":"Hexaghost","floor":16,"turns":9},{"damage":19,"enemies":"2 Thieves","floor":18,"turns":4},{"damage":10,"enemies":"Spheric Guardian","floor":20,"turns":6},{"damage":2,"enemies":"3 Cultists","floor":22,"turns":4},{"damage":6,"enemies":"Slavers","floor":23,"turns":4},{"damage":17,"enemies":"Gremlin Leader","floor":25,"turns":6}],"seed_played":"5310375584048327285","potions_obtained":[{"floor":1,"key":"Poison Potion"},{"floor":8,"key":"SkillPotion"},{"floor":12,"key":"Ancient Potion"},{"floor":18,"key":"SkillPotion"},{"floor":20,"key":"Energy Potion"},{"floor":22,"key":"SkillPotion"},{"floor":23,"key":"SkillPotion"}],"is_trial":false,"path_per_floor":["M","?","$","?","$","E","R","M","T","M","$","E","?","M","R","B",null,"M","?","M","?","M","E","R","E"],"character_chosen":"THE_SILENT","items_purchased":["Well Laid Plans","Dagger Spray","Leg Sweep"],"campfire_rested":0,"item_purchase_floors":[3,3,11],"current_hp_per_floor":[57,50,50,50,50,26,26,26,26,26,26,23,39,28,28,12,53,34,34,24,24,22,16,16,0],"gold":220,"neow_bonus":"ONE_RARE_RELIC","is_prod":false,"is_daily":false,"chose_seed":false,"campfire_upgraded":3,"win_rate":0,"timestamp":1564518123,"path_taken":["M","?","$","?","?","E","R","?","T","M","$","E","?","M","R","BOSS","M","?","M","?","M","E","R","E"],"build_version":"2019-07-17","purchased_purges":0,"victory":false,"max_hp_per_floor":[66,66,66,66,66,66,66,66,66,66,66,66,66,66,66,66,66,66,66,66,66,66,66,66,66],"card_choices":[{"not_picked":["Flying Knee","Tactician"],"picked":"Dagger Throw","floor":1},{"not_picked":["Sucker Punch","Terror"],"picked":"Crippling Poison","floor":6},{"not_picked":["Deflect","Acrobatics"],"picked":"Predator","floor":8},{"not_picked":["Dagger Throw","Cloak And Dagger"],"picked":"Crippling Poison","floor":10},{"not_picked":["Distraction","Dodge and Roll","Dagger Throw"],"picked":"SKIP","floor":12},{"not_picked":["Masterful Stab","Acrobatics","Venomology"],"picked":"SKIP","floor":14},{"not_picked":["Die Die Die","Glass Knife"],"picked":"Corpse Explosion","floor":16},{"not_picked":["Blade Dance","All Out Attack"],"picked":"PiercingWail","floor":18},{"not_picked":["Blade Dance","Cloak And Dagger"],"picked":"Deadly Poison","floor":20},{"not_picked":["Quick Slash","Dodge and Roll","Dagger Throw"],"picked":"SKIP","floor":22},{"not_picked":["Blur","Sucker Punch+1"],"picked":"Leg Sweep","floor":23}],"player_experience":1599748,"relics_obtained":[{"floor":6,"key":"StoneCalendar"},{"floor":9,"key":"Bag of Preparation"},{"floor":12,"key":"MawBank"},{"floor":23,"key":"Matryoshka"}],"event_choices":[{"cards_removed":["Strike_G"],"damage_healed":0,"gold_gain":0,"player_choice":"Card Removal","damage_taken":7,"max_hp_gain":0,"max_hp_loss":0,"event_name":"Golden Wing","floor":2,"gold_loss":0},{"cards_removed":["Shame"],"damage_healed":0,"gold_gain":0,"player_choice":"Forget","damage_taken":0,"max_hp_gain":0,"max_hp_loss":0,"event_name":"Living Wall","floor":4,"gold_loss":0},{"damage_healed":16,"gold_gain":0,"player_choice":"Healed","damage_taken":0,"max_hp_gain":0,"max_hp_loss":0,"event_name":"The Cleric","floor":13,"gold_loss":35},{"cards_removed":["Strike_G"],"damage_healed":0,"gold_gain":0,"player_choice":"Gave Gold","damage_taken":0,"max_hp_gain":0,"max_hp_loss":0,"event_name":"Beggar","floor":19,"gold_loss":75},{"damage_healed":0,"gold_gain":0,"player_choice":"Simplicity","damage_taken":0,"max_hp_gain":0,"max_hp_loss":0,"event_name":"Back to Basics","floor":21,"gold_loss":0,"cards_upgraded":["Strike_G","Strike_G","Strike_G","Defend_G","Defend_G","Defend_G","Defend_G","Defend_G"]}],"is_beta":false,"boss_relics":[{"not_picked":["HoveringKite","WristBlade"],"picked":"White Beast Statue"}],"items_purged_floors":[],"is_endless":false,"potions_floor_spawned":[1,8,12,18,20,22,23],"killed_by":"Gremlin Leader","ascension_level":15}