{"gold_per_floor":[110,35,45,45,61,61,77,77,77,77,91,54,67,77,77,182,182,196,208,31,31,31,41,41,53,76,76,110,110,142,142,142,142],"floor_reached":33,"playtime":1577,"items_purged":[],"score":257,"play_id":"ae780dc6-1712-4930-a978-1f16a5e8b146","local_time":"20190210083201","is_ascension_mode":false,"campfire_choices":[{"data":"Dagger Throw","floor":6,"key":"SMITH"},{"data":"Blur","floor":8,"key":"SMITH"},{"data":"Dagger Spray","floor":10,"key":"SMITH"},{"floor":15,"key":"REST"},{"data":"Accuracy","floor":24,"key":"SMITH"},{"floor":27,"key":"REST"},{"floor":29,"key":"REST"},{"floor":32,"key":"REST"}],"neow_cost":"NONE","seed_source_timestamp":398183084317181,"circlet_count":0,"master_deck":["Defend_G","Defend_G+1","Defend_G","Defend_G","Defend_G","Strike_G","Strike_G","Strike_G","Strike_G","Strike_G","Survivor+1","Neutralize","Dagger Throw+1","Blur+1","Skewer","Sucker Punch","Dagger Spray+1","Accuracy+1","Footwork","Cloak And Dagger","Cloak And Dagger","Corpse Explosion","Cloak And Dagger","Dodge and Roll","Blur","Infinite Blades","Footwork","Outmaneuver","Dodge and Roll","Escape Plan+1","PiercingWail"],"relics":["Ring of the Snake","NeowsBlessing","Philosopher\u0027s Stone","Boot","Red Mask","Matryoshka","Nilry\u0027s Codex"],"potions_floor_usage":[16,16,16,33,33],"damage_taken":[{"damage":0,"enemies":"Cultist","floor":1,"turns":1},{"damage":0,"enemies":"Small Slimes","floor":3,"turns":1},{"damage":0,"enemies":"2 Louse","floor":5,"turns":1},{"damage":1,"enemies":"Blue Slaver","floor":7,"turns":3},{"damage":0,"enemies":"Large Slime","floor":11,"turns":6},{"damage":8,"enemies":"2 Fungi Beasts","floor":13,"turns":3},{"damage":0,"enemies":"Gremlin Gang","floor":14,"turns":3},{"damage":57,"enemies":"Hexaghost","floor":16,"turns":15},{"damage":21,"enemies":"Shell Parasite","floor":18,"turns":8},{"damage":6,"enemies":"2 Thieves","floor":19,"turns":3},{"damage":10,"enemies":"Sentry and Sphere","floor":23,"turns":7},{"damage":3,"enemies":"Snecko","floor":25,"turns":6},{"damage":14,"enemies":"Masked Bandits","floor":28,"turns":4},{"damage":25,"enemies":"Gremlin Leader","floor":30,"turns":8},{"damage":38,"enemies":"Collector","floor":33,"turns":7}],"seed_played":"-4261571890000376257","potions_obtained":[{"floor":5,"key":"LiquidBronze"},{"floor":7,"key":"EssenceOfSteel"},{"floor":14,"key":"Swift Potion"},{"floor":16,"key":"Fire Potion"},{"floor":25,"key":"Swift Potion"},{"floor":30,"key":"Block Potion"}],"is_trial":false,"path_per_floor":["M","$","M","?","M","R","M","R","T","R","M","$","M","M","R","B",null,"M","M","$","?","$","M","R","M","T","R","?","R","E","?","R","B"],"character_chosen":"THE_SILENT","items_purchased":["Blur","Footwork","Dodge and Roll","Blur","Infinite Blades"],"campfire_rested":4,"item_purchase_floors":[2,12,20,20,20],"current_hp_per_floor":[70,70,70,56,56,56,55,55,55,55,55,55,47,47,68,11,70,49,43,43,43,43,33,33,30,30,51,37,58,33,17,38,0],"gold":142,"neow_bonus":"THREE_ENEMY_KILL","is_prod":false,"is_daily":false,"chose_seed":false,"campfire_upgraded":4,"win_rate":0,"timestamp":1549805521,"path_taken":["M","$","?","?","M","R","M","R","T","R","M","$","M","M","R","BOSS","M","M","$","?","$","M","R","M","T","R","?","R","E","?","R","BOSS"],"build_version":"2019-01-23","purchased_purges":0,"victory":false,"max_hp_per_floor":[70,70,70,70,70,70,70,70,70,70,70,70,70,70,70,70,70,70,70,70,70,70,70,70,70,70,70,70,70,70,70,70,70],"card_choices":[{"not_picked":["PiercingWail","Quick Slash"],"picked":"Dagger Throw","floor":1},{"not_picked":["Underhanded Strike","Tactician"],"picked":"Skewer","floor":3},{"not_picked":["Prepared","Bane"],"picked":"Sucker Punch","floor":5},{"not_picked":["Sucker Punch","Underhanded Strike"],"picked":"Dagger Spray","floor":7},{"not_picked":["Deflect","Acrobatics"],"picked":"Accuracy","floor":11},{"not_picked":["Concentrate","Heel Hook"],"picked":"Cloak And Dagger","floor":13},{"not_picked":["Outmaneuver","Acrobatics"],"picked":"Cloak And Dagger","floor":14},{"not_picked":["Night Terror","After Image"],"picked":"Corpse Explosion","floor":16},{"not_picked":["Poisoned Stab+1","Underhanded Strike","Distraction"],"picked":"SKIP","floor":18},{"not_picked":["Deadly Poison","Flying Knee"],"picked":"Cloak And Dagger","floor":19},{"not_picked":["All Out Attack","Sucker Punch"],"picked":"Outmaneuver","floor":23},{"not_picked":["Sucker Punch","Outmaneuver"],"picked":"Dodge and Roll","floor":25},{"not_picked":["Eviscerate","Bouncing Flask"],"picked":"Escape Plan+1","floor":28},{"not_picked":["Expertise+1","Choke"],"picked":"PiercingWail","floor":30}],"player_experience":560679,"relics_obtained":[{"floor":26,"key":"Boot"},{"floor":28,"key":"Red Mask"},{"floor":30,"key":"Matryoshka"},{"floor":31,"key":"Nilry\u0027s Codex"}],"event_choices":[{"damage_healed":0,"gold_gain":0,"player_choice":"Entered Light","damage_taken":14,"max_hp_gain":0,"max_hp_loss":0,"event_name":"Shining Light","floor":4,"gold_loss":0,"cards_upgraded":["Defend_G","Survivor"]},{"damage_healed":0,"gold_gain":0,"player_choice":"Read","damage_taken":0,"max_hp_gain":0,"max_hp_loss":0,"event_name":"The Library","floor":21,"gold_loss":0,"cards_obtained":["Footwork"]},{"damage_healed":0,"gold_gain":0,"player_choice":"Fought Bandits","damage_taken":0,"max_hp_gain":0,"max_hp_loss":0,"event_name":"Masked Bandits","floor":28,"gold_loss":0},{"damage_healed":0,"gold_gain":0,"player_choice":"Obtained Book","damage_taken":16,"max_hp_gain":0,"max_hp_loss":0,"event_name":"Cursed Tome","floor":31,"gold_loss":0}],"is_beta":false,"boss_relics":[{"not_picked":["Busted Crown","Velvet Choker"],"picked":"Philosopher\u0027s Stone"}],"items_purged_floors":[],"is_endless":false,"potions_floor_spawned":[5,7,14,16,25,30],"killed_by":"Collector","ascension_level":0}