{"gold_per_floor":[16,16,35,110,130,130,149,182,182,22,41,41,67,367,367,438,438,454,474,493,14,64,64,96,110,110,144,144,94,94,112,112,186,186,196,215,261,361,373,373,403,403,403,429,47,269,269,283,283,283,283,283,283,5,31,31],"floor_reached":57,"playtime":2838,"items_purged":["Strike_B","Defend_B","Defend_B"],"score":2876,"play_id":"a1b2d3e3-637f-4b32-8479-bc15e1ccbf5a","local_time":"20190719130211","is_ascension_mode":true,"campfire_choices":[{"data":"Fission","floor":6.0,"key":"SMITH"},{"data":"Coolheaded","floor":12.0,"key":"SMITH"},{"data":"Recycle","floor":15.0,"key":"SMITH"},{"data":"Fusion","floor":23.0,"key":"SMITH"},{"data":"Heatsinks","floor":28.0,"key":"SMITH"},{"data":"Turbo","floor":30.0,"key":"SMITH"},{"data":"Zap","floor":32.0,"key":"SMITH"},{"data":"Coolheaded","floor":40.0,"key":"SMITH"},{"data":"Dualcast","floor":42.0,"key":"SMITH"},{"floor":47.0,"key":"RECALL"},{"data":"Go for the Eyes+1","floor":49.0,"key":"PURGE"},{"data":"Double Energy","floor":53.0,"key":"SMITH"}],"neow_cost":"NO_GOLD","seed_source_timestamp":0,"circlet_count":0,"master_deck":["AscendersBane","Zap+1","Dualcast+1","Chill","Fission+1","Compile Driver","Self Repair","Coolheaded+1","Lockon","Multi-Cast","Recycle+1","Sunder+1","Turbo+1","Double Energy+1","Core Surge+1","Defragment+1","Fusion+1","Cold Snap+1","Go for the Eyes+1","White Noise+1","Ball Lightning+1","Compile Driver+1","Heatsinks+1","Turbo+1","Reinforced Body","Meteor Strike+1","Amplify+1","Creative AI+1","Ball Lightning+1","Tempest","Coolheaded+1","Compile Driver+1","Stack+1","Master of Strategy","Redo+1","Compile Driver+1"],"special_seed":0,"relics":["Cracked Core","Molten Egg 2","Gremlin Horn","Old Coin","Orrery","Calipers","Centennial Puzzle","Ornamental Fan","Red Mask","Astrolabe","Pocketwatch","Peace Pipe","Lantern","Sundial","Ginger","Happy Flower","FossilizedHelix"],"potions_floor_usage":[56],"damage_taken":[{"damage":5.0,"enemies":"2 Louse","floor":1.0,"turns":2.0},{"damage":0.0,"enemies":"Jaw Worm","floor":3.0,"turns":4.0},{"damage":7.0,"enemies":"Small Slimes","floor":5.0,"turns":4.0},{"damage":2.0,"enemies":"Red Slaver","floor":7.0,"turns":3.0},{"damage":32.0,"enemies":"Lagavulin","floor":8.0,"turns":8.0},{"damage":9.0,"enemies":"Looter","floor":11.0,"turns":2.0},{"damage":10.0,"enemies":"3 Sentries","floor":13.0,"turns":9.0},{"damage":1.0,"enemies":"Slime Boss","floor":16.0,"turns":9.0},{"damage":1.0,"enemies":"Spheric Guardian","floor":18.0,"turns":3.0},{"damage":0.0,"enemies":"Chosen","floor":19.0,"turns":3.0},{"damage":28.0,"enemies":"Snake Plant","floor":20.0,"turns":3.0},{"damage":30.0,"enemies":"Book of Stabbing","floor":24.0,"turns":4.0},{"damage":11.0,"enemies":"Snecko","floor":25.0,"turns":4.0},{"damage":7.0,"enemies":"Masked Bandits","floor":27.0,"turns":3.0},{"damage":5.0,"enemies":"3 Cultists","floor":31.0,"turns":5.0},{"damage":12.0,"enemies":"Automaton","floor":33.0,"turns":10.0},{"damage":6.0,"enemies":"3 Shapes","floor":35.0,"turns":3.0},{"damage":0.0,"enemies":"Orb Walker","floor":36.0,"turns":1.0},{"damage":13.0,"enemies":"2 Orb Walkers","floor":37.0,"turns":4.0},{"damage":6.0,"enemies":"Mind Bloom Boss Battle","floor":38.0,"turns":6.0},{"damage":16.0,"enemies":"Writhing Mass","floor":39.0,"turns":5.0},{"damage":0.0,"enemies":"Nemesis","floor":41.0,"turns":3.0},{"damage":5.0,"enemies":"Giant Head","floor":44.0,"turns":3.0},{"damage":0.0,"enemies":"Spire Growth","floor":48.0,"turns":5.0},{"damage":0.0,"enemies":"Donu and Deca","floor":50.0,"turns":5.0},{"damage":27.0,"enemies":"Time Eater","floor":51.0,"turns":10.0},{"damage":31.0,"enemies":"Shield and Spear","floor":55.0,"turns":6.0},{"damage":39,"enemies":"The Heart","floor":56,"turns":11}],"seed_played":"8740165418215480115","potions_obtained":[{"floor":3.0,"key":"Regen Potion"},{"floor":5.0,"key":"LiquidBronze"},{"floor":16.0,"key":"Fire Potion"},{"floor":19.0,"key":"AttackPotion"},{"floor":24.0,"key":"Fire Potion"},{"floor":38.0,"key":"AttackPotion"},{"floor":39.0,"key":"Explosive Potion"},{"floor":41.0,"key":"AttackPotion"}],"is_trial":false,"path_per_floor":["M","?","M","?","M","R","M","E","T","$","M","R","E","T","R","B",null,"M","M","M","$","?","R","E","M","T","?","R","?","R","M","R","B",null,"M","M","?","?","M","R","E","R","T","E","$","?","R","M","R","B","B",null,"R","$","E","B",null],"character_chosen":"DEFECT","items_purchased":["Sunder+1","Heatsinks","Calipers","Master of Strategy","GamblersBrew","EntropicBrew","Happy Flower"],"campfire_rested":0,"item_purchase_floors":[10,21,21,45,45,54,54],"current_hp_per_floor":[59,59,66,55,55,55,60,35,35,35,33,33,45,45,45,51,66,71,71,50,50,50,50,27,23,23,23,23,23,23,25,25,20,58,59,59,60,61,52,52,59,59,59,61,61,61,61,71,71,71,51,66,66,66,42,17],"gold":31,"neow_bonus":"TRANSFORM_TWO_CARDS","is_prod":false,"is_daily":false,"chose_seed":false,"campfire_upgraded":10,"win_rate":0,"timestamp":1563512531,"path_taken":["M","?","M","?","M","R","M","E","T","$","M","R","E","?","R","BOSS","M","M","M","$","?","R","E","M","T","?","R","?","R","?","R","BOSS","M","M","?","?","M","R","E","R","T","E","$","?","R","?","R","BOSS","BOSS","R","$","E","BOSS"],"build_version":"2019-07-17","purchased_purges":3,"victory":true,"max_hp_per_floor":[71,71,71,71,71,71,71,71,71,71,71,71,71,71,71,71,71,71,71,71,71,71,71,71,71,71,71,71,71,71,71,71,71,71,71,71,71,71,71,71,71,71,71,71,71,71,71,71,71,71,71,71,71,71,71,71],"card_choices":[{"not_picked":["Streamline","Beam Cell"],"picked":"Compile Driver","floor":1.0},{"not_picked":["Rebound","Beam Cell"],"picked":"Coolheaded","floor":3.0},{"not_picked":["Hello World","Doom and Gloom"],"picked":"Lockon","floor":5.0},{"not_picked":["Sweeping Beam","Blizzard"],"picked":"Multi-Cast","floor":7.0},{"not_picked":["Ball Lightning","Hello World"],"picked":"Recycle","floor":8.0},{"not_picked":["Beam Cell+1","Conserve Battery"],"picked":"Turbo","floor":11.0},{"not_picked":["Doom and Gloom+1","Go for the Eyes+1"],"picked":"Double Energy","floor":13.0},{"not_picked":["Creative AI","Electrodynamics"],"picked":"Core Surge+1","floor":16.0},{"not_picked":["Chaos","Tempest"],"picked":"Defragment","floor":17.0},{"not_picked":["Conserve Battery","Turbo"],"picked":"Fusion","floor":17.0},{"not_picked":["FTL+1","Scrape+1"],"picked":"Melter+1","floor":17.0},{"not_picked":["FTL+1","Steam"],"picked":"Cold Snap+1","floor":17.0},{"not_picked":["Force Field","Storm"],"picked":"Go for the Eyes+1","floor":17.0},{"not_picked":["Conserve Battery","Redo"],"picked":"White Noise+1","floor":18.0},{"not_picked":["Rebound+1","Self Repair"],"picked":"Ball Lightning+1","floor":19.0},{"not_picked":["Conserve Battery","Cold Snap+1"],"picked":"Compile Driver+1","floor":20.0},{"not_picked":["Ball Lightning+1","Fusion"],"picked":"Go for the Eyes+1","floor":24.0},{"not_picked":["Force Field","Rip and Tear+1","Chill"],"picked":"SKIP","floor":25.0},{"not_picked":["Sweeping Beam+1","Sunder+1"],"picked":"Turbo+1","floor":27.0},{"not_picked":["Barrage+1","Auto Shields"],"picked":"Reinforced Body","floor":31.0},{"not_picked":["Biased Cognition","Machine Learning"],"picked":"Meteor Strike+1","floor":33.0},{"not_picked":["Reprogram","Rebound+1","Cold Snap+1"],"picked":"SKIP","floor":35.0},{"not_picked":["Steam","Reinforced Body","Stack"],"picked":"SKIP","floor":36.0},{"not_picked":["Redo","Rip and Tear+1"],"picked":"Tempest","floor":37.0},{"not_picked":["Double Energy","Sweeping Beam+1"],"picked":"Coolheaded","floor":38.0},{"not_picked":["Rip and Tear+1","Reprogram","Rebound+1"],"picked":"SKIP","floor":39.0},{"not_picked":["Self Repair+1","Sunder+1"],"picked":"Compile Driver+1","floor":41.0},{"not_picked":["Stack+1","Hello World","Steam"],"picked":"SKIP","floor":44.0},{"not_picked":["Hello World","Steam"],"picked":"Stack+1","floor":44.0},{"not_picked":["Sweeping Beam+1","FTL+1"],"picked":"Redo+1","floor":48.0},{"not_picked":["Streamline+1","Turbo"],"picked":"Compile Driver+1","floor":55.0}],"player_experience":2029778,"relics_obtained":[{"floor":8.0,"key":"Molten Egg 2"},{"floor":13.0,"key":"Gremlin Horn"},{"floor":14.0,"key":"Old Coin"},{"floor":24.0,"key":"Centennial Puzzle"},{"floor":26.0,"key":"Ornamental Fan"},{"floor":27.0,"key":"Red Mask"},{"floor":37.0,"key":"Pocketwatch"},{"floor":38.0,"key":"Peace Pipe"},{"floor":41.0,"key":"Lantern"},{"floor":43.0,"key":"Sundial"},{"floor":44.0,"key":"Ginger"},{"floor":55.0,"key":"FossilizedHelix"}],"event_choices":[{"damage_healed":0.0,"max_hp_gain":0.0,"max_hp_loss":0.0,"gold_gain":0.0,"cards_transformed":["Strike_B"],"event_name":"Living Wall","player_choice":"Change","floor":2.0,"gold_loss":0.0,"damage_taken":0.0,"cards_obtained":["Self Repair"]},{"damage_healed":0.0,"max_hp_gain":0.0,"max_hp_loss":0.0,"gold_gain":75.0,"event_name":"World of Goop","player_choice":"Gather Gold","floor":4.0,"gold_loss":0.0,"damage_taken":11.0},{"damage_healed":0.0,"max_hp_gain":0.0,"max_hp_loss":0.0,"gold_gain":50.0,"event_name":"Nest","player_choice":"Stole From Cult","floor":22.0,"gold_loss":0.0,"damage_taken":0.0},{"damage_healed":0.0,"max_hp_gain":0.0,"max_hp_loss":0.0,"gold_gain":0.0,"event_name":"Masked Bandits","player_choice":"Fought Bandits","floor":27.0,"gold_loss":0.0,"damage_taken":0.0},{"damage_healed":0.0,"max_hp_gain":0.0,"max_hp_loss":0.0,"gold_gain":0.0,"event_name":"Designer","player_choice":"Upgrade","floor":29.0,"gold_loss":50.0,"damage_taken":0.0,"cards_upgraded":["Defragment"]},{"damage_healed":0.0,"max_hp_gain":0.0,"max_hp_loss":0.0,"gold_gain":0.0,"event_name":"Mysterious Sphere","player_choice":"Fight","floor":37.0,"gold_loss":0.0,"damage_taken":0.0},{"damage_healed":0.0,"max_hp_gain":0.0,"max_hp_loss":0.0,"gold_gain":0.0,"event_name":"MindBloom","player_choice":"Fight","floor":38.0,"gold_loss":0.0,"damage_taken":0.0},{"damage_healed":0.0,"max_hp_gain":0.0,"max_hp_loss":0.0,"gold_gain":222.0,"event_name":"Tomb of Lord Red Mask","player_choice":"Wore Mask","floor":46.0,"gold_loss":0.0,"damage_taken":0.0}],"is_beta":false,"boss_relics":[{"not_picked":["Tiny House","Fusion Hammer"],"picked":"Orrery"},{"not_picked":["Velvet Choker","Lizard Tail"],"picked":"Astrolabe"}],"items_purged_floors":[10,21,45],"is_endless":false,"potions_floor_spawned":[3,5,7,16,19,24,38,39,41,48],"ascension_level":20}