{"gold_per_floor":[219,231,249,268,219,219,231,266,266,298,321,321,351,451,451,556,556,571,587,587,604,604,633,633,633,633,652,652,652,687,699,699,699],"floor_reached":33,"playtime":1094,"items_purged":[],"score":330,"play_id":"f78e96ea-7dad-4eef-8e15-736816a64d73","local_time":"20190805081810","is_ascension_mode":false,"campfire_choices":[{"data":"Perfected Strike","floor":6.0,"key":"SMITH"},{"data":"Perfected Strike","floor":12.0,"key":"SMITH"},{"data":"Bash","floor":15.0,"key":"SMITH"},{"data":"True Grit","floor":25.0,"key":"SMITH"},{"data":"Perfected Strike","floor":29.0,"key":"SMITH"},{"floor":32.0,"key":"REST"}],"neow_cost":"NONE","seed_source_timestamp":19838632102233,"circlet_count":0,"master_deck":["Strike_R","Strike_R","Strike_R","Strike_R","Strike_R","Defend_R","Defend_R","Defend_R","Defend_R","Bash+1","Iron Wave","Shrug It Off","Clothesline","Perfected Strike+1","Perfected Strike+1","Perfected Strike+1","True Grit+1","Perfected Strike+1","Shrug It Off","Warcry+1"],"special_seed":0,"relics":["Burning Blood","Torii","Paper Frog","Question Card","Odd Mushroom","Frozen Egg 2","Black Star","Mummified Hand","Regal Pillow","Kunai","Bottled Flame","Toxic Egg 2"],"potions_floor_usage":[],"damage_taken":[{"damage":6.0,"enemies":"Jaw Worm","floor":1.0,"turns":3.0},{"damage":0.0,"enemies":"Small Slimes","floor":2.0,"turns":4.0},{"damage":6.0,"enemies":"Cultist","floor":3.0,"turns":3.0},{"damage":13.0,"enemies":"Gremlin Gang","floor":4.0,"turns":8.0},{"damage":2.0,"enemies":"Looter","floor":7.0,"turns":3.0},{"damage":18.0,"enemies":"Lagavulin","floor":8.0,"turns":7.0},{"damage":12.0,"enemies":"Gremlin Nob","floor":10.0,"turns":5.0},{"damage":1.0,"enemies":"The Mushroom Lair","floor":11.0,"turns":5.0},{"damage":9.0,"enemies":"Lagavulin","floor":13.0,"turns":6.0},{"damage":26.0,"enemies":"The Guardian","floor":16.0,"turns":8.0},{"damage":23.0,"enemies":"3 Byrds","floor":18.0,"turns":6.0},{"damage":1.0,"enemies":"Chosen","floor":19.0,"turns":4.0},{"damage":6.0,"enemies":"Snake Plant","floor":21.0,"turns":4.0},{"damage":28.0,"enemies":"Book of Stabbing","floor":23.0,"turns":6.0},{"damage":10.0,"enemies":"Snecko","floor":27.0,"turns":4.0},{"damage":19.0,"enemies":"Slavers","floor":30.0,"turns":6.0},{"damage":10.0,"enemies":"Shelled Parasite and Fungi","floor":31.0,"turns":7.0},{"damage":73,"enemies":"Champ","floor":33,"turns":10}],"seed_played":"-872353669544509014","potions_obtained":[{"floor":1.0,"key":"Block Potion"},{"floor":2.0,"key":"Fruit Juice"},{"floor":10.0,"key":"Block Potion"},{"floor":11.0,"key":"GamblersBrew"},{"floor":16.0,"key":"Block Potion"},{"floor":19.0,"key":"Weak Potion"},{"floor":21.0,"key":"GamblersBrew"},{"floor":23.0,"key":"Explosive Potion"}],"is_trial":false,"path_per_floor":["M","M","M","M","$","R","M","E","T","E","?","R","E","?","R","B",null,"M","M","?","M","?","E","?","R","T","M","?","R","E","M","R","B"],"character_chosen":"IRONCLAD","items_purchased":["Perfected Strike"],"campfire_rested":1,"item_purchase_floors":[5],"current_hp_per_floor":[80,85,85,78,78,78,82,70,70,64,69,69,66,66,66,46,85,68,73,73,73,73,51,51,51,51,47,47,47,34,30,70,0],"gold":699,"neow_bonus":"HUNDRED_GOLD","is_prod":false,"is_daily":false,"chose_seed":false,"campfire_upgraded":5,"win_rate":0,"timestamp":1564960690,"path_taken":["M","M","M","M","$","R","M","E","T","E","?","R","E","?","R","BOSS","M","M","?","?","?","E","?","R","T","M","?","R","E","M","R","BOSS"],"build_version":"2019-07-17","purchased_purges":0,"victory":false,"max_hp_per_floor":[80,85,85,85,85,85,85,85,85,85,85,85,85,85,85,85,85,85,85,85,85,85,85,85,85,85,85,85,85,85,85,85,85],"card_choices":[{"not_picked":["Bloodletting","Burning Pact"],"picked":"Iron Wave","floor":1.0},{"not_picked":["Infernal Blade","Corruption"],"picked":"Shrug It Off","floor":2.0},{"not_picked":["Flex","Rampage"],"picked":"Clothesline","floor":3.0},{"not_picked":["Armaments","Dropkick","Rage"],"picked":"SKIP","floor":4.0},{"not_picked":["Corruption","Wild Strike"],"picked":"Perfected Strike","floor":7.0},{"not_picked":["Fire Breathing","Evolve","Havoc"],"picked":"SKIP","floor":8.0},{"not_picked":["Battle Trance","Flame Barrier","Wild Strike"],"picked":"SKIP","floor":10.0},{"not_picked":["Clash","Wild Strike","Anger"],"picked":"Perfected Strike","floor":13.0},{"not_picked":["Flex","Corruption+1","Heavy Blade","Body Slam+1"],"picked":"SKIP","floor":18.0},{"not_picked":["Corruption+1","Iron Wave","Battle Trance"],"picked":"True Grit","floor":19.0},{"not_picked":["Shockwave","Anger","Iron Wave","Ghostly Armor"],"picked":"SKIP","floor":21.0},{"not_picked":["Brutality+1","Uppercut+1","Entrench","Seeing Red"],"picked":"SKIP","floor":23.0},{"not_picked":["Thunderclap+1","Armaments+1","Cleave"],"picked":"Shrug It Off","floor":27.0},{"not_picked":["Demon Form+1","Flame Barrier+1","Feel No Pain+1","Power Through"],"picked":"SKIP","floor":30.0},{"not_picked":["Body Slam","Power Through+1","Second Wind+1"],"picked":"Warcry+1","floor":31.0}],"player_experience":265515,"relics_obtained":[{"floor":8.0,"key":"Torii"},{"floor":9.0,"key":"Paper Frog"},{"floor":10.0,"key":"Question Card"},{"floor":11.0,"key":"Odd Mushroom"},{"floor":13.0,"key":"Frozen Egg 2"},{"floor":23.0,"key":"Mummified Hand"},{"floor":23.0,"key":"Regal Pillow"},{"floor":26.0,"key":"Kunai"},{"floor":30.0,"key":"Bottled Flame"},{"floor":30.0,"key":"Toxic Egg 2"}],"event_choices":[{"damage_healed":0.0,"max_hp_gain":0.0,"max_hp_loss":0.0,"gold_gain":0.0,"event_name":"Mushrooms","player_choice":"Fought Mushrooms","floor":11.0,"gold_loss":0.0,"damage_taken":0.0},{"damage_healed":0.0,"max_hp_gain":0.0,"max_hp_loss":0.0,"gold_gain":100.0,"event_name":"Golden Shrine","player_choice":"Pray","floor":14.0,"gold_loss":0.0,"damage_taken":0.0},{"damage_healed":0.0,"max_hp_gain":0.0,"max_hp_loss":0.0,"gold_gain":0.0,"event_name":"Duplicator","player_choice":"Copied","floor":20.0,"gold_loss":0.0,"damage_taken":0.0,"cards_obtained":["Perfected Strike"]},{"damage_healed":0.0,"max_hp_gain":0.0,"max_hp_loss":0.0,"gold_gain":0.0,"event_name":"Vampires","player_choice":"Ignored","floor":22.0,"gold_loss":0.0,"damage_taken":0.0},{"damage_healed":0.0,"max_hp_gain":0.0,"max_hp_loss":0.0,"gold_gain":0.0,"event_name":"The Mausoleum","player_choice":"Ignored","floor":24.0,"gold_loss":0.0,"damage_taken":0.0},{"damage_healed":0.0,"max_hp_gain":0.0,"max_hp_loss":0.0,"gold_gain":0.0,"event_name":"Transmorgrifier","player_choice":"Ignored","floor":28.0,"gold_loss":0.0,"damage_taken":0.0}],"is_beta":false,"boss_relics":[{"not_picked":["Runic Dome","Mark of Pain"],"picked":"Black Star"}],"items_purged_floors":[],"is_endless":false,"potions_floor_spawned":[1,2,10,11,16,19,21,23],"killed_by":"Champ","ascension_level":0}