{"gold_per_floor":[113,28,41,41,41,76,76,76,76,90,116,116,145,168,168,168],"floor_reached":16,"playtime":377,"items_purged":[],"score":266,"play_id":"942ef1c5-3662-4d73-9e6e-4751254cbb0a","local_time":"20190607163914","is_ascension_mode":true,"campfire_choices":[{"data":"Tactician","floor":8,"key":"SMITH"},{"data":"Deadly Poison","floor":15,"key":"SMITH"}],"neow_cost":"NONE","seed_source_timestamp":436552146202984,"circlet_count":0,"master_deck":["AscendersBane","Defend_G","Defend_G+1","Defend_G","Defend_G","Defend_G+1","Strike_G","Strike_G","Strike_G","Strike_G","Survivor","Neutralize","Deadly Poison+1","Tactician+1","Backstab","Acrobatics","Footwork+1"],"special_seed":0,"relics":["Ring of the Snake","NeowsBlessing","Matryoshka","Orichalcum","Pear","Frozen Egg 2","Golden Idol","Odd Mushroom"],"potions_floor_usage":[13,16],"damage_taken":[{"damage":0.0,"enemies":"Jaw Worm","floor":1.0,"turns":1.0},{"damage":0.0,"enemies":"Small Slimes","floor":3.0,"turns":1.0},{"damage":0.0,"enemies":"Gremlin Nob","floor":6.0,"turns":1.0},{"damage":0,"enemies":"2 Louse","floor":10,"turns":3},{"damage":20,"enemies":"3 Sentries","floor":11,"turns":16},{"damage":12,"enemies":"The Mushroom Lair","floor":13,"turns":6},{"damage":0,"enemies":"Blue Slaver","floor":14,"turns":4},{"damage":30,"enemies":"Slime Boss","floor":16,"turns":3}],"seed_played":"2166279800822259723","potions_obtained":[{"floor":3.0,"key":"PowerPotion"},{"floor":10,"key":"Dexterity Potion"},{"floor":11,"key":"Block Potion"}],"is_trial":false,"path_per_floor":["M","$","M","$","?","E","?","R","T","M","E","?","?","M","R","B"],"character_chosen":"THE_SILENT","items_purchased":["Tactician"],"campfire_rested":0,"item_purchase_floors":[2],"current_hp_per_floor":[59,59,59,59,39,39,39,39,49,49,29,29,17,17,17,0],"gold":168,"neow_bonus":"THREE_ENEMY_KILL","is_prod":false,"is_daily":false,"chose_seed":false,"campfire_upgraded":2,"win_rate":0,"timestamp":1559896754,"path_taken":["M","$","M","$","?","E","?","R","T","M","E","?","?","M","R","BOSS"],"build_version":"2019-01-23","purchased_purges":0,"victory":false,"max_hp_per_floor":[66,66,66,66,66,66,66,66,76,76,76,69,69,69,69,69],"card_choices":[{"not_picked":["Quick Slash","Dodge and Roll"],"picked":"Deadly Poison","floor":1.0},{"not_picked":["Endless Agony","Reflex"],"picked":"Backstab","floor":3.0},{"not_picked":["Bullet Time","Dodge and Roll","Poisoned Stab"],"picked":"SKIP","floor":6.0},{"not_picked":["Endless Agony","Die Die Die"],"picked":"Acrobatics","floor":10},{"not_picked":["Masterful Stab","Blur","Predator"],"picked":"SKIP","floor":11},{"not_picked":["Poisoned Stab","PiercingWail"],"picked":"Footwork+1","floor":13},{"not_picked":["Setup","Flying Knee","PiercingWail"],"picked":"SKIP","floor":14}],"player_experience":1897619,"relics_obtained":[{"floor":6.0,"key":"Matryoshka"},{"floor":9,"key":"Orichalcum"},{"floor":9,"key":"Pear"},{"floor":11,"key":"Frozen Egg 2"},{"floor":13,"key":"Odd Mushroom"}],"event_choices":[{"damage_healed":0.0,"max_hp_gain":0.0,"max_hp_loss":0.0,"gold_gain":0.0,"event_name":"Shining Light","player_choice":"Entered Light","floor":5.0,"gold_loss":0.0,"damage_taken":20.0,"cards_upgraded":["Defend_G","Defend_G"]},{"cards_removed":["Strike_G"],"damage_healed":0,"gold_gain":0,"player_choice":"Forget","damage_taken":0,"max_hp_gain":0,"max_hp_loss":0,"event_name":"Living Wall","floor":7,"gold_loss":0},{"damage_healed":0,"gold_gain":0,"player_choice":"Lose Max HP","damage_taken":0,"relics_obtained":["Golden Idol"],"max_hp_gain":0,"max_hp_loss":7,"event_name":"Golden Idol","floor":12,"gold_loss":0},{"damage_healed":0,"gold_gain":0,"player_choice":"Fought Mushrooms","damage_taken":0,"max_hp_gain":0,"max_hp_loss":0,"event_name":"Mushrooms","floor":13,"gold_loss":0}],"is_beta":false,"boss_relics":[],"items_purged_floors":[],"is_endless":false,"potions_floor_spawned":[3,10,11],"killed_by":"Slime Boss","ascension_level":20}