{"gold_per_floor":[119,119,138,63,78,118,18,61,142,154,166,198,210,255,267,402,414,369,369,15,15,15,15,15,15,15,15,15,15,15,15,15,15,15,15,15,15,15,15,15,15,15,15,15,15,15,15,15,15,15],"floor_reached":51,"playtime":2333,"items_purged":["Normality","Injury"],"score":1096,"play_id":"58159db5-30ca-4d9c-b8b1-1a94ac98e50a","local_time":"20190607175527","is_ascension_mode":true,"campfire_choices":[{"data":"Perfected Strike","floor":11.0,"key":"SMITH"},{"data":"Whirlwind","floor":13.0,"key":"SMITH"},{"data":"Metallicize","floor":15.0,"key":"SMITH"},{"floor":24.0,"key":"REST"},{"data":"Pommel Strike","floor":28,"key":"SMITH"},{"data":"Pommel Strike","floor":30,"key":"SMITH"},{"data":"Offering","floor":32,"key":"SMITH"},{"floor":40,"key":"REST"},{"floor":42,"key":"REST"},{"data":"Demon Form","floor":46,"key":"SMITH"},{"floor":49,"key":"REST"}],"neow_cost":"CURSE","seed_source_timestamp":116592612641935,"circlet_count":0,"master_deck":["Strike_R","Strike_R","Strike_R","Strike_R","Strike_R","Defend_R","Defend_R","Defend_R","Bash","Perfected Strike+1","Pommel Strike+1","Whirlwind+1","Pommel Strike+1","Metallicize+1","Offering+1","Flex+1","Armaments+1","Perfected Strike+1","Demon Form+1","Wild Strike+1","Pommel Strike","Twin Strike","Wild Strike","Pommel Strike+1","Disarm+1","Reaper","Perfected Strike+1","Heavy Blade+1","Perfected Strike+1","Madness+1","Madness+1","Perfected Strike+1","Wild Strike+1"],"special_seed":0,"relics":["Burning Blood","Magic Flower","Golden Idol","FossilizedHelix","MawBank","Ornamental Fan","Gremlin Horn","Pear","Ectoplasm","Sling","Red Skull","Toxic Egg 2","Letter Opener","Dream Catcher","Orrery","Mummified Hand","Molten Egg 2","Question Card"],"potions_floor_usage":[27,33,41,50],"damage_taken":[{"damage":7.0,"enemies":"2 Louse","floor":1.0,"turns":3.0},{"damage":13.0,"enemies":"Jaw Worm","floor":3.0,"turns":4.0},{"damage":1.0,"enemies":"Cultist","floor":5.0,"turns":3.0},{"damage":10.0,"enemies":"3 Sentries","floor":6.0,"turns":5.0},{"damage":12.0,"enemies":"Lagavulin","floor":8.0,"turns":6.0},{"damage":0.0,"enemies":"Large Slime","floor":12.0,"turns":4.0},{"damage":5.0,"enemies":"3 Sentries","floor":14.0,"turns":4.0},{"damage":56.0,"enemies":"The Guardian","floor":16.0,"turns":11.0},{"damage":11.0,"enemies":"2 Thieves","floor":18.0,"turns":3.0},{"damage":8.0,"enemies":"Shell Parasite","floor":21.0,"turns":2.0},{"damage":16.0,"enemies":"Snake Plant","floor":22.0,"turns":3.0},{"damage":27.0,"enemies":"Book of Stabbing","floor":23.0,"turns":4.0},{"damage":1,"enemies":"Snecko","floor":25,"turns":4},{"damage":7,"enemies":"Slavers","floor":27,"turns":2},{"damage":7,"enemies":"3 Cultists","floor":29,"turns":4},{"damage":63,"enemies":"Automaton","floor":33,"turns":8},{"damage":0,"enemies":"Orb Walker","floor":35,"turns":2},{"damage":31,"enemies":"3 Darklings","floor":36,"turns":3},{"damage":49,"enemies":"4 Shapes","floor":38,"turns":5},{"damage":70,"enemies":"Giant Head","floor":41,"turns":7},{"damage":0,"enemies":"Sphere and 2 Shapes","floor":44,"turns":2},{"damage":27,"enemies":"Reptomancer","floor":45,"turns":3},{"damage":4,"enemies":"Transient","floor":48,"turns":5},{"damage":78,"enemies":"Donu and Deca","floor":50,"turns":5}],"seed_played":"3894958000554175537","potions_obtained":[{"floor":3.0,"key":"AttackPotion"},{"floor":6.0,"key":"SkillPotion"},{"floor":14.0,"key":"Poison Potion"},{"floor":21.0,"key":"Weak Potion"},{"floor":25,"key":"FearPotion"},{"floor":29,"key":"AttackPotion"},{"floor":36,"key":"PowerPotion"},{"floor":38,"key":"Block Potion"},{"floor":44,"key":"FearPotion"}],"is_trial":false,"path_per_floor":["M","?","M","$","M","E","$","E","T","?","R","M","R","E","R","B",null,"M","?","$","M","M","E","R","M","T","E","R","M","R","?","R","B",null,"M","M","?","M","$","R","E","R","T","M","E","R","?","M","R","B",null],"character_chosen":"IRONCLAD","items_purchased":["Sling","Red Skull"],"campfire_rested":4,"item_purchase_floors":[20,20],"current_hp_per_floor":[74,74,70,70,78,77,77,74,74,56,56,65,65,79,79,32,76,74,74,74,75,68,50,77,85,85,87,87,89,89,89,89,35,76,85,63,63,23,23,50,34,61,61,70,72,72,61,66,90,21],"gold":15,"neow_bonus":"ONE_RARE_RELIC","is_prod":false,"is_daily":false,"chose_seed":false,"campfire_upgraded":7,"win_rate":0,"timestamp":1559944527,"path_taken":["M","?","M","$","M","E","$","E","T","?","R","M","R","E","R","BOSS","M","?","$","M","M","E","R","?","T","E","R","M","R","?","R","BOSS","M","?","?","?","?","R","E","R","T","M","E","R","?","M","R","BOSS"],"build_version":"2019-01-23","purchased_purges":2,"victory":true,"max_hp_per_floor":[80,80,80,80,80,80,80,80,80,80,80,80,80,90,90,90,90,90,90,90,90,90,90,90,90,90,90,90,90,90,90,90,90,90,90,90,90,90,90,90,90,90,90,90,90,90,90,90,90,90],"card_choices":[{"not_picked":["Power Through","True Grit"],"picked":"Perfected Strike","floor":1.0},{"not_picked":["Clothesline","Sword Boomerang","True Grit"],"picked":"SKIP","floor":3.0},{"not_picked":["Heavy Blade","Havoc"],"picked":"Pommel Strike","floor":5.0},{"not_picked":["Bludgeon","Searing Blow"],"picked":"Whirlwind","floor":6.0},{"not_picked":["True Grit","Sword Boomerang"],"picked":"Pommel Strike","floor":8.0},{"not_picked":["Rampage","Carnage","Feel No Pain"],"picked":"SKIP","floor":12.0},{"not_picked":["Brutality","Intimidate"],"picked":"Metallicize","floor":14.0},{"not_picked":["Juggernaut","Exhume"],"picked":"Offering","floor":16.0},{"not_picked":["Armaments","Combust","Reckless Charge"],"picked":"SKIP","floor":18.0},{"not_picked":["Heavy Blade","Entrench"],"picked":"Flex+1","floor":21.0},{"not_picked":["Body Slam+1","Dropkick","Corruption"],"picked":"SKIP","floor":22.0},{"not_picked":["Armaments","Cleave","Rupture"],"picked":"SKIP","floor":23.0},{"not_picked":["True Grit+1","Iron Wave+1","Battle Trance+1"],"picked":"SKIP","floor":25},{"not_picked":["Rampage","Barricade"],"picked":"Armaments+1","floor":27},{"not_picked":["Heavy Blade","Cleave","True Grit+1"],"picked":"SKIP","floor":29},{"not_picked":["Brutality","Bludgeon"],"picked":"Demon Form","floor":33},{"not_picked":["True Grit+1","Havoc+1"],"picked":"Wild Strike+1","floor":34},{"not_picked":["Thunderclap","Evolve+1"],"picked":"Pommel Strike","floor":34},{"not_picked":["Warcry+1","Clothesline"],"picked":"Twin Strike","floor":34},{"not_picked":["Fire Breathing","Cleave"],"picked":"Wild Strike","floor":34},{"not_picked":["Anger+1","Warcry+1"],"picked":"Pommel Strike+1","floor":35},{"not_picked":["Fire Breathing+1","Havoc+1"],"picked":"Disarm+1","floor":36},{"not_picked":["Exhume+1","Shockwave+1","Thunderclap"],"picked":"SKIP","floor":38},{"not_picked":["Iron Wave","Offering+1","Battle Trance+1"],"picked":"SKIP","floor":41},{"not_picked":["Havoc+1","Flex+1"],"picked":"Perfected Strike+1","floor":42},{"not_picked":["Offering+1","Corruption+1"],"picked":"Heavy Blade+1","floor":44},{"not_picked":["Entrench+1","Pommel Strike+1"],"picked":"Perfected Strike+1","floor":45},{"not_picked":["Shrug It Off+1","Disarm+1","Spot Weakness+1"],"picked":"Perfected Strike+1","floor":48},{"not_picked":["Iron Wave+1","Body Slam+1","Thunderclap+1"],"picked":"Wild Strike+1","floor":49}],"player_experience":1059268,"relics_obtained":[{"floor":6.0,"key":"FossilizedHelix"},{"floor":8.0,"key":"MawBank"},{"floor":9.0,"key":"Ornamental Fan"},{"floor":14.0,"key":"Pear"},{"floor":23.0,"key":"Toxic Egg 2"},{"floor":26,"key":"Letter Opener"},{"floor":27,"key":"Dream Catcher"},{"floor":41,"key":"Mummified Hand"},{"floor":43,"key":"Molten Egg 2"},{"floor":45,"key":"Question Card"}],"event_choices":[{"damage_healed":0.0,"max_hp_gain":0.0,"max_hp_loss":0.0,"gold_gain":0.0,"event_name":"Golden Idol","player_choice":"Take Wound","floor":2.0,"gold_loss":0.0,"damage_taken":0.0,"relics_obtained":["Golden Idol"],"cards_obtained":["Injury"]},{"damage_healed":0.0,"max_hp_gain":0.0,"max_hp_loss":0.0,"gold_gain":0.0,"event_name":"Scrap Ooze","player_choice":"Success","floor":10.0,"gold_loss":0.0,"damage_taken":18.0,"relics_obtained":["Gremlin Horn"]},{"cards_removed":["Defend_R"],"damage_healed":0.0,"max_hp_gain":0.0,"max_hp_loss":0.0,"gold_gain":0.0,"event_name":"Purifier","player_choice":"Purged","floor":19.0,"gold_loss":0.0,"damage_taken":0.0},{"damage_healed":0,"gold_gain":0,"player_choice":"Copied","damage_taken":0,"max_hp_gain":0,"max_hp_loss":0,"event_name":"Duplicator","floor":31,"gold_loss":0,"cards_obtained":["Perfected Strike"]},{"damage_healed":0,"gold_gain":0,"player_choice":"1 cards matched","damage_taken":0,"max_hp_gain":0,"max_hp_loss":0,"event_name":"Match and Keep!","floor":37,"gold_loss":0,"cards_obtained":["Reaper"]},{"damage_healed":0,"gold_gain":0,"player_choice":"Embrace Madness","damage_taken":11,"max_hp_gain":0,"max_hp_loss":0,"event_name":"Winding Halls","floor":47,"gold_loss":0,"cards_obtained":["Madness","Madness"]}],"is_beta":false,"boss_relics":[{"not_picked":["Coffee Dripper","Black Star"],"picked":"Ectoplasm"},{"not_picked":["Eternal Feather","White Beast Statue"],"picked":"Orrery"}],"items_purged_floors":[4,7],"is_endless":false,"potions_floor_spawned":[3,6,14,21,25,29,36,38,44],"ascension_level":7}