{"gold_per_floor":[115,115,129,129,71,71,117,117,117,41,41,60,89,105,105,177,177,196,246,263,176,226,251,251,281,281,153,153,181,181,199,199,271,321,339,339,439,339,339,372,383,410,435,435,460,479,25,25,25,25,25,25,25,25,53,53],"floor_reached":57,"playtime":2725,"items_purged":["Bash","Blood for Blood+1","Double Tap"],"score":3605,"play_id":"5d218386-e8af-4e43-ad2c-6c9e2e77b193","local_time":"20190622151620","is_ascension_mode":true,"campfire_choices":[{"data":"Armaments","floor":6.0,"key":"SMITH"},{"data":"Blood for Blood","floor":8.0,"key":"SMITH"},{"data":"Havoc","floor":15.0,"key":"SMITH"},{"floor":24.0,"key":"REST"},{"floor":32.0,"key":"REST"},{"floor":44.0,"key":"RECALL"},{"data":"Offering","floor":49.0,"key":"SMITH"},{"data":"Burning Pact","floor":53.0,"key":"SMITH"}],"neow_cost":"NONE","seed_source_timestamp":1724799544537586,"circlet_count":0,"master_deck":["AscendersBane","Fire Breathing","Havoc+1","Intimidate","Exhume","Disarm","Armaments+1","Evolve","Shrug It Off","Barricade+1","Flame Barrier","Pommel Strike+1","Burning Pact+1","Second Wind","Offering+1","Body Slam+1","Warcry+1","Impervious"],"special_seed":0,"relics":["Pandora\u0027s Box","Art of War","Singing Bowl","Pantograph","Black Star","Sundial","Shuriken","Juzu Bracelet","Incense Burner","FaceOfCleric","Dream Catcher","Gambling Chip","Tiny House","Mango","Blue Candle","Anchor","Pocketwatch","Bottled Flame","PreservedInsect","FossilizedHelix","Whetstone","Bronze Scales","Bag of Marbles","Gremlin Horn"],"potions_floor_usage":[],"damage_taken":[{"damage":6.0,"enemies":"Small Slimes","floor":1.0,"turns":3.0},{"damage":7.0,"enemies":"Jaw Worm","floor":3.0,"turns":2.0},{"damage":0.0,"enemies":"Cultist","floor":12.0,"turns":3.0},{"damage":39.0,"enemies":"Gremlin Nob","floor":13.0,"turns":4.0},{"damage":10.0,"enemies":"Exordium Wildlife","floor":14.0,"turns":3.0},{"damage":17.0,"enemies":"The Guardian","floor":16.0,"turns":5.0},{"damage":9.0,"enemies":"3 Byrds","floor":18.0,"turns":6.0},{"damage":37.0,"enemies":"2 Thieves","floor":20.0,"turns":5.0},{"damage":19.0,"enemies":"Book of Stabbing","floor":23.0,"turns":11.0},{"damage":23.0,"enemies":"Gremlin Leader","floor":25.0,"turns":5.0},{"damage":6.0,"enemies":"Book of Stabbing","floor":29.0,"turns":5.0},{"damage":3.0,"enemies":"Snake Plant","floor":31.0,"turns":4.0},{"damage":8.0,"enemies":"Automaton","floor":33.0,"turns":4.0},{"damage":11.0,"enemies":"Orb Walker","floor":35.0,"turns":4.0},{"damage":6.0,"enemies":"Mind Bloom Boss Battle","floor":37.0,"turns":2.0},{"damage":6.0,"enemies":"Giant Head","floor":40.0,"turns":5.0},{"damage":14.0,"enemies":"3 Darklings","floor":41.0,"turns":3.0},{"damage":12.0,"enemies":"Reptomancer","floor":42.0,"turns":1.0},{"damage":1.0,"enemies":"Giant Head","floor":45.0,"turns":4.0},{"damage":0.0,"enemies":"Sphere and 2 Shapes","floor":46.0,"turns":3.0},{"damage":1.0,"enemies":"Time Eater","floor":50.0,"turns":5.0},{"damage":6.0,"enemies":"Donu and Deca","floor":51.0,"turns":3.0},{"damage":6.0,"enemies":"Shield and Spear","floor":55.0,"turns":1.0},{"damage":12,"enemies":"The Heart","floor":56,"turns":7}],"seed_played":"4470126737713582333","potions_obtained":[{"floor":12.0,"key":"Energy Potion"},{"floor":14.0,"key":"PowerPotion"},{"floor":25.0,"key":"SteroidPotion"},{"floor":34.0,"key":"SkillPotion"},{"floor":40.0,"key":"LiquidBronze"},{"floor":41.0,"key":"SteroidPotion"},{"floor":45.0,"key":"SteroidPotion"},{"floor":46.0,"key":"GamblersBrew"}],"is_trial":false,"path_per_floor":["M","?","M","?","$","R","T","R","T","$","?","M","E","M","R","B",null,"M","?","M","$","?","E","R","E","T","$","?","E","?","M","R","B",null,"M","?","?","$","?","E","M","E","T","R","E","M","$","?","R","B","B",null,"R","$","E","B",null],"character_chosen":"IRONCLAD","items_purchased":["Armaments","Evolve","Flame Barrier","Swift Potion","Impervious","Bronze Scales"],"campfire_rested":2,"item_purchase_floors":[5,10,21,27,47,47],"current_hp_per_floor":[62,62,55,60,60,60,60,60,60,60,65,67,30,20,20,28,70,63,63,28,28,28,9,35,14,14,14,14,9,9,7,36,54,92,84,80,116,116,116,113,102,91,91,91,91,94,94,94,94,119,128,133,133,133,130,126],"gold":53,"neow_bonus":"BOSS_RELIC","is_prod":false,"is_daily":false,"chose_seed":false,"campfire_upgraded":5,"win_rate":0,"timestamp":1561187780,"path_taken":["M","?","M","?","$","R","?","R","T","$","?","?","E","M","R","BOSS","M","?","?","$","?","E","R","E","T","$","?","E","?","M","R","BOSS","M","?","?","?","?","E","M","E","T","R","E","M","$","?","R","BOSS","BOSS","R","$","E","BOSS"],"build_version":"2019-01-23","purchased_purges":3,"victory":true,"max_hp_per_floor":[75,75,75,80,80,80,80,80,80,80,80,82,84,84,84,84,84,86,86,88,88,88,88,88,90,90,90,90,91,91,92,94,95,102,105,111,128,128,128,131,134,135,135,135,136,139,139,132,132,133,134,134,134,134,137,138],"card_choices":[{"not_picked":["Sword Boomerang","Clash","Wild Strike"],"picked":"SKIP","floor":1.0},{"not_picked":["Sword Boomerang","Twin Strike","Iron Wave"],"picked":"SKIP","floor":3.0},{"not_picked":["Heavy Blade","Infernal Blade","Metallicize"],"picked":"Singing Bowl","floor":12.0},{"not_picked":["Ghostly Armor","Rampage","Iron Wave"],"picked":"Singing Bowl","floor":13.0},{"not_picked":["Entrench","Flex"],"picked":"Shrug It Off","floor":14.0},{"not_picked":["Brutality","Juggernaut"],"picked":"Barricade","floor":16.0},{"not_picked":["Clothesline","Wild Strike","Fire Breathing"],"picked":"Singing Bowl","floor":18.0},{"not_picked":["Heavy Blade","Perfected Strike","Clothesline"],"picked":"Singing Bowl","floor":20.0},{"not_picked":["Fiend Fire","Wild Strike+1"],"picked":"Pommel Strike","floor":23.0},{"not_picked":["Blood for Blood","Armaments","Pommel Strike"],"picked":"Singing Bowl","floor":25.0},{"not_picked":["Feel No Pain","Body Slam"],"picked":"Burning Pact","floor":29.0},{"not_picked":["Clothesline","Sword Boomerang"],"picked":"Second Wind","floor":31.0},{"not_picked":["Clothesline","Ghostly Armor","Whirlwind"],"picked":"Singing Bowl","floor":32.0},{"not_picked":["Impervious","Exhume"],"picked":"Offering","floor":33.0},{"not_picked":["Anger","Shrug It Off+1","Iron Wave"],"picked":"Singing Bowl","floor":34.0},{"not_picked":["True Grit+1","Rage","Warcry"],"picked":"Singing Bowl","floor":35.0},{"not_picked":["Jack Of All Trades","Forethought","Madness"],"picked":"Singing Bowl","floor":36.0},{"not_picked":["Dark Shackles","Finesse","Transmutation"],"picked":"Singing Bowl","floor":36.0},{"not_picked":["Bandage Up","Dramatic Entrance","Good Instincts"],"picked":"Singing Bowl","floor":36.0},{"not_picked":["Clothesline+1","Infernal Blade+1","Flame Barrier"],"picked":"Singing Bowl","floor":37.0},{"not_picked":["Headbutt","Sentinel","Searing Blow+1"],"picked":"Singing Bowl","floor":40.0},{"not_picked":["Pummel","Spot Weakness+1","Searing Blow"],"picked":"Singing Bowl","floor":41.0},{"not_picked":["Armaments+1","Combust"],"picked":"Body Slam","floor":42.0},{"not_picked":["Anger","Thunderclap"],"picked":"Warcry+1","floor":45.0},{"not_picked":["Flame Barrier","True Grit","Reckless Charge"],"picked":"Singing Bowl","floor":46.0},{"not_picked":["Fiend Fire","Sentinel","Whirlwind"],"picked":"Singing Bowl","floor":55.0}],"player_experience":1972643,"relics_obtained":[{"floor":7.0,"key":"Art of War"},{"floor":9.0,"key":"Singing Bowl"},{"floor":13.0,"key":"Pantograph"},{"floor":23.0,"key":"Sundial"},{"floor":23.0,"key":"Shuriken"},{"floor":25.0,"key":"Juzu Bracelet"},{"floor":25.0,"key":"Incense Burner"},{"floor":29.0,"key":"Dream Catcher"},{"floor":29.0,"key":"Gambling Chip"},{"floor":37.0,"key":"Mango"},{"floor":40.0,"key":"Blue Candle"},{"floor":40.0,"key":"Anchor"},{"floor":42.0,"key":"Pocketwatch"},{"floor":42.0,"key":"Bottled Flame"},{"floor":43.0,"key":"PreservedInsect"},{"floor":45.0,"key":"FossilizedHelix"},{"floor":45.0,"key":"Whetstone"},{"floor":55.0,"key":"Bag of Marbles"},{"floor":55.0,"key":"Gremlin Horn"}],"event_choices":[{"damage_healed":0.0,"max_hp_gain":0.0,"max_hp_loss":0.0,"gold_gain":0.0,"cards_transformed":["Heavy Blade"],"event_name":"Living Wall","player_choice":"Change","floor":2.0,"gold_loss":0.0,"damage_taken":0.0,"cards_obtained":["Seeing Red"]},{"damage_healed":0.0,"max_hp_gain":5.0,"max_hp_loss":0.0,"gold_gain":0.0,"event_name":"Big Fish","player_choice":"Donut","floor":4.0,"gold_loss":0.0,"damage_taken":0.0},{"cards_removed":["Clash"],"damage_healed":5.0,"max_hp_gain":0.0,"max_hp_loss":0.0,"gold_gain":0.0,"event_name":"Bonfire Elementals","player_choice":"Offered Common","floor":11.0,"gold_loss":0.0,"damage_taken":0.0},{"cards_removed":["Clash"],"damage_healed":5.0,"max_hp_gain":0.0,"max_hp_loss":0.0,"gold_gain":0.0,"event_name":"Bonfire Elementals","player_choice":"Offered Special","floor":11.0,"gold_loss":0.0,"damage_taken":0.0},{"damage_healed":0.0,"max_hp_gain":0.0,"max_hp_loss":0.0,"gold_gain":100.0,"event_name":"The Joust","player_choice":"Bet on Murderer","floor":19.0,"gold_loss":50.0,"damage_taken":0.0},{"damage_healed":0.0,"max_hp_gain":0.0,"max_hp_loss":0.0,"gold_gain":50.0,"event_name":"Nest","player_choice":"Stole From Cult","floor":22.0,"gold_loss":0.0,"damage_taken":0.0},{"damage_healed":0.0,"max_hp_gain":0.0,"max_hp_loss":0.0,"gold_gain":0.0,"event_name":"FaceTrader","player_choice":"Trade","floor":28.0,"gold_loss":0.0,"damage_taken":0.0,"relics_obtained":["FaceOfCleric"]},{"damage_healed":0.0,"max_hp_gain":0.0,"max_hp_loss":0.0,"gold_gain":0.0,"event_name":"N\u0027loth","player_choice":"Ignored","floor":30.0,"gold_loss":0.0,"damage_taken":0.0},{"damage_healed":0.0,"max_hp_gain":0.0,"max_hp_loss":0.0,"gold_gain":0.0,"event_name":"SensoryStone","player_choice":"Memory 3","floor":36.0,"gold_loss":0.0,"damage_taken":10.0},{"damage_healed":0.0,"max_hp_gain":0.0,"max_hp_loss":0.0,"gold_gain":0.0,"event_name":"MindBloom","player_choice":"Fight","floor":37.0,"gold_loss":0.0,"damage_taken":0.0},{"cards_removed":["Seeing Red"],"damage_healed":0.0,"max_hp_gain":0.0,"max_hp_loss":0.0,"gold_gain":0.0,"event_name":"Falling","player_choice":"Removed Skill","floor":39.0,"gold_loss":0.0,"damage_taken":0.0},{"damage_healed":0.0,"max_hp_gain":0.0,"max_hp_loss":7.0,"gold_gain":0.0,"event_name":"Winding Halls","player_choice":"Max HP","floor":48.0,"gold_loss":0.0,"damage_taken":0.0}],"is_beta":false,"boss_relics":[{"not_picked":["Runic Cube","Busted Crown"],"picked":"Black Star"},{"not_picked":["Velvet Choker","Lizard Tail"],"picked":"Tiny House"}],"items_purged_floors":[27,38,47],"is_endless":false,"potions_floor_spawned":[12,14,25,33,40,41,45,46],"ascension_level":20}