{"gold_per_floor":[110,110,110,125,125,158,168,168,168,180,180,180,206,221,221,298,298,317,317,317,207,217,242,242,242,268,293,218,218,253,266,266,343,343,360,1359,724,744,790,790,837,847,847,525,525,535,546,546,546,546,546,546,546,72,103,103],"floor_reached":57,"playtime":2713,"items_purged":["Lockon","Defend_B+1","Sunder+1"],"score":2932,"play_id":"690e0a6d-f832-4dbf-b406-ce1138a9c292","local_time":"20190724182334","is_ascension_mode":true,"campfire_choices":[{"data":"Fusion","floor":8.0,"key":"SMITH"},{"data":"Sunder","floor":12.0,"key":"SMITH"},{"data":"Zap","floor":15.0,"key":"SMITH"},{"data":"Turbo","floor":24.0,"key":"SMITH"},{"data":"Dualcast","floor":29.0,"key":"SMITH"},{"data":"Heatsinks","floor":32.0,"key":"SMITH"},{"data":"White Noise","floor":40.0,"key":"SMITH"},{"floor":49.0,"key":"RECALL"},{"data":"Purity","floor":53,"key":"SMITH"}],"neow_cost":"NONE","seed_source_timestamp":0,"circlet_count":0,"master_deck":["AscendersBane","Zap+1","Dualcast+1","Skim+1","Fusion+1","Self Repair","Turbo+1","Undo+1","Biased Cognition","Hologram+1","Compile Driver+1","Consume+1","Heatsinks+1","Necronomicurse","Ghostly","Ghostly","Ghostly","Genetic Algorithm+1","White Noise+1","Capacitor","Meteor Strike","Heatsinks","Coolheaded+1","Purity+1","Secret Technique","Ghostly","Hologram"],"special_seed":0,"relics":["Cracked Core","NeowsBlessing","Meat on the Bone","Juzu Bracelet","Oddly Smooth Stone","Astrolabe","Necronomicon","Happy Flower","Pen Nib","Omamori","Ornamental Fan","Inserter","DataDisk","TheAbacus","Anchor","Emotion Chip","Bag of Preparation","DollysMirror","Centennial Puzzle"],"potions_floor_usage":[55,56],"damage_taken":[{"damage":0.0,"enemies":"Small Slimes","floor":1.0,"turns":1.0},{"damage":0.0,"enemies":"2 Louse","floor":4.0,"turns":1.0},{"damage":0.0,"enemies":"Gremlin Nob","floor":6.0,"turns":1.0},{"damage":0.0,"enemies":"Cultist","floor":7.0,"turns":4.0},{"damage":4.0,"enemies":"Looter","floor":10.0,"turns":4.0},{"damage":15.0,"enemies":"Lagavulin","floor":13.0,"turns":5.0},{"damage":8.0,"enemies":"Red Slaver","floor":14.0,"turns":3.0},{"damage":0.0,"enemies":"The Guardian","floor":16.0,"turns":11.0},{"damage":0.0,"enemies":"Chosen","floor":18.0,"turns":2.0},{"damage":8.0,"enemies":"2 Thieves","floor":22.0,"turns":4.0},{"damage":3.0,"enemies":"Gremlin Leader","floor":23.0,"turns":7.0},{"damage":19.0,"enemies":"Slavers","floor":27.0,"turns":6.0},{"damage":14.0,"enemies":"Book of Stabbing","floor":30.0,"turns":5.0},{"damage":0.0,"enemies":"Snake Plant","floor":31.0,"turns":3.0},{"damage":14.0,"enemies":"Champ","floor":33.0,"turns":8.0},{"damage":1.0,"enemies":"3 Darklings","floor":35.0,"turns":5.0},{"damage":0.0,"enemies":"Orb Walker","floor":38.0,"turns":4.0},{"damage":0.0,"enemies":"2 Orb Walkers","floor":41.0,"turns":4.0},{"damage":0.0,"enemies":"Transient","floor":42.0,"turns":6.0},{"damage":0.0,"enemies":"Writhing Mass","floor":46.0,"turns":3.0},{"damage":0.0,"enemies":"Spire Growth","floor":47.0,"turns":4.0},{"damage":0.0,"enemies":"Donu and Deca","floor":50.0,"turns":4.0},{"damage":24,"enemies":"Awakened One","floor":51,"turns":5},{"damage":5,"enemies":"Shield and Spear","floor":55,"turns":6},{"damage":17,"enemies":"The Heart","floor":56,"turns":7}],"seed_played":"-69260316047336166","potions_obtained":[{"floor":1.0,"key":"Swift Potion"},{"floor":6.0,"key":"SpeedPotion"},{"floor":13.0,"key":"Fire Potion"},{"floor":18.0,"key":"SteroidPotion"},{"floor":30.0,"key":"Poison Potion"},{"floor":31.0,"key":"Strength Potion"},{"floor":35.0,"key":"Explosive Potion"},{"floor":41.0,"key":"Fire Potion"}],"is_trial":false,"path_per_floor":["M","?","?","M","?","E","M","R","T","M","?","R","E","M","R","B",null,"M","?","?","?","M","E","R","?","T","E","?","R","E","M","R","B",null,"M","?","$","M","T","R","?","M","T","$","?","M","M","?","R","B","B",null,"R","$","E","B",null],"character_chosen":"DEFECT","items_purchased":["DataDisk","TheAbacus","Energy Potion","Swift Potion","Heatsinks","Bag of Preparation","SkillPotion","GamblersBrew","DollysMirror","Hologram"],"campfire_rested":0,"item_purchase_floors":[37,37,37,37,37,44,44,54,54,54],"current_hp_per_floor":[64,43,43,43,43,43,43,43,43,46,46,46,50,49,49,56,67,67,46,35,35,34,35,35,35,35,35,35,35,28,28,28,33,35,35,35,35,35,35,35,35,35,35,35,25,32,35,33,33,33,28,32,32,32,33,33],"gold":103,"neow_bonus":"THREE_ENEMY_KILL","is_prod":false,"is_daily":false,"chose_seed":false,"campfire_upgraded":8,"win_rate":0,"timestamp":1563963814,"path_taken":["M","?","?","?","?","E","M","R","T","M","?","R","E","M","R","BOSS","M","?","?","?","M","E","R","?","T","E","?","R","E","M","R","BOSS","M","?","$","M","?","R","?","M","T","$","?","M","M","?","R","BOSS","BOSS","R","$","E","BOSS"],"build_version":"2019-07-17","purchased_purges":3,"victory":true,"max_hp_per_floor":[71,71,71,71,71,71,71,71,71,71,71,71,71,71,71,71,71,71,71,35,35,35,35,35,35,35,35,35,35,35,35,35,35,35,35,35,35,35,35,35,35,35,35,35,35,35,35,33,33,33,33,33,33,33,33,33],"card_choices":[{"not_picked":["Coolheaded","Scrape"],"picked":"Skim","floor":1.0},{"not_picked":["Stack","Loop"],"picked":"Fusion","floor":4.0},{"not_picked":["Fission","Sweeping Beam"],"picked":"Sunder","floor":6.0},{"not_picked":["Storm","Barrage"],"picked":"Self Repair","floor":7.0},{"not_picked":["Hologram","Steam"],"picked":"Turbo","floor":10.0},{"not_picked":["Sweeping Beam","Aggregate"],"picked":"Undo","floor":13.0},{"not_picked":["Streamline","Leap"],"picked":"Lockon","floor":14.0},{"not_picked":["Echo Form","Thunder Strike"],"picked":"Biased Cognition","floor":16.0},{"not_picked":["Compile Driver","Storm"],"picked":"Heatsinks","floor":18.0},{"not_picked":["Cold Snap","Barrage"],"picked":"Genetic Algorithm+1","floor":22.0},{"not_picked":["Beam Cell","Rip and Tear"],"picked":"White Noise","floor":23.0},{"not_picked":["Compile Driver","Rebound","Go for the Eyes"],"picked":"SKIP","floor":27.0},{"not_picked":["Stack","Leap","Ball Lightning"],"picked":"SKIP","floor":30.0},{"not_picked":["Lockon","Rebound"],"picked":"Capacitor","floor":31.0},{"not_picked":["Hyperbeam","Multi-Cast"],"picked":"Meteor Strike","floor":33.0},{"not_picked":["Go for the Eyes","Rip and Tear","White Noise"],"picked":"SKIP","floor":35.0},{"not_picked":["Ball Lightning","Steam","Gash"],"picked":"SKIP","floor":38.0},{"not_picked":["Darkness","Go for the Eyes"],"picked":"Coolheaded+1","floor":42.0},{"not_picked":["Mind Blast","Impatience"],"picked":"Purity","floor":45.0},{"not_picked":["Panache","Secret Weapon"],"picked":"Secret Technique","floor":45.0},{"not_picked":["Go for the Eyes+1","Scrape","Stack"],"picked":"SKIP","floor":46.0},{"not_picked":["Hologram","Fusion","Stack"],"picked":"SKIP","floor":47.0},{"not_picked":["Stack","Creative AI","Redo"],"picked":"SKIP","floor":55}],"player_experience":2071896,"relics_obtained":[{"floor":6.0,"key":"Meat on the Bone"},{"floor":9.0,"key":"Juzu Bracelet"},{"floor":13.0,"key":"Oddly Smooth Stone"},{"floor":19.0,"key":"Necronomicon"},{"floor":23.0,"key":"Happy Flower"},{"floor":26.0,"key":"Pen Nib"},{"floor":27.0,"key":"Omamori"},{"floor":30.0,"key":"Ornamental Fan"},{"floor":39.0,"key":"Anchor"},{"floor":41.0,"key":"Emotion Chip"},{"floor":55,"key":"Centennial Puzzle"}],"event_choices":[{"damage_healed":0.0,"max_hp_gain":0.0,"max_hp_loss":0.0,"gold_gain":0.0,"event_name":"Shining Light","player_choice":"Entered Light","floor":2.0,"gold_loss":0.0,"damage_taken":21.0,"cards_upgraded":["Skim","Defend_B"]},{"cards_removed":["Strike_B"],"damage_healed":0.0,"max_hp_gain":0.0,"max_hp_loss":0.0,"gold_gain":0.0,"event_name":"Purifier","player_choice":"Purged","floor":3.0,"gold_loss":0.0,"damage_taken":0.0},{"cards_removed":["Strike_B"],"damage_healed":0.0,"max_hp_gain":0.0,"max_hp_loss":0.0,"gold_gain":0.0,"event_name":"Bonfire Elementals","player_choice":"Offered Basic","floor":5.0,"gold_loss":0.0,"damage_taken":0.0},{"damage_healed":0.0,"max_hp_gain":0.0,"max_hp_loss":0.0,"gold_gain":0.0,"event_name":"Liars Game","player_choice":"Ignored","floor":11.0,"gold_loss":0.0,"damage_taken":0.0},{"damage_healed":0.0,"max_hp_gain":0.0,"max_hp_loss":0.0,"gold_gain":0.0,"event_name":"Cursed Tome","player_choice":"Obtained Book","floor":19.0,"gold_loss":0.0,"damage_taken":21.0},{"damage_healed":0.0,"max_hp_gain":0.0,"max_hp_loss":36.0,"gold_gain":0.0,"event_name":"Ghosts","player_choice":"Became a Ghost","floor":20.0,"gold_loss":0.0,"damage_taken":0.0,"cards_obtained":["Ghostly","Ghostly","Ghostly"]},{"cards_removed":["Defend_B"],"damage_healed":0.0,"max_hp_gain":0.0,"max_hp_loss":0.0,"gold_gain":0.0,"event_name":"Designer","player_choice":"Upgrade and Remove","floor":21.0,"gold_loss":110.0,"damage_taken":0.0,"cards_upgraded":["Undo"]},{"damage_healed":0.0,"max_hp_gain":0.0,"max_hp_loss":0.0,"gold_gain":0.0,"event_name":"The Mausoleum","player_choice":"Ignored","floor":25.0,"gold_loss":0.0,"damage_taken":0.0},{"cards_removed":["Defend_B"],"damage_healed":0.0,"max_hp_gain":0.0,"max_hp_loss":0.0,"gold_gain":0.0,"event_name":"Beggar","player_choice":"Gave Gold","floor":28.0,"gold_loss":75.0,"damage_taken":0.0},{"damage_healed":0.0,"max_hp_gain":0.0,"max_hp_loss":0.0,"gold_gain":999.0,"event_name":"MindBloom","player_choice":"Gold","floor":36.0,"gold_loss":0.0,"damage_taken":0.0,"cards_obtained":["Normality","Normality"]},{"damage_healed":0.0,"max_hp_gain":0.0,"max_hp_loss":0.0,"gold_gain":0.0,"event_name":"Mysterious Sphere","player_choice":"Fight","floor":41.0,"gold_loss":0.0,"damage_taken":0.0},{"damage_healed":0.0,"max_hp_gain":0.0,"max_hp_loss":0.0,"gold_gain":0.0,"event_name":"SensoryStone","player_choice":"Memory 3","floor":45.0,"gold_loss":0.0,"damage_taken":10.0},{"damage_healed":0.0,"max_hp_gain":0.0,"max_hp_loss":2.0,"gold_gain":0.0,"event_name":"Winding Halls","player_choice":"Max HP","floor":48.0,"gold_loss":0.0,"damage_taken":0.0}],"is_beta":false,"boss_relics":[{"not_picked":["FrozenCore","Empty Cage"],"picked":"Astrolabe"},{"not_picked":["Philosopher\u0027s Stone","Black Star"],"picked":"Inserter"}],"items_purged_floors":[37,44,54],"is_endless":false,"potions_floor_spawned":[1,6,13,14,18,22,30,31,35,38,41],"ascension_level":20}