{"gold_per_floor":[111,129,145,156,431,431,446,9,9,9,22,52,87,106,106,210,210,227,227,3,3,16,16,16],"floor_reached":24,"playtime":1434,"items_purged":["Regret"],"score":198,"play_id":"fd3207b4-0c12-4422-97cd-af944f7462a5","local_time":"20190721030304","is_ascension_mode":false,"campfire_choices":[{"data":"Dualcast","floor":6,"key":"SMITH"},{"floor":10,"key":"REST"},{"floor":15,"key":"REST"},{"floor":23,"key":"REST"}],"neow_cost":"NONE","seed_source_timestamp":879246574510000,"circlet_count":0,"master_deck":["Strike_B","Strike_B","Strike_B","Strike_B","Defend_B","Defend_B","Defend_B","Defend_B","Zap","Dualcast+1","Gash","Go for the Eyes","Capacitor","Reinforced Body","Sweeping Beam","Beam Cell","Cold Snap","Storm","Rainbow","Conserve Battery","Necronomicurse","Compile Driver+1"],"relics":["Cracked Core","NeowsBlessing","Sling","Pantograph","Thread and Needle","Pocketwatch","Black Star","Necronomicon","Bag of Preparation"],"potions_floor_usage":[7,14,16],"damage_taken":[{"damage":0,"enemies":"Cultist","floor":1,"turns":1},{"damage":0,"enemies":"Jaw Worm","floor":2,"turns":1},{"damage":0,"enemies":"2 Louse","floor":3,"turns":1},{"damage":12,"enemies":"Exordium Wildlife","floor":4,"turns":3},{"damage":21,"enemies":"Large Slime","floor":7,"turns":6},{"damage":15,"enemies":"Exordium Thugs","floor":11,"turns":4},{"damage":15,"enemies":"3 Sentries","floor":13,"turns":5},{"damage":0,"enemies":"2 Fungi Beasts","floor":14,"turns":2},{"damage":70,"enemies":"The Guardian","floor":16,"turns":13},{"damage":17,"enemies":"Chosen","floor":18,"turns":6},{"damage":33,"enemies":"2 Thieves","floor":22,"turns":5},{"damage":54,"enemies":"Gremlin Leader","floor":24,"turns":3}],"seed_played":"-9176057619419377564","potions_obtained":[{"floor":3,"key":"PowerPotion"},{"floor":7,"key":"SmokeBomb"},{"floor":11,"key":"Swift Potion"},{"floor":13,"key":"Swift Potion"}],"is_trial":false,"path_per_floor":["M","M","M","M","?","R","M","$","T","R","M","?","E","M","R","B",null,"M","?","$","?","M","R","E"],"character_chosen":"DEFECT","items_purchased":["Sling","Pantograph","Bag of Preparation"],"campfire_rested":3,"item_purchase_floors":[8,8,20],"current_hp_per_floor":[75,75,75,63,63,63,42,42,42,64,49,49,34,34,56,5,75,58,42,42,42,9,31,0],"gold":16,"neow_bonus":"THREE_ENEMY_KILL","is_prod":false,"is_daily":false,"chose_seed":false,"campfire_upgraded":1,"win_rate":0.0,"timestamp":1563696184,"path_taken":["M","?","M","M","?","R","M","$","T","R","?","?","E","M","R","BOSS","M","?","$","?","M","R","E"],"build_version":"2019-07-17","purchased_purges":1,"victory":false,"max_hp_per_floor":[75,75,75,75,75,75,75,75,75,75,75,75,75,75,75,75,75,75,75,75,75,75,75,75],"card_choices":[{"not_picked":["Compile Driver","Storm"],"picked":"Gash","floor":1},{"not_picked":["Barrage","FTL"],"picked":"Go for the Eyes","floor":2},{"not_picked":["White Noise","Blizzard"],"picked":"Capacitor","floor":3},{"not_picked":["Chaos","Compile Driver"],"picked":"Reinforced Body","floor":4},{"not_picked":["Glacier","Hello World"],"picked":"Sweeping Beam","floor":7},{"not_picked":["Streamline","Leap"],"picked":"Beam Cell","floor":11},{"not_picked":["Biased Cognition","Hologram"],"picked":"Cold Snap","floor":13},{"not_picked":["Cold Snap","Darkness"],"picked":"Storm","floor":14},{"not_picked":["Machine Learning","Seek"],"picked":"Rainbow","floor":16},{"not_picked":["Glacier","Coolheaded"],"picked":"Conserve Battery","floor":18},{"not_picked":["Self Repair","Cold Snap"],"picked":"Compile Driver+1","floor":22}],"player_experience":133382,"relics_obtained":[{"floor":9,"key":"Thread and Needle"},{"floor":13,"key":"Pocketwatch"},{"floor":19,"key":"Necronomicon"}],"event_choices":[{"damage_healed":0,"gold_gain":275,"player_choice":"Desecrate","damage_taken":0,"max_hp_gain":0,"max_hp_loss":0,"event_name":"Golden Shrine","floor":5,"gold_loss":0,"cards_obtained":["Regret"]},{"damage_healed":0,"gold_gain":30,"player_choice":"Searched \u00271\u0027 times","damage_taken":0,"max_hp_gain":0,"max_hp_loss":0,"event_name":"Dead Adventurer","floor":12,"gold_loss":0},{"damage_healed":0,"gold_gain":0,"player_choice":"Obtained Book","damage_taken":16,"max_hp_gain":0,"max_hp_loss":0,"event_name":"Cursed Tome","floor":19,"gold_loss":0},{"damage_healed":0,"gold_gain":0,"player_choice":"Ignored","damage_taken":0,"max_hp_gain":0,"max_hp_loss":0,"event_name":"Vampires","floor":21,"gold_loss":0}],"is_beta":false,"boss_relics":[{"not_picked":["Calling Bell","Astrolabe"],"picked":"Black Star"}],"items_purged_floors":[20],"is_endless":false,"potions_floor_spawned":[3,7,11,13],"killed_by":"Gremlin Leader","ascension_level":0}