{"gold_per_floor":[19,19,19,36,51,51,66,99,122,133,153,153,170,83,83,161,161,171,197,197,217,167,167,177,177,177,127,127,177,177],"floor_reached":30,"playtime":921,"items_purged":["Strike_R","Strike_R","Bash"],"score":460,"play_id":"cdeeb2cc-8f2d-4c4c-8c36-6ade6905ec67","local_time":"20190622130757","is_ascension_mode":true,"campfire_choices":[{"data":"Pommel Strike","floor":6.0,"key":"SMITH"},{"data":"Armaments","floor":12.0,"key":"SMITH"},{"data":"Inflame","floor":15.0,"key":"SMITH"},{"data":"Barricade","floor":23.0,"key":"SMITH"},{"data":"Second Wind","floor":25.0,"key":"SMITH"}],"neow_cost":"NO_GOLD","seed_source_timestamp":1719337387415798,"circlet_count":0,"master_deck":["AscendersBane","Strike_R","Defend_R","Defend_R","Defend_R","Defend_R","Metallicize","Intimidate","Pommel Strike+1","Spot Weakness","Shrug It Off","Armaments+1","Inflame+1","Second Wind+1","Barricade+1","Evolve","Ghostly","Ghostly","Ghostly"],"special_seed":0,"relics":["Burning Blood","Smiling Mask","Red Skull","Runic Dome","Red Mask","Champion Belt"],"potions_floor_usage":[],"damage_taken":[{"damage":1.0,"enemies":"Small Slimes","floor":1.0,"turns":4.0},{"damage":6.0,"enemies":"Cultist","floor":4.0,"turns":4.0},{"damage":4.0,"enemies":"2 Louse","floor":5.0,"turns":2.0},{"damage":9.0,"enemies":"Looter","floor":7.0,"turns":3.0},{"damage":33.0,"enemies":"Gremlin Nob","floor":8.0,"turns":4.0},{"damage":22.0,"enemies":"Exordium Wildlife","floor":10.0,"turns":8.0},{"damage":9.0,"enemies":"2 Fungi Beasts","floor":11.0,"turns":4.0},{"damage":2.0,"enemies":"Red Slaver","floor":13.0,"turns":5.0},{"damage":32.0,"enemies":"The Guardian","floor":16.0,"turns":12.0},{"damage":13.0,"enemies":"Shell Parasite","floor":18.0,"turns":6.0},{"damage":4.0,"enemies":"Masked Bandits","floor":19.0,"turns":3.0},{"damage":0.0,"enemies":"3 Byrds","floor":21.0,"turns":3.0},{"damage":7.0,"enemies":"Centurion and Healer","floor":24.0,"turns":8.0},{"damage":14.0,"enemies":"Colosseum Slavers","floor":28.0,"turns":9.0},{"damage":2,"enemies":"Cultist and Chosen","floor":30,"turns":5}],"seed_played":"-3848420773770516784","potions_obtained":[{"floor":7.0,"key":"Fire Potion"},{"floor":13.0,"key":"BloodPotion"},{"floor":16.0,"key":"AttackPotion"},{"floor":18.0,"key":"LiquidBronze"},{"floor":21.0,"key":"Strength Potion"}],"is_trial":false,"path_per_floor":["M","$","?","M","M","R","M","E","T","M","M","R","M","$","R","B",null,"M","?","?","M","$","R","M","R","T","$","?","?","M"],"character_chosen":"IRONCLAD","items_purchased":["Second Wind"],"campfire_rested":0,"item_purchase_floors":[14],"current_hp_per_floor":[73,73,75,75,75,75,72,45,45,29,26,26,30,30,30,11,59,52,54,37,37,37,37,36,36,36,36,28,25,23],"gold":177,"neow_bonus":"TRANSFORM_TWO_CARDS","is_prod":false,"is_daily":false,"chose_seed":false,"campfire_upgraded":5,"win_rate":0,"timestamp":1561180077,"path_taken":["M","$","?","M","M","R","M","E","T","M","M","R","?","$","R","BOSS","M","?","?","M","$","R","M","R","T","$","?","?","?"],"build_version":"2019-01-23","purchased_purges":3,"victory":false,"max_hp_per_floor":[75,75,75,75,75,75,75,75,75,75,75,75,75,75,75,75,75,75,75,37,37,37,37,37,37,37,37,37,37,37],"card_choices":[{"not_picked":["Thunderclap","Headbutt"],"picked":"Pommel Strike","floor":1.0},{"not_picked":["Sever Soul","Bloodletting","Clothesline"],"picked":"SKIP","floor":4.0},{"not_picked":["Twin Strike","Thunderclap"],"picked":"Spot Weakness","floor":5.0},{"not_picked":["Metallicize","Flame Barrier"],"picked":"Shrug It Off","floor":7.0},{"not_picked":["Brutality","Ghostly Armor"],"picked":"Armaments","floor":8.0},{"not_picked":["Rage","Clothesline","Headbutt"],"picked":"SKIP","floor":10.0},{"not_picked":["Iron Wave","Rage"],"picked":"Inflame","floor":11.0},{"not_picked":["Wild Strike","Rage","Sentinel"],"picked":"SKIP","floor":13.0},{"not_picked":["Immolate","Impervious"],"picked":"Barricade","floor":16.0},{"not_picked":["Seeing Red","Havoc"],"picked":"Evolve","floor":18.0},{"not_picked":["Sever Soul","Pommel Strike","Headbutt"],"picked":"SKIP","floor":21.0},{"not_picked":["Rupture","Clothesline","Dropkick"],"picked":"SKIP","floor":24.0}],"player_experience":1968354,"relics_obtained":[{"floor":8.0,"key":"Smiling Mask"},{"floor":9.0,"key":"Red Skull"},{"floor":19.0,"key":"Red Mask"},{"floor":26.0,"key":"Champion Belt"}],"event_choices":[{"damage_healed":2.0,"max_hp_gain":0.0,"max_hp_loss":0.0,"gold_gain":0.0,"event_name":"Wheel of Change","player_choice":"Full Heal","floor":3.0,"gold_loss":0.0,"damage_taken":0.0},{"damage_healed":0.0,"max_hp_gain":0.0,"max_hp_loss":0.0,"gold_gain":0.0,"event_name":"Masked Bandits","player_choice":"Fought Bandits","floor":19.0,"gold_loss":0.0,"damage_taken":0.0},{"damage_healed":0.0,"max_hp_gain":0.0,"max_hp_loss":38.0,"gold_gain":0.0,"event_name":"Ghosts","player_choice":"Became a Ghost","floor":20.0,"gold_loss":0.0,"damage_taken":0.0,"cards_obtained":["Ghostly","Ghostly","Ghostly"]},{"damage_healed":0.0,"max_hp_gain":0.0,"max_hp_loss":0.0,"gold_gain":0.0,"event_name":"Colosseum","player_choice":"Fight","floor":28.0,"gold_loss":0.0,"damage_taken":0.0},{"damage_healed":0.0,"max_hp_gain":0.0,"max_hp_loss":0.0,"gold_gain":0.0,"event_name":"Colosseum","player_choice":"Fled From Nobs","floor":28.0,"gold_loss":0.0,"damage_taken":0.0},{"damage_healed":0,"gold_gain":50,"player_choice":"Touch","damage_taken":3,"max_hp_gain":0,"max_hp_loss":0,"event_name":"FaceTrader","floor":29,"gold_loss":0}],"is_beta":false,"boss_relics":[{"not_picked":["Busted Crown","Tiny House"],"picked":"Runic Dome"}],"items_purged_floors":[14,22,27],"is_endless":false,"potions_floor_spawned":[7,13,16,18,21],"killed_by":"Cultist and Chosen","ascension_level":20}