{"gold_per_floor":[117,117,192,35,35,35,64,64,89,89,103,135,135,35,35,35],"floor_reached":16,"playtime":463,"items_purged":["Strike_G","Strike_G"],"score":226,"play_id":"c50dc21c-b6f1-4b6e-a217-54a393467cac","local_time":"20190802024614","is_ascension_mode":true,"campfire_choices":[{"data":"Leg Sweep","floor":6,"key":"SMITH"},{"data":"Leg Sweep","floor":8,"key":"SMITH"},{"floor":10,"key":"RECALL"},{"data":"Dagger Spray","floor":13,"key":"SMITH"},{"floor":15,"key":"REST"}],"neow_cost":"NONE","seed_source_timestamp":527417640517754,"circlet_count":0,"master_deck":["AscendersBane","Strike_G","Strike_G","Strike_G","Defend_G","Defend_G","Defend_G","Defend_G","Defend_G","Survivor","Neutralize","Leg Sweep+1","Finesse","Leg Sweep+1","Flying Knee","Dagger Spray+1"],"relics":["Ring of the Snake","NeowsBlessing","Anchor","Darkstone Periapt","Centennial Puzzle","PreservedInsect"],"potions_floor_usage":[16,16],"damage_taken":[{"damage":0,"enemies":"Small Slimes","floor":1,"turns":1},{"damage":0,"enemies":"3 Sentries","floor":7,"turns":1},{"damage":0,"enemies":"2 Louse","floor":11,"turns":2},{"damage":35,"enemies":"Lagavulin","floor":12,"turns":18},{"damage":34,"enemies":"Slime Boss","floor":16,"turns":20}],"seed_played":"-6818010199318498603","potions_obtained":[{"floor":7,"key":"GhostInAJar"},{"floor":11,"key":"Block Potion"}],"is_trial":false,"path_per_floor":["M","?","?","$","?","R","E","R","T","R","M","E","R","$","R","B"],"character_chosen":"THE_SILENT","items_purchased":["Finesse"],"campfire_rested":1,"item_purchase_floors":[4],"current_hp_per_floor":[59,64,53,53,42,42,42,42,42,42,42,7,7,7,28,0],"gold":35,"neow_bonus":"THREE_ENEMY_KILL","is_prod":false,"is_daily":false,"chose_seed":false,"campfire_upgraded":3,"win_rate":0,"timestamp":1564728374,"path_taken":["M","?","?","$","?","R","E","R","T","R","M","E","R","$","R","BOSS"],"build_version":"2019-07-17","purchased_purges":2,"victory":false,"max_hp_per_floor":[66,71,71,71,71,71,71,71,71,71,71,71,71,71,71,71],"card_choices":[{"not_picked":["Cloak And Dagger","Underhanded Strike"],"picked":"Leg Sweep","floor":1},{"not_picked":["Escape Plan","Heel Hook"],"picked":"Leg Sweep","floor":7},{"not_picked":["Accuracy","Dodge and Roll"],"picked":"Flying Knee","floor":11},{"not_picked":["Choke","Deflect"],"picked":"Dagger Spray","floor":12}],"player_experience":1644275,"relics_obtained":[{"floor":7,"key":"Darkstone Periapt"},{"floor":9,"key":"Centennial Puzzle"},{"floor":12,"key":"PreservedInsect"}],"event_choices":[{"damage_healed":0,"gold_gain":0,"player_choice":"Donut","damage_taken":0,"max_hp_gain":5,"max_hp_loss":0,"event_name":"Big Fish","floor":2,"gold_loss":0},{"damage_healed":0,"gold_gain":75,"player_choice":"Gather Gold","damage_taken":11,"max_hp_gain":0,"max_hp_loss":0,"event_name":"World of Goop","floor":3,"gold_loss":0},{"damage_healed":0,"gold_gain":0,"player_choice":"Success","damage_taken":11,"relics_obtained":["Anchor"],"max_hp_gain":0,"max_hp_loss":0,"event_name":"Scrap Ooze","floor":5,"gold_loss":0}],"is_beta":false,"boss_relics":[],"items_purged_floors":[4,14],"is_endless":false,"potions_floor_spawned":[7,11],"killed_by":"Slime Boss","ascension_level":15}