{"gold_per_floor":[362,375,450,464,172,172,97,118,168,498,498,498,498],"floor_reached":13,"playtime":320,"items_purged":["Strike_B"],"score":162,"play_id":"228ba572-3886-4ff3-b6df-6c47eb2d1f2d","local_time":"20190524180855","is_ascension_mode":true,"campfire_choices":[{"data":"Consume","floor":6,"key":"SMITH"},{"data":"Zap","floor":11,"key":"SMITH"}],"neow_cost":"PERCENT_DAMAGE","seed_source_timestamp":58843482645427,"circlet_count":0,"master_deck":["AscendersBane","Strike_B","Strike_B","Defend_B","Defend_B","Defend_B","Defend_B","Zap+1","Dualcast","Consume+1","Defragment","Capacitor","Coolheaded","Glacier","BootSequence"],"relics":["Cracked Core","Omamori","Odd Mushroom","Centennial Puzzle","Old Coin"],"potions_floor_usage":[8,13],"damage_taken":[{"damage":0,"enemies":"Cultist","floor":1,"turns":4},{"damage":6,"enemies":"2 Louse","floor":2,"turns":2},{"damage":10,"enemies":"Small Slimes","floor":4,"turns":3},{"damage":3,"enemies":"The Mushroom Lair","floor":8,"turns":7},{"damage":2,"enemies":"Lagavulin","floor":10,"turns":8},{"damage":20,"enemies":"Gremlin Nob","floor":13,"turns":6}],"seed_played":"508284550064587842","potions_obtained":[{"floor":1,"key":"SkillPotion"},{"floor":2,"key":"FocusPotion"}],"is_trial":false,"path_per_floor":["M","M","?","M","$","R","?","?","T","E","R","?","E"],"character_chosen":"DEFECT","items_purchased":["Coolheaded","Omamori"],"campfire_rested":0,"item_purchase_floors":[5,5],"current_hp_per_floor":[46,40,29,19,19,19,19,16,16,14,14,14,0],"gold":498,"neow_bonus":"TWO_FIFTY_GOLD","is_prod":false,"is_daily":false,"chose_seed":false,"campfire_upgraded":2,"win_rate":0,"timestamp":1558692535,"path_taken":["M","?","?","M","$","R","?","?","T","E","R","?","E"],"build_version":"2019-01-23","purchased_purges":1,"victory":false,"max_hp_per_floor":[71,71,71,71,71,71,71,71,71,71,71,71,71],"card_choices":[{"not_picked":["Self Repair","Loop"],"picked":"Consume","floor":1},{"not_picked":["Lockon","Stack"],"picked":"Defragment","floor":2},{"not_picked":["Ball Lightning","Sweeping Beam"],"picked":"Capacitor","floor":4},{"not_picked":["Stack","Doom and Gloom"],"picked":"Glacier","floor":8},{"not_picked":["Hyperbeam","Redo"],"picked":"BootSequence","floor":10}],"player_experience":1760110,"relics_obtained":[{"floor":8,"key":"Odd Mushroom"},{"floor":9,"key":"Centennial Puzzle"},{"floor":10,"key":"Old Coin"}],"event_choices":[{"damage_healed":0,"gold_gain":75,"player_choice":"Gather Gold","damage_taken":11,"max_hp_gain":0,"max_hp_loss":0,"event_name":"World of Goop","floor":3,"gold_loss":0},{"cards_removed":["Strike_B"],"damage_healed":0,"gold_gain":0,"player_choice":"Card Removal","damage_taken":0,"max_hp_gain":0,"max_hp_loss":0,"event_name":"The Cleric","floor":7,"gold_loss":75},{"damage_healed":0,"gold_gain":0,"player_choice":"Fought Mushrooms","damage_taken":0,"max_hp_gain":0,"max_hp_loss":0,"event_name":"Mushrooms","floor":8,"gold_loss":0},{"damage_healed":0,"gold_gain":0,"player_choice":"Ignored","damage_taken":0,"max_hp_gain":0,"max_hp_loss":0,"event_name":"Liars Game","floor":12,"gold_loss":0}],"is_beta":false,"boss_relics":[],"items_purged_floors":[5],"is_endless":false,"potions_floor_spawned":[1,2,4],"killed_by":"Gremlin Nob","ascension_level":20}