{"gold_per_floor":[114,124,45,57,70,70,95,95,95,125,125,183,203,88,88,165,165,176,176,156,33,44,44,60,60,139,139,153,43,43,71,71,149,149,168,27,27,38,54,54,88,108,134,134,167,167,197,0,0,0],"floor_reached":51,"playtime":2532,"items_purged":["Strike_R"],"score":1369,"play_id":"c7c40db6-b298-419c-8a85-5ed7013c8718","local_time":"20181008011504","is_ascension_mode":true,"campfire_choices":[{"data":"Uppercut","floor":6.0,"key":"SMITH"},{"data":"True Grit","floor":8,"key":"SMITH"},{"data":"Feed","floor":11,"key":"SMITH"},{"data":"Intimidate","floor":15,"key":"SMITH"},{"data":"Havoc","floor":23,"key":"SMITH"},{"data":"Warcry","floor":25,"key":"SMITH"},{"data":"Impervious","floor":27,"key":"SMITH"},{"data":"Bash","floor":30,"key":"SMITH"},{"floor":32,"key":"REST"},{"data":"Pommel Strike","floor":40,"key":"SMITH"},{"data":"Shrug It Off","floor":44,"key":"SMITH"},{"floor":49,"key":"REST"}],"neow_cost":"NONE","seed_source_timestamp":2017633298068328,"circlet_count":0,"master_deck":["Bash+1","AscendersBane","Pommel Strike+1","True Grit+1","Feed+1","Uppercut+1","Headbutt","Shrug It Off+1","Shrug It Off+1","Intimidate+1","Battle Trance","Evolve+1","Impervious+1","Headbutt","Thunderclap","Havoc+1","Pommel Strike+1","Headbutt","Shrug It Off","Feel No Pain+1","Warcry+1","Metallicize+1","Fire Breathing+1","Fire Breathing+1","Feel No Pain+1","Offering","Shrug It Off","Barricade+1","Power Through+1","Anger+1","Shrug It Off+1","Metallicize+1"],"special_seed":0,"relics":["Burning Blood","Boot","Bronze Scales","Frozen Egg 2","Mercury Hourglass","Bag of Marbles","Pandora\u0027s Box","Tiny Chest","Singing Bowl","Dream Catcher","Runic Dome","Shuriken","War Paint","Blue Candle","Juzu Bracelet","Kunai","Red Mask"],"potions_floor_usage":[10,12,16,24,33,50],"damage_taken":[{"damage":8.0,"enemies":"Jaw Worm","floor":1.0,"turns":4.0},{"damage":3.0,"enemies":"Small Slimes","floor":2.0,"turns":4.0},{"damage":5.0,"enemies":"2 Louse","floor":4.0,"turns":4.0},{"damage":6.0,"enemies":"Looter","floor":5.0,"turns":4.0},{"damage":45,"enemies":"3 Sentries","floor":7,"turns":10},{"damage":24,"enemies":"Gremlin Nob","floor":10,"turns":4},{"damage":6,"enemies":"Gremlin Nob","floor":12,"turns":3},{"damage":0,"enemies":"3 Louse","floor":13,"turns":3},{"damage":18,"enemies":"The Guardian","floor":16,"turns":11},{"damage":24,"enemies":"2 Thieves","floor":18,"turns":5},{"damage":0,"enemies":"3 Byrds","floor":22,"turns":3},{"damage":14,"enemies":"Snake Plant","floor":24,"turns":4},{"damage":31,"enemies":"Snecko","floor":28,"turns":6},{"damage":31,"enemies":"Slavers","floor":31,"turns":6},{"damage":25,"enemies":"Collector","floor":33,"turns":11},{"damage":8,"enemies":"3 Darklings","floor":35,"turns":5},{"damage":6,"enemies":"3 Shapes","floor":38,"turns":5},{"damage":6,"enemies":"Spire Growth","floor":39,"turns":8},{"damage":25,"enemies":"Nemesis","floor":41,"turns":9},{"damage":0,"enemies":"Reptomancer","floor":42,"turns":7},{"damage":16,"enemies":"2 Orb Walkers","floor":45,"turns":5},{"damage":23,"enemies":"Nemesis","floor":47,"turns":9},{"damage":9,"enemies":"Donu and Deca","floor":50,"turns":11}],"seed_played":"1490266752103184036","potions_obtained":[{"floor":4.0,"key":"Poison Potion"},{"floor":7,"key":"LiquidBronze"},{"floor":10,"key":"Strength Potion"},{"floor":12,"key":"AttackPotion"},{"floor":13,"key":"Explosive Potion"},{"floor":18,"key":"SpeedPotion"},{"floor":20,"key":"Regen Potion"},{"floor":24,"key":"LiquidBronze"},{"floor":31,"key":"Ancient Potion"},{"floor":35,"key":"Explosive Potion"},{"floor":39,"key":"Weak Potion"}],"is_trial":false,"path_per_floor":["M","M","$","M","M","R","E","R","T","E","R","?","M","$","R","B",null,"M","?","?","$","M","R","M","R","T","R","M","?","R","E","R","B",null,"M","$","?","M","M","R","E","M","T","R","E","T","E","?","R","B"],"character_chosen":"IRONCLAD","items_purchased":["Feed","Evolve+1","Tiny Chest","Barricade+1"],"campfire_rested":2,"item_purchase_floors":[3,14,21,36],"current_hp_per_floor":[66,69,69,73,76,76,37,37,37,19,19,19,25,25,25,17,68,54,54,54,54,60,60,61,61,61,61,36,36,36,11,38,19,75,73,73,73,77,79,79,64,76,76,76,70,70,53,53,88,89],"gold":0,"neow_bonus":"RANDOM_COMMON_RELIC","is_prod":false,"is_daily":false,"chose_seed":false,"campfire_upgraded":10,"win_rate":0,"timestamp":1538975704,"path_taken":["M","M","$","M","M","R","E","R","T","E","R","?","?","?","R","BOSS","M","?","?","$","?","R","M","R","T","R","M","?","R","E","R","BOSS","M","$","?","M","?","R","E","?","T","R","E","?","E","?","R","BOSS"],"build_version":"2018-10-04v2","purchased_purges":1,"victory":true,"max_hp_per_floor":[75,75,75,78,81,81,81,81,81,81,81,81,81,81,81,85,85,89,89,89,89,89,89,93,93,93,93,93,93,93,93,93,93,93,93,93,93,97,99,99,103,109,109,109,113,113,113,113,115,119],"card_choices":[{"not_picked":["True Grit","Flex"],"picked":"Pommel Strike","floor":1.0},{"not_picked":["Twin Strike","Burning Pact"],"picked":"True Grit","floor":2.0},{"not_picked":["Warcry","Armaments"],"picked":"Uppercut","floor":4.0},{"not_picked":["Bloodletting","Fire Breathing"],"picked":"Headbutt","floor":5.0},{"not_picked":["Perfected Strike","Power Through"],"picked":"Shrug It Off","floor":7},{"not_picked":["Infernal Blade","Disarm"],"picked":"Shrug It Off","floor":10},{"not_picked":["Clothesline","Hemokinesis"],"picked":"Intimidate","floor":12},{"not_picked":["Flex","Ghostly Armor"],"picked":"Battle Trance","floor":13},{"not_picked":["Fiend Fire","Bludgeon"],"picked":"Impervious","floor":16},{"not_picked":["Twin Strike","Shockwave"],"picked":"Warcry","floor":18},{"not_picked":["Clothesline","Perfected Strike+1"],"picked":"Fire Breathing+1","floor":22},{"not_picked":["Sword Boomerang+1","Evolve+1","Flex"],"picked":"SKIP","floor":24},{"not_picked":["Ghostly Armor","Perfected Strike+1"],"picked":"Limit Break","floor":28},{"not_picked":["Battle Trance","Wild Strike+1"],"picked":"Fire Breathing+1","floor":31},{"not_picked":["Havoc","Headbutt"],"picked":"Feel No Pain+1","floor":32},{"not_picked":["Limit Break","Fiend Fire"],"picked":"Offering","floor":33},{"not_picked":["Entrench","Body Slam"],"picked":"Shrug It Off","floor":35},{"not_picked":["Clash","Havoc"],"picked":"Power Through","floor":38},{"not_picked":["Flex","Sword Boomerang","Heavy Blade"],"picked":"Singing Bowl","floor":39},{"not_picked":["Iron Wave","Sever Soul"],"picked":"Anger+1","floor":41},{"not_picked":["Searing Blow","Iron Wave+1","Perfected Strike"],"picked":"Singing Bowl","floor":42},{"not_picked":["Clash+1","Blood for Blood"],"picked":"Shrug It Off+1","floor":45},{"not_picked":["Carnage","Dark Embrace+1"],"picked":"Metallicize+1","floor":47},{"not_picked":["Headbutt","Havoc","Dropkick"],"picked":"Singing Bowl","floor":49}],"player_experience":829834,"relics_obtained":[{"floor":7,"key":"Bronze Scales"},{"floor":9,"key":"Frozen Egg 2"},{"floor":10,"key":"Mercury Hourglass"},{"floor":12,"key":"Bag of Marbles"},{"floor":26,"key":"Singing Bowl"},{"floor":31,"key":"Dream Catcher"},{"floor":41,"key":"Shuriken"},{"floor":43,"key":"War Paint"},{"floor":45,"key":"Blue Candle"},{"floor":46,"key":"Juzu Bracelet"},{"floor":47,"key":"Kunai"}],"event_choices":[{"event_name":"Dead Adventurer","player_choice":"Searched \u00272\u0027 times","floor":12,"damage_taken":0},{"event_name":"The Library","player_choice":"Read","floor":19,"damage_taken":0},{"event_name":"The Woman in Blue","player_choice":"Bought 1 Potion","floor":20,"damage_taken":0},{"event_name":"Designer","player_choice":"Full Service","floor":29,"damage_taken":0},{"event_name":"Purifier","player_choice":"One Purge","floor":37,"damage_taken":0},{"event_name":"Tomb of Lord Red Mask","player_choice":"Paid","floor":48,"damage_taken":0}],"is_beta":false,"boss_relics":[{"not_picked":["Tiny House","Busted Crown"],"picked":"Pandora\u0027s Box"},{"not_picked":["White Beast Statue","Velvet Choker"],"picked":"Runic Dome"}],"items_purged_floors":[14],"is_endless":false,"potions_floor_spawned":[4,7,10,12,13,18,24,31,35,39,42],"ascension_level":15}