{"gold_per_floor":[110,129,204,379,379,419,437,437,437,458,316,316,331,130,130,254,254,274,298,194,212,232,232,247,280,280,280,301,315,315,355,355,484,484,504,99,124,140,164,164,180,180,180,201,201,534,430,444,444,444,444,444,144,144],"floor_reached":54,"playtime":6692,"items_purged":["Strike_B","Defend_B","Defend_B","Doubt","Self Repair","Chrysalis"],"score":713,"play_id":"d35123d4-4e97-4e4c-bce5-bd40d4974886","local_time":"20190804025230","is_ascension_mode":false,"campfire_choices":[{"floor":12,"key":"REST"},{"data":"Defragment","floor":15,"key":"SMITH"},{"floor":23,"key":"REST"},{"floor":27,"key":"REST"},{"floor":32,"key":"REST"},{"floor":40,"key":"RECALL"},{"floor":42,"key":"REST"},{"floor":49,"key":"REST"},{"data":"Buffer","floor":52,"key":"SMITH"}],"neow_cost":"NONE","seed_source_timestamp":174198474887157,"circlet_count":0,"master_deck":["Zap","Dualcast","Conserve Battery","Hologram","Buffer+1","Gash","Glacier","Defragment+1","Cold Snap","Hologram","All For One","Electrodynamics","Barrage+1","Amplify+1","Steam+1","Go for the Eyes","Stack+1","Gash","Reprogram","Gash","Creative AI","Capacitor","FTL","Auto Shields","FTL","All For One","FTL","Gash","Gash+1","Gash","Parasite","Secret Technique","Skim"],"relics":["Cracked Core","NeowsBlessing","Meat on the Bone","Smiling Mask","Astrolabe","Oddly Smooth Stone","Shuriken","Red Mask","Black Star","Question Card"],"potions_floor_usage":[16,25,33,33,50,50],"damage_taken":[{"damage":0,"enemies":"Jaw Worm","floor":1,"turns":1},{"damage":0,"enemies":"Small Slimes","floor":2,"turns":1},{"damage":0,"enemies":"Lagavulin","floor":6,"turns":1},{"damage":0,"enemies":"2 Louse","floor":7,"turns":3},{"damage":3,"enemies":"Looter","floor":10,"turns":3},{"damage":8,"enemies":"Exordium Wildlife","floor":13,"turns":9},{"damage":32,"enemies":"Slime Boss","floor":16,"turns":24},{"damage":0,"enemies":"Spheric Guardian","floor":18,"turns":7},{"damage":10,"enemies":"3 Byrds","floor":19,"turns":2},{"damage":0,"enemies":"Snecko","floor":21,"turns":7},{"damage":28,"enemies":"Snake Plant","floor":22,"turns":5},{"damage":13,"enemies":"Cultist and Chosen","floor":24,"turns":5},{"damage":34,"enemies":"Slavers","floor":25,"turns":5},{"damage":1,"enemies":"Centurion and Healer","floor":28,"turns":8},{"damage":29,"enemies":"Snake Plant","floor":29,"turns":5},{"damage":17,"enemies":"Masked Bandits","floor":31,"turns":5},{"damage":42,"enemies":"Collector","floor":33,"turns":7},{"damage":47,"enemies":"3 Darklings","floor":35,"turns":4},{"damage":14,"enemies":"Orb Walker","floor":37,"turns":7},{"damage":43,"enemies":"Sphere and 2 Shapes","floor":38,"turns":8},{"damage":7,"enemies":"4 Shapes","floor":39,"turns":9},{"damage":20,"enemies":"3 Darklings","floor":41,"turns":8},{"damage":0,"enemies":"Spire Growth","floor":44,"turns":3},{"damage":41,"enemies":"Writhing Mass","floor":48,"turns":7},{"damage":20,"enemies":"Awakened One","floor":50,"turns":11},{"damage":99,"enemies":"Shield and Spear","floor":54,"turns":6}],"seed_played":"4179182489466716186","potions_obtained":[{"floor":6,"key":"LiquidBronze"},{"floor":16,"key":"Energy Potion"},{"floor":18,"key":"Poison Potion"},{"floor":21,"key":"FocusPotion"},{"floor":25,"key":"Strength Potion"},{"floor":37,"key":"SkillPotion"},{"floor":38,"key":"FocusPotion"},{"floor":41,"key":"Block Potion"}],"is_trial":false,"path_per_floor":["M","M","?","?","?","E","M","T","T","M","$","R","M","$","R","B",null,"M","M","$","M","M","R","M","E","T","R","M","M","?","?","R","B",null,"M","$","M","M","M","R","M","R","T","M","?","?","$","M","R","B",null,"R","$","E"],"character_chosen":"DEFECT","items_purchased":["Defragment","Cold Snap","All For One","Gash","Self Repair","FTL","Chrysalis","Gash","Secret Technique","Skim"],"campfire_rested":6,"item_purchase_floors":[11,11,14,20,36,36,36,47,53,53],"current_hp_per_floor":[75,75,64,64,46,46,46,46,46,43,43,65,57,57,57,37,75,75,65,65,65,49,71,58,36,36,58,57,40,40,35,57,27,75,40,40,45,21,40,40,39,61,61,61,61,61,61,32,54,46,75,75,75,0],"gold":144,"neow_bonus":"THREE_ENEMY_KILL","is_prod":false,"is_daily":false,"chose_seed":false,"campfire_upgraded":2,"win_rate":0,"timestamp":1564879950,"path_taken":["M","M","?","?","?","E","M","?","T","M","$","R","M","$","R","BOSS","M","M","$","M","M","R","M","E","T","R","M","M","?","?","R","BOSS","M","$","M","M","M","R","M","R","T","M","?","?","?","?","R","BOSS","R","$","E"],"build_version":"2019-07-17","purchased_purges":6,"victory":false,"max_hp_per_floor":[75,75,75,75,75,75,75,75,75,75,75,75,75,75,75,75,75,75,75,75,75,75,75,75,75,75,75,75,75,75,75,75,75,75,75,75,75,75,75,75,75,75,75,75,75,75,75,75,75,75,75,75,75,75],"card_choices":[{"not_picked":["Storm","Turbo"],"picked":"Conserve Battery","floor":1},{"not_picked":["Steam Power","Beam Cell"],"picked":"Hologram","floor":2},{"not_picked":["Coolheaded","Compile Driver"],"picked":"Buffer","floor":6},{"not_picked":["Genetic Algorithm","Undo"],"picked":"Gash","floor":7},{"not_picked":["Doom and Gloom","Hologram"],"picked":"Glacier","floor":10},{"not_picked":["Force Field","Turbo"],"picked":"Hologram","floor":13},{"not_picked":["Amplify","Creative AI"],"picked":"Electrodynamics","floor":16},{"not_picked":["Steam Power","Genetic Algorithm"],"picked":"Go for the Eyes","floor":18},{"not_picked":["Conserve Battery","Fusion"],"picked":"Stack+1","floor":19},{"not_picked":["Turbo+1","Heatsinks"],"picked":"Reprogram","floor":21},{"not_picked":["Sweeping Beam","Consume+1"],"picked":"Gash","floor":22},{"not_picked":["Sweeping Beam","Go for the Eyes","Genetic Algorithm+1"],"picked":"SKIP","floor":24},{"not_picked":["Conserve Battery","Melter+1"],"picked":"Creative AI","floor":25},{"not_picked":["Steam","Hologram"],"picked":"Capacitor","floor":28},{"not_picked":["Leap","Conserve Battery+1"],"picked":"FTL","floor":29},{"not_picked":["Machine Learning","Creative AI"],"picked":"All For One","floor":33},{"not_picked":["Barrage+1","Static Discharge+1","Capacitor"],"picked":"SKIP","floor":35},{"not_picked":["Reinforced Body+1","Rebound+1","Cold Snap"],"picked":"SKIP","floor":37},{"not_picked":["Static Discharge+1","Hologram+1","Amplify"],"picked":"SKIP","floor":38},{"not_picked":["Auto Shields","Double Energy"],"picked":"Leap+1","floor":39},{"not_picked":["Sunder+1","Barrage"],"picked":"Gash","floor":41},{"not_picked":["Doom and Gloom","Storm","Loop"],"picked":"Gash+1","floor":44},{"not_picked":["Steam","Coolheaded+1","Self Repair","Force Field"],"picked":"SKIP","floor":48}],"player_experience":91031,"relics_obtained":[{"floor":6,"key":"Meat on the Bone"},{"floor":9,"key":"Smiling Mask"},{"floor":25,"key":"Oddly Smooth Stone"},{"floor":26,"key":"Shuriken"},{"floor":31,"key":"Red Mask"},{"floor":43,"key":"Question Card"}],"event_choices":[{"damage_healed":0,"gold_gain":75,"player_choice":"Gather Gold","damage_taken":11,"max_hp_gain":0,"max_hp_loss":0,"event_name":"World of Goop","floor":3,"gold_loss":0},{"damage_healed":0,"gold_gain":175,"player_choice":"AGREE","damage_taken":0,"max_hp_gain":0,"max_hp_loss":0,"event_name":"Liars Game","floor":4,"gold_loss":0,"cards_obtained":["Doubt"]},{"damage_healed":0,"gold_gain":0,"player_choice":"Take Damage","damage_taken":18,"relics_obtained":["Golden Idol"],"max_hp_gain":0,"max_hp_loss":0,"event_name":"Golden Idol","floor":5,"gold_loss":0},{"damage_healed":0,"gold_gain":0,"cards_transformed":["Defend_B","Strike_B"],"player_choice":"Became Test Subject","damage_taken":0,"max_hp_gain":0,"max_hp_loss":0,"event_name":"Drug Dealer","floor":30,"gold_loss":0,"cards_obtained":["Auto Shields","FTL"]},{"damage_healed":0,"gold_gain":0,"player_choice":"Fought Bandits","damage_taken":0,"max_hp_gain":0,"max_hp_loss":0,"event_name":"Masked Bandits","floor":31,"gold_loss":0},{"cards_removed":["Leap"],"damage_healed":0,"gold_gain":0,"player_choice":"Removed Skill","damage_taken":0,"max_hp_gain":0,"max_hp_loss":0,"event_name":"Falling","floor":45,"gold_loss":0},{"damage_healed":0,"gold_gain":333,"player_choice":"Gave Idol","damage_taken":0,"max_hp_gain":0,"max_hp_loss":0,"event_name":"The Moai Head","floor":46,"relics_lost":["Golden Idol"],"gold_loss":0}],"is_beta":false,"boss_relics":[{"not_picked":["Ectoplasm","Eternal Feather"],"picked":"Astrolabe"},{"not_picked":["Velvet Choker","Sozu"],"picked":"Black Star"}],"items_purged_floors":[11,14,20,36,47,53],"is_endless":false,"potions_floor_spawned":[6,16,18,21,25,28,37,38,41,44],"killed_by":"Shield and Spear","ascension_level":0}