{"gold_per_floor":[109,128,142,153,153,153,78,78,78,97,137,153,173,173,173,299,299,319,334,350,368,381,381,30,30,81,124,124,249,269,285,285,414,414,435,768,784,784,385,385,414,414,414,266,294,313,342,71,71,71],"floor_reached":51,"playtime":2603,"items_purged":["Strike_B","Strike_B","Strike_B"],"score":934,"play_id":"cb843c06-1485-42e3-a297-6e06274dd3ef","local_time":"20190805115615","is_ascension_mode":false,"campfire_choices":[{"data":"Recycle","floor":6.0,"key":"SMITH"},{"data":"Zap","floor":8.0,"key":"SMITH"},{"data":"Defragment","floor":15.0,"key":"SMITH"},{"data":"White Noise","floor":23.0,"key":"SMITH"},{"data":"Coolheaded","floor":25.0,"key":"SMITH"},{"data":"Deep Breath","floor":28.0,"key":"SMITH"},{"data":"Seek","floor":32.0,"key":"SMITH"},{"data":"Double Energy","floor":40.0,"key":"SMITH"},{"data":"Dualcast","floor":42.0,"key":"SMITH"},{"data":"Chaos","floor":49,"key":"SMITH"}],"neow_cost":"NONE","seed_source_timestamp":31651903374428,"circlet_count":0,"master_deck":["Defend_B","Defend_B","Defend_B","Defend_B","Zap+1","Dualcast+1","Echo Form","Recycle+1","Leap","Auto Shields","Leap","Ball Lightning","Double Energy+1","Defragment+1","Electrodynamics","Undo","Glacier","Conserve Battery+1","White Noise+1","Coolheaded+1","Deep Breath+1","Seek+1","Chill","Meteor Strike","Chaos+1"],"special_seed":0,"relics":["Cracked Core","Bottled Tornado","Letter Opener","Coffee Dripper","Bag of Preparation","Omamori","Blood Vial","Bird Faced Urn","Dodecahedron","Inserter","Mummified Hand","Dead Branch","Kunai","DataDisk","Symbiotic Virus","Regal Pillow","Anchor"],"potions_floor_usage":[50,50],"damage_taken":[{"damage":0.0,"enemies":"2 Louse","floor":1.0,"turns":2.0},{"damage":6.0,"enemies":"Jaw Worm","floor":2.0,"turns":4.0},{"damage":0.0,"enemies":"Cultist","floor":3.0,"turns":3.0},{"damage":0.0,"enemies":"3 Louse","floor":4.0,"turns":3.0},{"damage":3.0,"enemies":"2 Fungi Beasts","floor":10.0,"turns":4.0},{"damage":11.0,"enemies":"Gremlin Nob","floor":11.0,"turns":4.0},{"damage":0.0,"enemies":"Exordium Wildlife","floor":12.0,"turns":4.0},{"damage":1.0,"enemies":"Blue Slaver","floor":13.0,"turns":3.0},{"damage":3.0,"enemies":"The Guardian","floor":16.0,"turns":9.0},{"damage":5.0,"enemies":"Chosen","floor":18.0,"turns":4.0},{"damage":7.0,"enemies":"2 Thieves","floor":19.0,"turns":3.0},{"damage":3.0,"enemies":"Chosen and Byrds","floor":20.0,"turns":6.0},{"damage":0.0,"enemies":"3 Cultists","floor":21.0,"turns":3.0},{"damage":5.0,"enemies":"Centurion and Healer","floor":22.0,"turns":6.0},{"damage":24.0,"enemies":"Book of Stabbing","floor":27.0,"turns":4.0},{"damage":9.0,"enemies":"Colosseum Slavers","floor":29.0,"turns":4.0},{"damage":0.0,"enemies":"Colosseum Nobs","floor":29.0,"turns":2.0},{"damage":0.0,"enemies":"Shelled Parasite and Fungi","floor":30.0,"turns":5.0},{"damage":0.0,"enemies":"Sentry and Sphere","floor":31.0,"turns":4.0},{"damage":0.0,"enemies":"Collector","floor":33.0,"turns":8.0},{"damage":0.0,"enemies":"Orb Walker","floor":35.0,"turns":4.0},{"damage":1.0,"enemies":"3 Shapes","floor":37.0,"turns":4.0},{"damage":13.0,"enemies":"Reptomancer","floor":41.0,"turns":5.0},{"damage":0.0,"enemies":"Nemesis","floor":45.0,"turns":5.0},{"damage":0,"enemies":"Jaw Worm Horde","floor":46,"turns":3},{"damage":0,"enemies":"Giant Head","floor":47,"turns":8},{"damage":0,"enemies":"Awakened One","floor":50,"turns":11}],"seed_played":"-6405459835306908598","potions_obtained":[{"floor":1.0,"key":"Fire Potion"},{"floor":10.0,"key":"Fire Potion"},{"floor":11.0,"key":"Swift Potion"},{"floor":19.0,"key":"Block Potion"},{"floor":21.0,"key":"GamblersBrew"},{"floor":22.0,"key":"Explosive Potion"},{"floor":27.0,"key":"AttackPotion"},{"floor":29.0,"key":"LiquidBronze"},{"floor":37.0,"key":"Energy Potion"},{"floor":46,"key":"Poison Potion"},{"floor":47,"key":"PowerPotion"}],"is_trial":false,"path_per_floor":["M","M","M","M","?","R","$","R","T","M","E","M","M","?","R","B",null,"M","M","M","M","M","R","$","R","T","E","R","?","M","M","R","B",null,"M","?","M","?","$","R","E","R","T","$","E","M","E","$","R","B",null],"character_chosen":"DEFECT","items_purchased":["Bag of Preparation","Deep Breath","Mummified Hand","Meteor Strike","DataDisk","Anchor"],"campfire_rested":0,"item_purchase_floors":[24,24,39,39,44,48],"current_hp_per_floor":[75,69,69,69,69,69,69,69,69,66,55,55,54,54,54,51,69,64,57,54,54,49,49,49,49,49,25,25,20,32,46,46,69,69,69,69,69,66,66,66,53,53,53,53,66,66,66,66,66,66],"gold":71,"neow_bonus":"ONE_RANDOM_RARE_CARD","is_prod":false,"is_daily":false,"chose_seed":false,"campfire_upgraded":10,"win_rate":0,"timestamp":1564973775,"path_taken":["M","M","M","M","?","R","$","R","T","M","E","M","M","?","R","BOSS","M","M","M","?","M","R","$","R","T","E","R","?","M","M","R","BOSS","M","?","M","?","$","R","E","R","T","$","E","M","E","?","R","BOSS"],"build_version":"2019-07-17","purchased_purges":3,"victory":true,"max_hp_per_floor":[75,75,75,75,69,69,69,69,69,69,69,69,69,69,69,69,69,69,69,69,69,69,69,69,69,69,69,69,69,69,69,69,69,69,69,69,69,66,66,66,66,66,66,66,66,66,66,66,66,66],"card_choices":[{"not_picked":["Darkness","Stack"],"picked":"Recycle","floor":1.0},{"not_picked":["FTL","Rebound","Scrape"],"picked":"SKIP","floor":2.0},{"not_picked":["Streamline","Gash"],"picked":"Leap","floor":3.0},{"not_picked":["Skim","Recycle"],"picked":"Auto Shields","floor":4.0},{"not_picked":["Storm","Turbo"],"picked":"Leap","floor":10.0},{"not_picked":["Turbo","Sweeping Beam","Blizzard"],"picked":"SKIP","floor":11.0},{"not_picked":["Leap","Go for the Eyes"],"picked":"Ball Lightning","floor":12.0},{"not_picked":["Sweeping Beam","Steam"],"picked":"Double Energy","floor":13.0},{"not_picked":["Hyperbeam","Fission"],"picked":"Electrodynamics","floor":16.0},{"not_picked":["Ball Lightning","Reprogram"],"picked":"Undo","floor":18.0},{"not_picked":["Rebound","Beam Cell"],"picked":"Glacier","floor":19.0},{"not_picked":["Static Discharge","Turbo"],"picked":"Conserve Battery+1","floor":20.0},{"not_picked":["Consume","Reprogram"],"picked":"White Noise","floor":21.0},{"not_picked":["Redo","Steam"],"picked":"Coolheaded","floor":22.0},{"not_picked":["Skim","Redo","Turbo+1"],"picked":"SKIP","floor":27.0},{"not_picked":["Turbo","Gash+1"],"picked":"Seek","floor":29.0},{"not_picked":["Tempest+1","Sweeping Beam"],"picked":"Chill","floor":30.0},{"not_picked":["Sweeping Beam+1","Rip and Tear","Redo"],"picked":"SKIP","floor":31.0},{"not_picked":["Redo+1","Gash","Turbo"],"picked":"SKIP","floor":35.0},{"not_picked":["Force Field","Sweeping Beam","Rebound"],"picked":"SKIP","floor":37.0},{"not_picked":["Streamline+1","Buffer","Heatsinks"],"picked":"SKIP","floor":41.0},{"not_picked":["Hello World","Skim","Gash+1"],"picked":"SKIP","floor":45.0},{"not_picked":["Storm","Compile Driver+1"],"picked":"Chaos","floor":46},{"not_picked":["Rebound","Go for the Eyes+1","Heatsinks+1"],"picked":"SKIP","floor":47}],"player_experience":273029,"relics_obtained":[{"floor":9.0,"key":"Bottled Tornado"},{"floor":11.0,"key":"Letter Opener"},{"floor":26.0,"key":"Omamori"},{"floor":27.0,"key":"Blood Vial"},{"floor":29.0,"key":"Bird Faced Urn"},{"floor":29.0,"key":"Dodecahedron"},{"floor":41.0,"key":"Dead Branch"},{"floor":43.0,"key":"Kunai"},{"floor":45.0,"key":"Symbiotic Virus"},{"floor":47,"key":"Regal Pillow"}],"event_choices":[{"damage_healed":0.0,"max_hp_gain":0.0,"max_hp_loss":6.0,"gold_gain":0.0,"event_name":"Golden Idol","player_choice":"Lose Max HP","floor":5.0,"gold_loss":0.0,"damage_taken":0.0,"relics_obtained":["Golden Idol"]},{"damage_healed":0.0,"max_hp_gain":0.0,"max_hp_loss":0.0,"gold_gain":0.0,"cards_transformed":["Strike_B"],"event_name":"Transmorgrifier","player_choice":"Transformed","floor":14.0,"gold_loss":0.0,"damage_taken":0.0,"cards_obtained":["Defragment"]},{"damage_healed":0.0,"max_hp_gain":0.0,"max_hp_loss":0.0,"gold_gain":0.0,"event_name":"Colosseum","player_choice":"Fight","floor":29.0,"gold_loss":0.0,"damage_taken":0.0},{"damage_healed":0.0,"max_hp_gain":0.0,"max_hp_loss":0.0,"gold_gain":0.0,"event_name":"Colosseum","player_choice":"Fought Nobs","floor":29.0,"gold_loss":0.0,"damage_taken":0.0},{"damage_healed":0.0,"max_hp_gain":0.0,"max_hp_loss":0.0,"gold_gain":333.0,"event_name":"The Moai Head","player_choice":"Gave Idol","floor":36.0,"relics_lost":["Golden Idol"],"gold_loss":0.0,"damage_taken":0.0},{"damage_healed":0.0,"max_hp_gain":0.0,"max_hp_loss":3.0,"gold_gain":0.0,"event_name":"Winding Halls","player_choice":"Max HP","floor":38.0,"gold_loss":0.0,"damage_taken":0.0}],"is_beta":false,"boss_relics":[{"not_picked":["Cursed Key","Runic Pyramid"],"picked":"Coffee Dripper"},{"not_picked":["Eternal Feather","Black Star"],"picked":"Inserter"}],"items_purged_floors":[7,24,48],"is_endless":false,"potions_floor_spawned":[1,10,11,19,21,22,27,29,37,46,47],"ascension_level":0}