{"gold_per_floor":[111,126,126,136,311,311,311,330,381,59,72,72,84,118,118,218,218,232,245,60,60,60,87,87,87,133,133,150,162,189,199,199,303,303,322,322,322,69,69,69,85,120,120,120,131,131,131,148,148,148],"floor_reached":50,"playtime":1909,"items_purged":["Doubt","Pain"],"score":637,"play_id":"5093a5ab-8c2e-4a16-b9b3-f4e6c25ca589","local_time":"20190522110310","is_ascension_mode":true,"campfire_choices":[{"data":"Cleave","floor":7.0,"key":"SMITH"},{"floor":12.0,"key":"REST"},{"data":"Body Slam","floor":15.0,"key":"SMITH"},{"data":"Juggernaut","floor":25,"key":"SMITH"},{"data":"Body Slam","floor":27,"key":"SMITH"},{"floor":32,"key":"REST"},{"data":"Shrug It Off","floor":40,"key":"SMITH"},{"floor":44,"key":"REST"},{"floor":46,"key":"REST"},{"floor":49,"key":"REST"}],"neow_cost":"NONE","seed_source_timestamp":45995593679472,"circlet_count":0,"master_deck":["Strike_R","Strike_R","Strike_R","Strike_R","Defend_R+1","Defend_R","Defend_R","Defend_R+1","Bash","Juggernaut+1","Shrug It Off+1","Cleave+1","Body Slam+1","Shrug It Off","Flame Barrier","Juggernaut+1","Body Slam+1","Shrug It Off+1","Flame Barrier","Rage","Double Tap","Decay","Clumsy","Second Wind","Good Instincts","Seeing Red","True Grit+1"],"special_seed":0,"relics":["Burning Blood","Vajra","Self Forming Clay","Lantern","Lizard Tail","Bag of Preparation","Smiling Mask","Blood Vial","Strawberry","Juzu Bracelet","Calling Bell","Potion Belt","Pantograph","Du-Vu Doll","ClockworkSouvenir","War Paint","Darkstone Periapt","Unceasing Top"],"potions_floor_usage":[23,28,35,42,50,50],"damage_taken":[{"damage":16.0,"enemies":"Jaw Worm","floor":1.0,"turns":4.0},{"damage":3.0,"enemies":"Cultist","floor":2.0,"turns":4.0},{"damage":15.0,"enemies":"2 Louse","floor":4.0,"turns":2.0},{"damage":9.0,"enemies":"Large Slime","floor":8.0,"turns":6.0},{"damage":16.0,"enemies":"Exordium Thugs","floor":11.0,"turns":3.0},{"damage":3.0,"enemies":"Looter","floor":13.0,"turns":3.0},{"damage":25.0,"enemies":"Gremlin Nob","floor":14.0,"turns":4.0},{"damage":18.0,"enemies":"The Guardian","floor":16.0,"turns":10.0},{"damage":19.0,"enemies":"Chosen","floor":18.0,"turns":5.0},{"damage":11.0,"enemies":"Spheric Guardian","floor":19.0,"turns":3.0},{"damage":30,"enemies":"Gremlin Leader","floor":23,"turns":6},{"damage":28,"enemies":"Centurion and Healer","floor":28,"turns":8},{"damage":28,"enemies":"Snake Plant","floor":29,"turns":5},{"damage":2,"enemies":"Snecko","floor":31,"turns":4},{"damage":66,"enemies":"Automaton","floor":33,"turns":9},{"damage":6,"enemies":"Orb Walker","floor":35,"turns":3},{"damage":6,"enemies":"3 Shapes","floor":41,"turns":6},{"damage":78,"enemies":"Reptomancer","floor":42,"turns":7},{"damage":31,"enemies":"Spire Growth","floor":45,"turns":6},{"damage":15,"enemies":"4 Shapes","floor":48,"turns":7},{"damage":89,"enemies":"Awakened One","floor":50,"turns":5}],"seed_played":"3825274816138190656","potions_obtained":[{"floor":4.0,"key":"Strength Potion"},{"floor":8.0,"key":"SpeedPotion"},{"floor":11.0,"key":"Swift Potion"},{"floor":14.0,"key":"SpeedPotion"},{"floor":19.0,"key":"SkillPotion"},{"floor":23,"key":"SpeedPotion"},{"floor":33,"key":"EssenceOfSteel"},{"floor":41,"key":"Block Potion"},{"floor":48,"key":"LiquidBronze"}],"is_trial":false,"path_per_floor":["M","M","?","M","?","?","R","M","T","$","M","R","M","E","R","B",null,"M","M","$","?","?","E","?","R","T","R","M","M","T","M","R","B",null,"M","?","?","$","?","R","M","E","T","R","M","R","T","M","R","B"],"character_chosen":"IRONCLAD","items_purchased":["Self Forming Clay","Bag of Preparation","Flame Barrier","ClockworkSouvenir"],"campfire_rested":5,"item_purchase_floors":[10,20,20,38],"current_hp_per_floor":[62,65,65,56,56,56,56,53,53,53,43,67,70,51,51,39,70,57,52,52,52,52,28,54,54,61,61,41,21,21,27,53,49,78,80,80,80,80,80,80,82,12,12,38,15,41,41,34,60,0],"gold":148,"neow_bonus":"ONE_RANDOM_RARE_CARD","is_prod":false,"is_daily":false,"chose_seed":false,"campfire_upgraded":5,"win_rate":0,"timestamp":1558537390,"path_taken":["M","M","?","?","?","?","R","?","T","$","M","R","M","E","R","BOSS","M","M","$","?","?","E","?","R","T","R","?","M","?","M","R","BOSS","M","?","?","$","?","R","M","E","T","R","M","R","?","M","R","BOSS"],"build_version":"2019-01-23","purchased_purges":2,"victory":false,"max_hp_per_floor":[80,80,80,80,80,80,80,80,80,80,80,80,80,80,80,80,80,80,80,80,80,80,80,80,80,87,87,87,87,87,87,87,87,87,87,87,87,87,87,87,87,87,87,87,87,87,87,87,87,87],"card_choices":[{"not_picked":["Combust","Body Slam"],"picked":"Shrug It Off","floor":1.0},{"not_picked":["Burning Pact","Warcry"],"picked":"Cleave","floor":2.0},{"not_picked":["Shockwave","Battle Trance","Warcry"],"picked":"SKIP","floor":4.0},{"not_picked":["Battle Trance","Anger"],"picked":"Body Slam","floor":8.0},{"not_picked":["Cleave","Wild Strike"],"picked":"Shrug It Off","floor":11.0},{"not_picked":["Perfected Strike","Bloodletting","Flex"],"picked":"SKIP","floor":13.0},{"not_picked":["Infernal Blade","Intimidate"],"picked":"Flame Barrier","floor":14.0},{"not_picked":["Brutality","Reaper"],"picked":"Juggernaut","floor":16.0},{"not_picked":["Blood for Blood","Searing Blow"],"picked":"Body Slam","floor":18.0},{"not_picked":["Anger","Headbutt"],"picked":"Shrug It Off","floor":19.0},{"not_picked":["Clash","Combust"],"picked":"Rage","floor":23},{"not_picked":["Shrug It Off","Feel No Pain+1","Thunderclap"],"picked":"SKIP","floor":28},{"not_picked":["Sword Boomerang+1","Anger","Headbutt"],"picked":"SKIP","floor":29},{"not_picked":["Exhume","Armaments","Twin Strike"],"picked":"SKIP","floor":31},{"not_picked":["Demon Form","Limit Break"],"picked":"Double Tap","floor":33},{"not_picked":["Headbutt+1","Heavy Blade"],"picked":"Second Wind","floor":35},{"not_picked":["Impatience","Jack Of All Trades"],"picked":"Good Instincts","floor":39},{"not_picked":["True Grit","Clash+1"],"picked":"Seeing Red","floor":41},{"not_picked":["Warcry+1","Evolve+1","Second Wind"],"picked":"SKIP","floor":42},{"not_picked":["Cleave","Searing Blow"],"picked":"True Grit+1","floor":45},{"not_picked":["Dropkick+1","Second Wind","Battle Trance"],"picked":"SKIP","floor":48}],"player_experience":1021614,"relics_obtained":[{"floor":9.0,"key":"Vajra"},{"floor":14.0,"key":"Lantern"},{"floor":23,"key":"Blood Vial"},{"floor":26,"key":"Strawberry"},{"floor":30,"key":"Juzu Bracelet"},{"floor":34,"key":"Potion Belt"},{"floor":34,"key":"Pantograph"},{"floor":34,"key":"Du-Vu Doll"},{"floor":42,"key":"War Paint"},{"floor":43,"key":"Darkstone Periapt"},{"floor":47,"key":"Unceasing Top"}],"event_choices":[{"damage_healed":0.0,"max_hp_gain":0.0,"max_hp_loss":0.0,"gold_gain":0.0,"event_name":"Upgrade Shrine","player_choice":"Upgraded","floor":3.0,"gold_loss":0.0,"damage_taken":0.0,"cards_upgraded":["Juggernaut"]},{"damage_healed":0.0,"max_hp_gain":0.0,"max_hp_loss":0.0,"gold_gain":175.0,"event_name":"Liars Game","player_choice":"AGREE","floor":5.0,"gold_loss":0.0,"damage_taken":0.0,"cards_obtained":["Doubt"]},{"damage_healed":0.0,"max_hp_gain":0.0,"max_hp_loss":0.0,"gold_gain":0.0,"event_name":"Living Wall","player_choice":"Grow","floor":6.0,"gold_loss":0.0,"damage_taken":0.0,"cards_upgraded":["Shrug It Off"]},{"damage_healed":0.0,"max_hp_gain":0.0,"max_hp_loss":0.0,"gold_gain":0.0,"event_name":"The Mausoleum","player_choice":"Opened","floor":21.0,"gold_loss":0.0,"damage_taken":0.0,"relics_obtained":["Smiling Mask"]},{"damage_healed":0.0,"max_hp_gain":0.0,"max_hp_loss":0.0,"gold_gain":0.0,"event_name":"Ghosts","player_choice":"Ignored","floor":22.0,"gold_loss":0.0,"damage_taken":0.0},{"damage_healed":26,"gold_gain":0,"player_choice":"Heal","damage_taken":0,"max_hp_gain":0,"max_hp_loss":0,"event_name":"The Library","floor":24,"gold_loss":0},{"damage_healed":0,"gold_gain":0,"player_choice":"Ignored","damage_taken":0,"max_hp_gain":0,"max_hp_loss":0,"event_name":"SecretPortal","floor":36,"gold_loss":0},{"cards_removed":["Strike_R"],"damage_healed":0,"gold_gain":0,"player_choice":"Removed Attack","damage_taken":0,"max_hp_gain":0,"max_hp_loss":0,"event_name":"Falling","floor":37,"gold_loss":0},{"damage_healed":0,"gold_gain":0,"player_choice":"Memory 1","damage_taken":0,"max_hp_gain":0,"max_hp_loss":0,"event_name":"SensoryStone","floor":39,"gold_loss":0}],"is_beta":false,"boss_relics":[{"not_picked":["Fusion Hammer","White Beast Statue"],"picked":"Lizard Tail"},{"not_picked":["Runic Pyramid","Black Star"],"picked":"Calling Bell"}],"items_purged_floors":[10,38],"is_endless":false,"potions_floor_spawned":[4,8,11,14,19,23,33,41,48],"killed_by":"Awakened One","ascension_level":6}