{"gold_per_floor":[17,17,31,47,57,57,77,103,151,151,161,174,174,190,190,294,294,249],"floor_reached":18,"playtime":603,"items_purged":[],"score":277,"play_id":"a331d73b-cac6-4a7d-bccf-28985d46b77f","local_time":"20190701221808","is_ascension_mode":true,"campfire_choices":[{"data":"Infernal Blade","floor":6,"key":"SMITH"},{"floor":13,"key":"REST"},{"data":"Perfected Strike","floor":15,"key":"SMITH"}],"neow_cost":"NO_GOLD","seed_source_timestamp":74360682675228,"circlet_count":0,"master_deck":["Strike_R+1","Strike_R","Strike_R","Strike_R","Strike_R","Defend_R","Defend_R","Defend_R","Defend_R+1","Bash+1","Cleave","Infernal Blade+1","Fire Breathing","Fire Breathing","Cleave","Perfected Strike+1","Wild Strike","Double Tap"],"relics":["Burning Blood","Turnip","Thread and Needle","Art of War","Cursed Key"],"potions_floor_usage":[16,16,16],"damage_taken":[{"damage":3,"enemies":"2 Louse","floor":1,"turns":4},{"damage":15,"enemies":"Small Slimes","floor":3,"turns":4},{"damage":7,"enemies":"Jaw Worm","floor":4,"turns":3},{"damage":11,"enemies":"Blue Slaver","floor":5,"turns":3},{"damage":0,"enemies":"2 Fungi Beasts","floor":7,"turns":2},{"damage":0,"enemies":"Gremlin Nob","floor":8,"turns":2},{"damage":0,"enemies":"Large Slime","floor":11,"turns":5},{"damage":0,"enemies":"Exordium Wildlife","floor":12,"turns":2},{"damage":14,"enemies":"Blue Slaver","floor":14,"turns":3},{"damage":25,"enemies":"The Guardian","floor":16,"turns":10},{"damage":19,"enemies":"2 Thieves","floor":18,"turns":3}],"seed_played":"1140673338993308203","potions_obtained":[{"floor":1,"key":"Block Potion"},{"floor":3,"key":"SteroidPotion"},{"floor":5,"key":"PowerPotion"},{"floor":8,"key":"AttackPotion"}],"is_trial":false,"path_per_floor":["M","?","M","M","M","R","M","E","T","?","M","M","R","M","R","B",null,"M"],"character_chosen":"IRONCLAD","items_purchased":[],"campfire_rested":1,"item_purchase_floors":[],"current_hp_per_floor":[75,75,66,65,60,60,66,72,72,56,62,68,80,72,72,53,73,54],"gold":249,"neow_bonus":"ONE_RARE_RELIC","is_prod":false,"is_daily":false,"chose_seed":false,"campfire_upgraded":2,"win_rate":0,"timestamp":1562033888,"path_taken":["M","?","M","M","M","R","M","E","T","?","M","M","R","M","R","BOSS","M"],"build_version":"2019-07-01","purchased_purges":0,"victory":false,"max_hp_per_floor":[80,80,80,80,80,80,80,80,80,80,80,80,80,80,80,80,80,80],"card_choices":[{"not_picked":["Bloodletting","Thunderclap","True Grit"],"picked":"SKIP","floor":1},{"not_picked":["Warcry","Sentinel","Sword Boomerang"],"picked":"SKIP","floor":3},{"not_picked":["Iron Wave","Metallicize"],"picked":"Cleave","floor":4},{"not_picked":["Clash","Shrug It Off"],"picked":"Infernal Blade","floor":5},{"not_picked":["Blood for Blood","Cleave"],"picked":"Fire Breathing","floor":7},{"not_picked":["Offering","Havoc"],"picked":"Fire Breathing","floor":8},{"not_picked":["Battle Trance","Blood for Blood"],"picked":"Cleave","floor":11},{"not_picked":["Ghostly Armor","Sword Boomerang"],"picked":"Perfected Strike","floor":12},{"not_picked":["Armaments","Sword Boomerang"],"picked":"Wild Strike","floor":14},{"not_picked":["Exhume","Offering"],"picked":"Double Tap","floor":16}],"player_experience":1077438,"relics_obtained":[{"floor":8,"key":"Thread and Needle"},{"floor":9,"key":"Art of War"}],"event_choices":[{"damage_healed":0,"gold_gain":0,"player_choice":"Grow","damage_taken":0,"max_hp_gain":0,"max_hp_loss":0,"event_name":"Living Wall","floor":2,"gold_loss":0,"cards_upgraded":["Bash"]},{"damage_healed":0,"gold_gain":0,"player_choice":"Entered Light","damage_taken":16,"max_hp_gain":0,"max_hp_loss":0,"event_name":"Shining Light","floor":10,"gold_loss":0,"cards_upgraded":["Strike_R","Defend_R"]}],"is_beta":false,"boss_relics":[{"not_picked":["Orrery","Astrolabe"],"picked":"Cursed Key"}],"items_purged_floors":[],"is_endless":false,"potions_floor_spawned":[1,3,5,8,14],"killed_by":"2 Thieves","ascension_level":9}