{"gold_per_floor":[119,194,224,28,46,73,90,125,125,154,154,164,164,178,178,252,252,270,70,70,83,103,103,131,131,131,181,199,199,199,215,215,291,291,302,316,416,416,439,439,41,64,132,157,157,157,182,213,213,213,213,213,213,13,46,46],"floor_reached":57,"playtime":2699,"items_purged":["Strike_B","Defend_B","Rebound","Defend_B"],"score":2863,"play_id":"05537529-79d5-4b96-b265-773f1d735465","local_time":"20190721180110","is_ascension_mode":true,"campfire_choices":[{"data":"Sunder","floor":11.0,"key":"SMITH"},{"data":"Consume","floor":13.0,"key":"SMITH"},{"data":"Zap","floor":15.0,"key":"SMITH"},{"data":"Fission","floor":23.0,"key":"SMITH"},{"data":"Recycle","floor":25.0,"key":"SMITH"},{"data":"Turbo","floor":30.0,"key":"SMITH"},{"data":"Dualcast","floor":32.0,"key":"SMITH"},{"floor":40.0,"key":"RECALL"},{"data":"Heatsinks","floor":46.0,"key":"SMITH"},{"data":"Hologram","floor":49.0,"key":"SMITH"},{"data":"Echo Form","floor":53.0,"key":"SMITH"}],"neow_cost":"NONE","seed_source_timestamp":257278312012391,"circlet_count":0,"master_deck":["AscendersBane","Zap+1","Dualcast+1","Consume+1","Sunder+1","Glacier","Ball Lightning+1","Recycle+1","Hologram+1","Turbo+1","Rainbow","BootSequence+1","Fission+1","Storm+1","White Noise+1","Darkness+1","Compile Driver+1","Self Repair","Glacier","Heatsinks+1","Capacitor+1","Echo Form+1","Redo+1","Heatsinks+1","Coolheaded+1","All For One","Turbo+1","Defragment"],"special_seed":0,"relics":["Cracked Core","NeowsBlessing","Tiny Chest","Singing Bowl","Boot","Meat on the Bone","Potion Belt","Astrolabe","Whetstone","Ice Cream","Black Star","Mango","Lantern","The Courier","Bird Faced Urn","War Paint","Anchor","Question Card","PreservedInsect","Sundial","StoneCalendar"],"potions_floor_usage":[55,56,56],"damage_taken":[{"damage":0.0,"enemies":"Small Slimes","floor":1.0,"turns":1.0},{"damage":0.0,"enemies":"2 Louse","floor":5.0,"turns":1.0},{"damage":0.0,"enemies":"3 Sentries","floor":6.0,"turns":1.0},{"damage":4.0,"enemies":"Jaw Worm","floor":7.0,"turns":3.0},{"damage":32.0,"enemies":"Gremlin Nob","floor":8.0,"turns":4.0},{"damage":6.0,"enemies":"3 Sentries","floor":10.0,"turns":11.0},{"damage":5.0,"enemies":"2 Fungi Beasts","floor":12.0,"turns":2.0},{"damage":4.0,"enemies":"Exordium Thugs","floor":14.0,"turns":4.0},{"damage":19.0,"enemies":"Slime Boss","floor":16.0,"turns":6.0},{"damage":10.0,"enemies":"Spheric Guardian","floor":18.0,"turns":5.0},{"damage":18.0,"enemies":"Shell Parasite","floor":21.0,"turns":7.0},{"damage":20.0,"enemies":"3 Cultists","floor":22.0,"turns":6.0},{"damage":28.0,"enemies":"Slavers","floor":24.0,"turns":6.0},{"damage":0.0,"enemies":"Snecko","floor":28.0,"turns":4.0},{"damage":4.0,"enemies":"Centurion and Healer","floor":31.0,"turns":6.0},{"damage":35.0,"enemies":"Automaton","floor":33.0,"turns":9.0},{"damage":0.0,"enemies":"3 Darklings","floor":35.0,"turns":4.0},{"damage":5.0,"enemies":"3 Shapes","floor":36.0,"turns":3.0},{"damage":0.0,"enemies":"Mind Bloom Boss Battle","floor":37.0,"turns":6.0},{"damage":26.0,"enemies":"Reptomancer","floor":44.0,"turns":5.0},{"damage":0.0,"enemies":"Nemesis","floor":48.0,"turns":7.0},{"damage":51.0,"enemies":"Time Eater","floor":50.0,"turns":11.0},{"damage":56.0,"enemies":"Awakened One","floor":51.0,"turns":12.0},{"damage":45,"enemies":"Shield and Spear","floor":55,"turns":6},{"damage":62,"enemies":"The Heart","floor":56,"turns":8}],"seed_played":"4176468016633331140","potions_obtained":[{"floor":5.0,"key":"Block Potion"},{"floor":6.0,"key":"LiquidBronze"},{"floor":7.0,"key":"SkillPotion"},{"floor":22.0,"key":"Weak Potion"},{"floor":31.0,"key":"LiquidBronze"},{"floor":33.0,"key":"Swift Potion"},{"floor":35.0,"key":"Swift Potion"},{"floor":48.0,"key":"Strength Potion"},{"floor":55,"key":"Poison Potion"}],"is_trial":false,"path_per_floor":["M","?","?","$","M","E","M","E","T","E","R","M","R","M","R","B",null,"M","$","?","M","M","R","E","R","T","?","M","?","R","M","R","B",null,"M","M","?","?","T","R","$","T","T","E","?","R","T","E","R","B","B",null,"R","$","E","B",null],"character_chosen":"DEFECT","items_purchased":["Sunder","Glacier","SkillPotion","Self Repair","Coolheaded","All For One","FocusPotion","Energy Potion","Fire Potion","SpeedPotion"],"campfire_rested":0,"item_purchase_floors":[4,4,19,19,41,41,41,41,54,54],"current_hp_per_floor":[64,53,48,48,48,48,44,12,12,18,18,25,25,35,35,28,62,52,52,52,55,56,56,49,49,49,49,49,49,49,52,52,36,68,75,72,93,93,93,93,93,93,93,81,81,81,81,92,92,54,42,80,80,80,58,49],"gold":46,"neow_bonus":"THREE_ENEMY_KILL","is_prod":false,"is_daily":false,"chose_seed":false,"campfire_upgraded":10,"win_rate":0,"timestamp":1563703270,"path_taken":["M","?","?","$","M","E","M","E","T","E","R","M","R","M","R","BOSS","M","$","?","M","M","R","E","R","T","?","M","?","R","?","R","BOSS","M","M","?","?","?","R","$","?","T","E","?","R","?","E","R","BOSS","BOSS","R","$","E","BOSS"],"build_version":"2019-07-17","purchased_purges":4,"victory":true,"max_hp_per_floor":[71,71,71,71,71,71,71,71,71,71,71,71,71,73,73,73,73,73,73,73,75,77,77,79,79,79,79,79,79,79,79,79,79,79,79,81,95,95,95,95,95,95,95,95,90,90,90,92,92,92,92,92,92,92,92,92],"card_choices":[{"not_picked":["Redo","Leap"],"picked":"Consume","floor":1.0},{"not_picked":["Loop","Sunder"],"picked":"Ball Lightning","floor":5.0},{"not_picked":["Fusion","Reprogram"],"picked":"Recycle","floor":6.0},{"not_picked":["Loop","Compile Driver"],"picked":"Hologram","floor":7.0},{"not_picked":["Glacier","White Noise"],"picked":"Turbo","floor":8.0},{"not_picked":["Doom and Gloom","Hyperbeam"],"picked":"Rainbow","floor":10.0},{"not_picked":["Hologram","Turbo"],"picked":"BootSequence","floor":12.0},{"not_picked":["Storm","Steam","Leap"],"picked":"Singing Bowl","floor":14.0},{"not_picked":["Multi-Cast","Reboot"],"picked":"Fission","floor":16.0},{"not_picked":["Beam Cell","Gash"],"picked":"Compile Driver","floor":18.0},{"not_picked":["Blizzard","BootSequence","Static Discharge+1"],"picked":"Singing Bowl","floor":21.0},{"not_picked":["Chill","Auto Shields","Scrape"],"picked":"Singing Bowl","floor":22.0},{"not_picked":["Beam Cell","White Noise","Aggregate"],"picked":"Singing Bowl","floor":24.0},{"not_picked":["Rebound","Redo"],"picked":"Glacier","floor":28.0},{"not_picked":["Consume","Beam Cell"],"picked":"Capacitor+1","floor":31.0},{"not_picked":["Reboot","Multi-Cast"],"picked":"Echo Form","floor":33.0},{"not_picked":["Stack","Hologram"],"picked":"Redo+1","floor":35.0},{"not_picked":["Streamline","Beam Cell","Leap"],"picked":"Singing Bowl","floor":36.0},{"not_picked":["Sunder","Undo"],"picked":"Heatsinks+1","floor":37.0},{"not_picked":["Cold Snap","Coolheaded+1"],"picked":"Turbo+1","floor":44.0},{"not_picked":["Consume+1","BootSequence+1","Genetic Algorithm+1"],"picked":"Singing Bowl","floor":48.0},{"not_picked":["Leap","Cold Snap+1","Rebound"],"picked":"Defragment","floor":55}],"player_experience":2056389,"relics_obtained":[{"floor":6.0,"key":"Singing Bowl"},{"floor":8.0,"key":"Boot"},{"floor":9.0,"key":"Meat on the Bone"},{"floor":10.0,"key":"Potion Belt"},{"floor":24.0,"key":"Whetstone"},{"floor":26.0,"key":"Ice Cream"},{"floor":37.0,"key":"Mango"},{"floor":39.0,"key":"Lantern"},{"floor":43.0,"key":"The Courier"},{"floor":44.0,"key":"Bird Faced Urn"},{"floor":44.0,"key":"War Paint"},{"floor":47.0,"key":"Anchor"},{"floor":48.0,"key":"Question Card"},{"floor":48.0,"key":"PreservedInsect"},{"floor":55,"key":"Sundial"},{"floor":55,"key":"StoneCalendar"}],"event_choices":[{"damage_healed":0.0,"max_hp_gain":0.0,"max_hp_loss":0.0,"gold_gain":75.0,"event_name":"World of Goop","player_choice":"Gather Gold","floor":2.0,"gold_loss":0.0,"damage_taken":11.0},{"damage_healed":0.0,"max_hp_gain":0.0,"max_hp_loss":0.0,"gold_gain":0.0,"event_name":"Scrap Ooze","player_choice":"Success","floor":3.0,"gold_loss":0.0,"damage_taken":5.0,"relics_obtained":["Tiny Chest"]},{"damage_healed":0.0,"max_hp_gain":0.0,"max_hp_loss":0.0,"gold_gain":0.0,"event_name":"Vampires","player_choice":"Ignored","floor":20.0,"gold_loss":0.0,"damage_taken":0.0},{"damage_healed":0.0,"max_hp_gain":0.0,"max_hp_loss":0.0,"gold_gain":50.0,"event_name":"Nest","player_choice":"Stole From Cult","floor":27.0,"gold_loss":0.0,"damage_taken":0.0},{"damage_healed":0.0,"max_hp_gain":0.0,"max_hp_loss":0.0,"gold_gain":0.0,"cards_transformed":["Defend_B","Defend_B"],"event_name":"Drug Dealer","player_choice":"Became Test Subject","floor":29.0,"gold_loss":0.0,"damage_taken":0.0,"cards_obtained":["Heatsinks","Rebound"]},{"damage_healed":0.0,"max_hp_gain":0.0,"max_hp_loss":0.0,"gold_gain":0.0,"event_name":"MindBloom","player_choice":"Fight","floor":37.0,"gold_loss":0.0,"damage_taken":0.0},{"damage_healed":0.0,"max_hp_gain":0.0,"max_hp_loss":0.0,"gold_gain":0.0,"event_name":"Tomb of Lord Red Mask","player_choice":"Ignored","floor":38.0,"gold_loss":0.0,"damage_taken":0.0},{"damage_healed":0.0,"max_hp_gain":0.0,"max_hp_loss":5.0,"gold_gain":0.0,"event_name":"Winding Halls","player_choice":"Max HP","floor":45.0,"gold_loss":0.0,"damage_taken":0.0}],"is_beta":false,"boss_relics":[{"not_picked":["Philosopher\u0027s Stone","Sozu"],"picked":"Astrolabe"},{"not_picked":["Velvet Choker","Tiny House"],"picked":"Black Star"}],"items_purged_floors":[4,19,41,54],"is_endless":false,"potions_floor_spawned":[5,6,7,22,31,33,35,48,55],"ascension_level":20}