{"gold_per_floor":[215,215,89,106,6,6,56,71,150,164,174,234,234,263,263,340,340,359,409,419,419,1,1,16,16,16,16,16,16,36,47,47,121,121,136,136,148,148,62,97,97,111,111,111,125,125,50,66,66,66,66],"floor_reached":52,"playtime":2038,"items_purged":["Strike_R","Strike_R","Blood for Blood"],"score":1785,"play_id":"fb561a5d-620d-46b2-a5dc-018012d1798c","local_time":"20190601201640","is_ascension_mode":true,"campfire_choices":[{"data":"Armaments","floor":6.0,"key":"SMITH"},{"data":"Body Slam","floor":15.0,"key":"SMITH"},{"data":"Flex","floor":23.0,"key":"SMITH"},{"data":"Limit Break","floor":25.0,"key":"SMITH"},{"data":"Impervious","floor":27.0,"key":"SMITH"},{"data":"Pommel Strike","floor":29.0,"key":"SMITH"},{"data":"Evolve","floor":32.0,"key":"SMITH"},{"data":"Feel No Pain","floor":46,"key":"SMITH"},{"data":"Bloodletting","floor":49,"key":"SMITH"}],"neow_cost":"NONE","seed_source_timestamp":17328453225293,"circlet_count":0,"master_deck":["AscendersBane","Defend_R","Defend_R","Armaments+1","Evolve+1","Pommel Strike+1","Body Slam+1","Inflame+1","Impervious+1","Limit Break+1","Disarm+1","Flame Barrier+1","Exhume+1","Shockwave+1","Flex+1","Limit Break","Burning Pact","Feel No Pain+1","Bloodletting+1","Flash of Steel+1","Feel No Pain"],"special_seed":0,"relics":["Burning Blood","Ornamental Fan","Pantograph","Ginger","Strawberry","Astrolabe","OrangePellets","Molten Egg 2","Runic Pyramid","Anchor"],"potions_floor_usage":[],"damage_taken":[{"damage":2.0,"enemies":"Jaw Worm","floor":1.0,"turns":5.0},{"damage":2.0,"enemies":"Cultist","floor":4.0,"turns":4.0},{"damage":6.0,"enemies":"2 Louse","floor":8.0,"turns":4.0},{"damage":19.0,"enemies":"Lots of Slimes","floor":10.0,"turns":8.0},{"damage":14.0,"enemies":"Exordium Thugs","floor":11.0,"turns":5.0},{"damage":14.0,"enemies":"3 Sentries","floor":12.0,"turns":13.0},{"damage":30.0,"enemies":"Lagavulin","floor":14.0,"turns":7.0},{"damage":38.0,"enemies":"The Guardian","floor":16.0,"turns":14.0},{"damage":29.0,"enemies":"Spheric Guardian","floor":18.0,"turns":8.0},{"damage":6.0,"enemies":"3 Byrds","floor":20.0,"turns":8.0},{"damage":0.0,"enemies":"Cultist and Chosen","floor":24.0,"turns":8.0},{"damage":0.0,"enemies":"Chosen and Byrds","floor":30.0,"turns":6.0},{"damage":5.0,"enemies":"Snake Plant","floor":31.0,"turns":5.0},{"damage":40.0,"enemies":"Champ","floor":33.0,"turns":17.0},{"damage":17.0,"enemies":"Orb Walker","floor":35.0,"turns":4.0},{"damage":15.0,"enemies":"3 Shapes","floor":37.0,"turns":6.0},{"damage":41.0,"enemies":"Nemesis","floor":40.0,"turns":9.0},{"damage":5.0,"enemies":"Writhing Mass","floor":42.0,"turns":4.0},{"damage":6,"enemies":"Sphere and 2 Shapes","floor":45,"turns":6},{"damage":13,"enemies":"Spire Growth","floor":48,"turns":6},{"damage":18,"enemies":"Time Eater","floor":50,"turns":9},{"damage":36,"enemies":"Donu and Deca","floor":51,"turns":6}],"seed_played":"510435770447467687","potions_obtained":[{"floor":8.0,"key":"SpeedPotion"},{"floor":11.0,"key":"SteroidPotion"},{"floor":14.0,"key":"Block Potion"},{"floor":24.0,"key":"Dexterity Potion"},{"floor":31.0,"key":"FearPotion"}],"is_trial":false,"path_per_floor":["M","?","$","M","$","R","?","M","T","M","M","?","?","E","R","B",null,"M","?","M","?","$","R","M","R","T","R","?","R","M","M","R","B",null,"M","?","M","?","$","E","?","M","T","?","M","R","$","M","R","B","B",null],"character_chosen":"IRONCLAD","items_purchased":["Armaments","OrangePellets","GamblersBrew","Feel No Pain","Feel No Pain"],"campfire_rested":0,"item_purchase_floors":[3,22,22,39,47],"current_hp_per_floor":[72,37,37,41,41,41,41,41,41,28,20,12,37,20,20,13,65,42,34,34,34,34,34,40,40,40,40,40,40,46,47,47,38,71,60,60,51,51,51,16,67,67,67,67,67,67,67,60,60,55,37],"gold":66,"neow_bonus":"HUNDRED_GOLD","is_prod":false,"is_daily":false,"chose_seed":false,"campfire_upgraded":9,"win_rate":0,"timestamp":1559391400,"path_taken":["M","?","$","M","$","R","?","M","T","M","?","?","?","E","R","BOSS","M","?","?","?","$","R","M","R","T","R","?","R","M","?","R","BOSS","M","?","M","?","?","E","?","?","T","?","M","R","$","M","R","BOSS","BOSS"],"build_version":"2019-01-23","purchased_purges":3,"victory":true,"max_hp_per_floor":[75,75,75,75,75,75,75,75,75,75,75,75,75,82,82,82,82,82,82,82,82,82,82,82,82,82,82,82,82,82,82,82,82,82,82,82,82,82,82,82,67,67,67,67,67,67,67,67,67,67,67],"card_choices":[{"not_picked":["Thunderclap","Heavy Blade","Warcry"],"picked":"SKIP","floor":1.0},{"not_picked":["True Grit","Iron Wave"],"picked":"Evolve","floor":4.0},{"not_picked":["Evolve","Ghostly Armor","Heavy Blade"],"picked":"SKIP","floor":8.0},{"not_picked":["Metallicize","Clothesline"],"picked":"Pommel Strike","floor":10.0},{"not_picked":["Uppercut","Sword Boomerang"],"picked":"Body Slam","floor":11.0},{"not_picked":["Headbutt","Berserk"],"picked":"Inflame","floor":12.0},{"not_picked":["Headbutt","Corruption"],"picked":"Impervious","floor":14.0},{"not_picked":["Demon Form","Fiend Fire"],"picked":"Limit Break","floor":16.0},{"not_picked":["Havoc","Sword Boomerang","Armaments"],"picked":"SKIP","floor":18.0},{"not_picked":["Clothesline+1","Cleave+1"],"picked":"Shockwave+1","floor":20.0},{"not_picked":["Wild Strike","Thunderclap","Spot Weakness"],"picked":"SKIP","floor":24.0},{"not_picked":["Sentinel","Anger+1","Brutality"],"picked":"SKIP","floor":30.0},{"not_picked":["Thunderclap+1","Clothesline+1","Disarm"],"picked":"SKIP","floor":31.0},{"not_picked":["Dark Embrace","Demon Form"],"picked":"Limit Break","floor":33.0},{"not_picked":["Flame Barrier","Clash+1","Searing Blow+1"],"picked":"SKIP","floor":35.0},{"not_picked":["Dropkick+1","Power Through"],"picked":"Burning Pact","floor":37.0},{"not_picked":["Metallicize","Armaments"],"picked":"Bloodletting","floor":40.0},{"not_picked":["Blood for Blood+1","Perfected Strike+1","Evolve"],"picked":"SKIP","floor":42.0},{"not_picked":["Forethought","Violence"],"picked":"Flash of Steel+1","floor":44.0},{"not_picked":["Twin Strike+1","Warcry","Perfected Strike+1"],"picked":"SKIP","floor":45},{"not_picked":["Entrench","Pommel Strike+1","Anger+1"],"picked":"SKIP","floor":48}],"player_experience":1824049,"relics_obtained":[{"floor":9.0,"key":"Pantograph"},{"floor":12.0,"key":"Ginger"},{"floor":14.0,"key":"Strawberry"},{"floor":26.0,"key":"Molten Egg 2"},{"floor":40.0,"key":"Anchor"}],"event_choices":[{"damage_healed":0.0,"max_hp_gain":0.0,"max_hp_loss":0.0,"gold_gain":0.0,"event_name":"Scrap Ooze","player_choice":"Success","floor":2.0,"gold_loss":0.0,"damage_taken":35.0,"relics_obtained":["Ornamental Fan"]},{"damage_healed":0.0,"max_hp_gain":0.0,"max_hp_loss":0.0,"gold_gain":50.0,"event_name":"Golden Shrine","player_choice":"Pray","floor":7.0,"gold_loss":0.0,"damage_taken":0.0},{"damage_healed":0.0,"max_hp_gain":0.0,"max_hp_loss":0.0,"gold_gain":0.0,"event_name":"Dead Adventurer","player_choice":"Searched \u00271\u0027 times","floor":12.0,"gold_loss":0.0,"damage_taken":0.0},{"damage_healed":25.0,"max_hp_gain":0.0,"max_hp_loss":0.0,"gold_gain":0.0,"event_name":"Big Fish","player_choice":"Banana","floor":13.0,"gold_loss":0.0,"damage_taken":0.0},{"damage_healed":0.0,"max_hp_gain":0.0,"max_hp_loss":0.0,"gold_gain":50.0,"event_name":"FaceTrader","player_choice":"Touch","floor":19.0,"gold_loss":0.0,"damage_taken":8.0},{"damage_healed":0.0,"max_hp_gain":0.0,"max_hp_loss":0.0,"gold_gain":0.0,"cards_transformed":["Defend_R","Bash"],"event_name":"Drug Dealer","player_choice":"Became Test Subject","floor":21.0,"gold_loss":0.0,"damage_taken":0.0,"cards_obtained":["Blood for Blood","Flex"]},{"damage_healed":0.0,"max_hp_gain":0.0,"max_hp_loss":0.0,"gold_gain":0.0,"event_name":"Upgrade Shrine","player_choice":"Upgraded","floor":28.0,"gold_loss":0.0,"damage_taken":0.0,"cards_upgraded":["Inflame"]},{"damage_healed":0.0,"max_hp_gain":0.0,"max_hp_loss":0.0,"gold_gain":0.0,"event_name":"Mysterious Sphere","player_choice":"Ignored","floor":36.0,"gold_loss":0.0,"damage_taken":0.0},{"cards_removed":["Defend_R"],"damage_healed":0.0,"max_hp_gain":0.0,"max_hp_loss":0.0,"gold_gain":0.0,"event_name":"Falling","player_choice":"Removed Skill","floor":38.0,"gold_loss":0.0,"damage_taken":0.0},{"damage_healed":67.0,"max_hp_gain":0.0,"max_hp_loss":15.0,"gold_gain":0.0,"event_name":"The Moai Head","player_choice":"Heal","floor":41.0,"gold_loss":0.0,"damage_taken":0.0},{"damage_healed":0.0,"max_hp_gain":0.0,"max_hp_loss":0.0,"gold_gain":0.0,"event_name":"SensoryStone","player_choice":"Memory 1","floor":44.0,"gold_loss":0.0,"damage_taken":0.0}],"is_beta":false,"boss_relics":[{"not_picked":["Sozu","Cursed Key"],"picked":"Astrolabe"},{"not_picked":["Velvet Choker","Lizard Tail"],"picked":"Runic Pyramid"}],"items_purged_floors":[3,5,22],"is_endless":false,"potions_floor_spawned":[8,11,14,24,31,33,35,40,42,48],"ascension_level":20}