{"gold_per_floor":[111,128,148,167,42,42,42,42,42,42,55,13,13,25,25,102,102,122,141,121,137,147,147,147,147,147,147,19,19,37,50,50,128,128,141,158,158],"floor_reached":37,"playtime":984,"items_purged":["Strike_B"],"score":780,"play_id":"46d63247-2f5b-4387-a707-416d67594fe5","local_time":"20190719161757","is_ascension_mode":true,"campfire_choices":[{"data":"Darkness","floor":6.0,"key":"SMITH"},{"data":"Dualcast","floor":13.0,"key":"SMITH"},{"data":"Redo","floor":15.0,"key":"SMITH"},{"data":"Fission","floor":23.0,"key":"SMITH"},{"data":"Coolheaded","floor":25.0,"key":"SMITH"},{"data":"Defragment","floor":27.0,"key":"SMITH"},{"data":"Coolheaded","floor":32,"key":"SMITH"}],"neow_cost":"PERCENT_DAMAGE","seed_source_timestamp":80284878872476,"circlet_count":0,"master_deck":["AscendersBane","Defend_B","Defend_B","Defend_B","Zap","Dualcast+1","Rip and Tear","Lockon","Darkness+1","Redo+1","Cold Snap","Coolheaded+1","White Noise","Chill","Fission+1","Sunder+1","Defragment+1","Cold Snap+1","Stack","Defragment","Coolheaded+1","Electrodynamics","Turbo","Echo Form","Chaos"],"special_seed":0,"relics":["FrozenCore","Molten Egg 2","Coffee Dripper","PreservedInsect"],"potions_floor_usage":[30,33,35],"damage_taken":[{"damage":1.0,"enemies":"Cultist","floor":1.0,"turns":4.0},{"damage":0.0,"enemies":"Jaw Worm","floor":2.0,"turns":3.0},{"damage":10.0,"enemies":"Small Slimes","floor":3.0,"turns":3.0},{"damage":11.0,"enemies":"2 Fungi Beasts","floor":4.0,"turns":3.0},{"damage":0.0,"enemies":"Exordium Thugs","floor":7.0,"turns":1.0},{"damage":11.0,"enemies":"Red Slaver","floor":11.0,"turns":3.0},{"damage":0.0,"enemies":"2 Fungi Beasts","floor":14.0,"turns":3.0},{"damage":4.0,"enemies":"Slime Boss","floor":16.0,"turns":9.0},{"damage":13.0,"enemies":"3 Byrds","floor":18.0,"turns":6.0},{"damage":9.0,"enemies":"Shell Parasite","floor":19.0,"turns":4.0},{"damage":9.0,"enemies":"3 Cultists","floor":21.0,"turns":5.0},{"damage":26.0,"enemies":"Snake Plant","floor":22.0,"turns":3.0},{"damage":2,"enemies":"Centurion and Healer","floor":30,"turns":6},{"damage":0,"enemies":"Sentry and Sphere","floor":31,"turns":3},{"damage":13,"enemies":"Champ","floor":33,"turns":10},{"damage":8,"enemies":"3 Darklings","floor":35,"turns":4},{"damage":15,"enemies":"3 Shapes","floor":36,"turns":5},{"damage":0,"enemies":"2 Orb Walkers","floor":37,"turns":1}],"seed_played":"-8113036952897268610","potions_obtained":[{"floor":1.0,"key":"SmokeBomb"},{"floor":2.0,"key":"FocusPotion"},{"floor":11.0,"key":"GamblersBrew"},{"floor":18.0,"key":"PowerPotion"},{"floor":20.0,"key":"Fruit Juice"},{"floor":22.0,"key":"Regen Potion"},{"floor":31,"key":"Explosive Potion"},{"floor":35,"key":"Ancient Potion"}],"is_trial":false,"path_per_floor":["M","M","M","M","$","R","M","?","T","$","M","$","R","M","R","B",null,"M","M","?","M","M","R","?","R","T","R","$","?","M","M","R","B",null,"M","M","?"],"character_chosen":"DEFECT","items_purchased":["Cold Snap","White Noise","Defragment","Coolheaded"],"campfire_rested":0,"item_purchase_floors":[5,12,28,28],"current_hp_per_floor":[45,45,35,24,24,24,24,24,24,24,13,13,13,13,13,9,56,43,34,39,30,4,4,4,4,4,4,4,4,16,16,16,3,58,50,35,35],"gold":158,"neow_bonus":"REMOVE_TWO","is_prod":false,"is_daily":false,"chose_seed":false,"campfire_upgraded":7,"win_rate":0,"timestamp":1563524277,"path_taken":["M","?","M","M","$","R","?","?","T","?","?","?","R","M","R","BOSS","M","M","?","M","?","R","?","R","T","R","$","?","M","?","R","BOSS","M","M","?"],"build_version":"2019-07-17","purchased_purges":1,"victory":false,"max_hp_per_floor":[71,71,71,71,71,71,71,71,71,71,71,71,71,71,71,71,71,71,71,76,76,76,76,76,76,76,76,76,76,76,76,76,76,76,76,76,76],"card_choices":[{"not_picked":["Redo","Go for the Eyes"],"picked":"Rip and Tear","floor":1.0},{"not_picked":["Streamline","Tempest"],"picked":"Lockon","floor":2.0},{"not_picked":["Redo","Self Repair"],"picked":"Darkness","floor":3.0},{"not_picked":["Force Field","Gash"],"picked":"Redo","floor":4.0},{"not_picked":["Lockon+1","Conserve Battery"],"picked":"Coolheaded","floor":11.0},{"not_picked":["Reinforced Body","Redo"],"picked":"Chill","floor":14.0},{"not_picked":["Rainbow","Hyperbeam+1"],"picked":"Fission","floor":16.0},{"not_picked":["Streamline+1","Tempest"],"picked":"Sunder+1","floor":18.0},{"not_picked":["Go for the Eyes+1","Sweeping Beam+1"],"picked":"Defragment","floor":19.0},{"not_picked":["Redo+1","Stack","Gash+1"],"picked":"SKIP","floor":21.0},{"not_picked":["Hello World","Reprogram","Sweeping Beam+1"],"picked":"SKIP","floor":22.0},{"not_picked":["Hello World","Compile Driver+1"],"picked":"Turbo","floor":30},{"not_picked":["Rebound+1","Aggregate","Steam"],"picked":"SKIP","floor":31},{"not_picked":["Amplify","Core Surge+1"],"picked":"Echo Form","floor":33},{"not_picked":["Scrape+1","Redo+1","FTL+1"],"picked":"SKIP","floor":35},{"not_picked":["Sweeping Beam+1","Hologram"],"picked":"Chaos","floor":36}],"player_experience":2038613,"relics_obtained":[{"floor":9.0,"key":"Molten Egg 2"},{"floor":26.0,"key":"PreservedInsect"}],"event_choices":[{"damage_healed":0.0,"max_hp_gain":0.0,"max_hp_loss":0.0,"gold_gain":0.0,"event_name":"The Cleric","player_choice":"Leave","floor":8.0,"gold_loss":0.0,"damage_taken":0.0},{"damage_healed":0.0,"max_hp_gain":0.0,"max_hp_loss":0.0,"gold_gain":0.0,"event_name":"The Woman in Blue","player_choice":"Bought 1 Potion","floor":20.0,"gold_loss":0.0,"damage_taken":0.0},{"damage_healed":0.0,"max_hp_gain":0.0,"max_hp_loss":0.0,"gold_gain":0.0,"cards_transformed":["Strike_B","Defend_B"],"event_name":"Drug Dealer","player_choice":"Became Test Subject","floor":24.0,"gold_loss":0.0,"damage_taken":0.0,"cards_obtained":["Cold Snap","Stack"]},{"damage_healed":0,"gold_gain":0,"player_choice":"1 cards matched","damage_taken":0,"max_hp_gain":0,"max_hp_loss":0,"event_name":"Match and Keep!","floor":29,"gold_loss":0,"cards_obtained":["Electrodynamics"]},{"damage_healed":0,"gold_gain":0,"player_choice":"Fight","damage_taken":0,"max_hp_gain":0,"max_hp_loss":0,"event_name":"Mysterious Sphere","floor":37,"gold_loss":0}],"is_beta":false,"boss_relics":[{"not_picked":["Cursed Key","Tiny House"],"picked":"Coffee Dripper"},{"not_picked":["Fusion Hammer","Sozu"],"picked":"FrozenCore"}],"items_purged_floors":[5],"is_endless":false,"potions_floor_spawned":[1,2,11,18,22,31,35],"killed_by":"2 Orb Walkers","ascension_level":20}