{"gold_per_floor":[109,109,123,98,117,144,155,64,64,97,73,73,108,283,283,283],"floor_reached":16,"playtime":850,"items_purged":[],"score":148,"play_id":"b74b65e9-428c-4c21-9d43-47e8e52c673f","local_time":"20180722153129","is_ascension_mode":true,"campfire_choices":[{"data":"Dualcast","floor":12,"key":"SMITH"},{"floor":15,"key":"REST"}],"neow_cost":"","seed_source_timestamp":89201885613397,"circlet_count":0,"master_deck":["Strike_B","Strike_B","Strike_B","Strike_B","Defend_B","Defend_B","Defend_B","Defend_B","Zap","Dualcast+1","Redo","Redo","Rebound","Fusion","Rainbow","Ball Lightning","Sunder","Conserve Battery","Biased Cognition","Turbo","Self Repair","Doubt"],"relics":["Cracked Core","Pear","Mummified Hand","Meat on the Bone","Emotion Chip"],"potions_floor_usage":[10,10],"damage_taken":[{"damage":0,"enemies":"2 Louse","floor":1,"turns":2},{"damage":1,"enemies":"Cultist","floor":3,"turns":3},{"damage":4,"enemies":"Small Slimes","floor":5,"turns":3},{"damage":39,"enemies":"3 Sentries","floor":6,"turns":7},{"damage":4,"enemies":"3 Louse","floor":7,"turns":3},{"damage":8,"enemies":"Lagavulin","floor":10,"turns":5},{"damage":15,"enemies":"3 Sentries","floor":13,"turns":4},{"damage":56,"enemies":"Hexaghost","floor":16,"turns":9}],"seed_played":"68367110274231783","potions_obtained":[{"floor":5,"key":"Poison Potion"},{"floor":7,"key":"Weak Potion"},{"floor":13,"key":"Ancient Potion"}],"is_trial":false,"path_per_floor":["M","?","M","$","M","E","M","$","T","E","$","R","E","?","R"],"character_chosen":"DEFECT","items_purchased":["Rebound","Sunder","Conserve Battery","Turbo"],"campfire_rested":1,"item_purchase_floors":[4,8,8,11],"current_hp_per_floor":[75,75,74,74,70,41,37,37,37,29,29,29,26,26,51,0],"gold":283,"neow_bonus":"","is_prod":false,"is_daily":false,"chose_seed":false,"campfire_upgraded":1,"win_rate":0,"timestamp":1532287889,"path_taken":["M","?","?","$","M","E","M","?","T","E","$","R","E","?","R","BOSS"],"build_version":"2018-07-19v2","purchased_purges":0,"victory":false,"max_hp_per_floor":[75,75,75,75,75,85,85,85,85,85,85,85,85,85,85,85],"card_choices":[{"not_picked":["Barrage","Steam"],"picked":"Redo","floor":1},{"not_picked":["Darkness","Beam Cell"],"picked":"Redo","floor":3},{"not_picked":["Redo","Turbo"],"picked":"Fusion","floor":5},{"not_picked":["Buffer","Redo"],"picked":"Rainbow","floor":6},{"not_picked":["Streamline","Stack"],"picked":"Ball Lightning","floor":7},{"not_picked":["Darkness","White Noise"],"picked":"Biased Cognition","floor":10},{"not_picked":["Consume","Conserve Battery"],"picked":"Self Repair","floor":13}],"player_experience":236520,"relics_obtained":[{"floor":6,"key":"Pear"},{"floor":9,"key":"Mummified Hand"},{"floor":10,"key":"Meat on the Bone"},{"floor":13,"key":"Emotion Chip"}],"event_choices":[{"event_name":"The Cleric","player_choice":"Leave","floor":2,"damage_taken":0},{"event_name":"Liars Game","player_choice":"agreed","floor":14,"damage_taken":0}],"is_beta":false,"boss_relics":[],"items_purged_floors":[],"is_endless":false,"potions_floor_spawned":[5,7,13],"killed_by":"Hexaghost","ascension_level":5}