{"gold_per_floor":[115,130,146,2,0,29,40,40,88,115,115,127,127,139,139,139],"floor_reached":16,"playtime":1464,"items_purged":[],"score":143,"play_id":"a4dc34f9-2279-4803-9a9f-b56e73daaa04","local_time":"20190709225013","is_ascension_mode":true,"campfire_choices":[{"data":"Thunderclap","floor":8,"key":"SMITH"},{"floor":11,"key":"REST"},{"data":"Whirlwind","floor":15,"key":"SMITH"}],"neow_cost":"PERCENT_DAMAGE","seed_source_timestamp":152241487342800,"circlet_count":0,"master_deck":["Strike_R","Strike_R","Strike_R","Strike_R","Strike_R","Defend_R","Defend_R","Defend_R","Defend_R","Bash","Inflame","Thunderclap+1","Flex","Whirlwind+1","Flame Barrier+1","Twin Strike"],"relics":["Burning Blood","Red Skull","Kunai","Pen Nib","Lantern"],"potions_floor_usage":[6,10,12],"damage_taken":[{"damage":0,"enemies":"2 Louse","floor":1,"turns":4},{"damage":10,"enemies":"Small Slimes","floor":2,"turns":4},{"damage":9,"enemies":"Jaw Worm","floor":3,"turns":4},{"damage":29,"enemies":"3 Sentries","floor":6,"turns":7},{"damage":10,"enemies":"Exordium Thugs","floor":7,"turns":4},{"damage":18,"enemies":"Lagavulin","floor":10,"turns":5},{"damage":35,"enemies":"Large Slime","floor":12,"turns":6},{"damage":0,"enemies":"Exordium Wildlife","floor":14,"turns":1},{"damage":50,"enemies":"Slime Boss","floor":16,"turns":7}],"seed_played":"-7576353886604133752","potions_obtained":[{"floor":1,"key":"LiquidBronze"},{"floor":3,"key":"Poison Potion"},{"floor":10,"key":"Regen Potion"}],"is_trial":false,"path_per_floor":["M","M","M","$","?","E","M","R","T","E","R","M","?","M","R","B"],"character_chosen":"IRONCLAD","items_purchased":["Red Skull"],"campfire_rested":1,"item_purchase_floors":[4],"current_hp_per_floor":[78,74,71,71,71,48,44,44,44,32,60,43,43,49,49,0],"gold":139,"neow_bonus":"TWENTY_PERCENT_HP_BONUS","is_prod":false,"is_daily":false,"chose_seed":false,"campfire_upgraded":2,"win_rate":0,"timestamp":1562730613,"path_taken":["M","M","M","$","?","E","M","R","T","E","R","M","?","M","R","BOSS"],"build_version":"2019-07-05","purchased_purges":0,"victory":false,"max_hp_per_floor":[96,96,96,96,96,96,96,96,96,96,96,96,96,96,96,96],"card_choices":[{"not_picked":["True Grit","Twin Strike"],"picked":"Inflame","floor":1},{"not_picked":["Warcry","Sword Boomerang"],"picked":"Thunderclap","floor":2},{"not_picked":["Armaments","Exhume"],"picked":"Flex","floor":3},{"not_picked":["Havoc","Entrench","Headbutt"],"picked":"SKIP","floor":6},{"not_picked":["Havoc","Corruption","Metallicize"],"picked":"SKIP","floor":7},{"not_picked":["Inflame","Pummel"],"picked":"Whirlwind","floor":10},{"not_picked":["Body Slam","Thunderclap"],"picked":"Flame Barrier","floor":12},{"not_picked":["Headbutt","Combust"],"picked":"Twin Strike","floor":14}],"player_experience":73778,"relics_obtained":[{"floor":6,"key":"Kunai"},{"floor":9,"key":"Pen Nib"},{"floor":10,"key":"Lantern"}],"event_choices":[{"damage_healed":0,"gold_gain":0,"player_choice":"Left Gold","damage_taken":0,"max_hp_gain":0,"max_hp_loss":0,"event_name":"World of Goop","floor":5,"gold_loss":2},{"damage_healed":0,"gold_gain":0,"player_choice":"Grow","damage_taken":0,"max_hp_gain":0,"max_hp_loss":0,"event_name":"Living Wall","floor":13,"gold_loss":0,"cards_upgraded":["Flame Barrier"]}],"is_beta":false,"boss_relics":[],"items_purged_floors":[],"is_endless":false,"potions_floor_spawned":[1,3,10],"killed_by":"Slime Boss","ascension_level":1}