{"gold_per_floor":[113,126,126,145,45,72,72,90,115,141,171,171,204,221,221,317,317,331,341,416,12,24,24,24,24,49,80,98,130,130,150,150,150],"floor_reached":33,"playtime":1718,"items_purged":["Regret"],"score":397,"play_id":"8a079f39-ce19-40a9-9a8f-d224688010da","local_time":"20190803235127","is_ascension_mode":true,"campfire_choices":[{"data":"Double Tap","floor":7,"key":"SMITH"},{"data":"Shrug It Off","floor":12,"key":"SMITH"},{"floor":15,"key":"REST"},{"data":"Immolate","floor":23,"key":"SMITH"},{"data":"Bludgeon","floor":25,"key":"SMITH"},{"floor":32,"key":"REST"}],"neow_cost":"NONE","seed_source_timestamp":776136790160700,"circlet_count":0,"master_deck":["Strike_R","Strike_R","Strike_R","Strike_R","Defend_R","Defend_R","Defend_R+1","Defend_R+1","Bash+1","Body Slam","Anger","Thunderclap+1","Shrug It Off+1","Double Tap+1","Thunderclap","Bludgeon+1","Reaper","Injury","Rampage+1","Dropkick","Armaments+1","Immolate+1","Heavy Blade+1","Uppercut+1","Intimidate+1"],"relics":["Burning Blood","NeowsBlessing","PreservedInsect","Whetstone","Odd Mushroom","Smiling Mask","Bag of Preparation","Calling Bell","War Paint","Toxic Egg 2","Pocketwatch","Lantern","Anchor","Pear","Omamori"],"potions_floor_usage":[6,6,10,13,16,16,18,19,31,33],"damage_taken":[{"damage":0,"enemies":"2 Louse","floor":1,"turns":1},{"damage":0,"enemies":"Cultist","floor":2,"turns":1},{"damage":0,"enemies":"Small Slimes","floor":4,"turns":1},{"damage":14,"enemies":"Lagavulin","floor":6,"turns":6},{"damage":19,"enemies":"Red Slaver","floor":8,"turns":5},{"damage":0,"enemies":"The Mushroom Lair","floor":10,"turns":3},{"damage":10,"enemies":"3 Sentries","floor":11,"turns":5},{"damage":24,"enemies":"Lagavulin","floor":13,"turns":4},{"damage":0,"enemies":"2 Fungi Beasts","floor":14,"turns":2},{"damage":40,"enemies":"Hexaghost","floor":16,"turns":6},{"damage":6,"enemies":"3 Byrds","floor":18,"turns":2},{"damage":31,"enemies":"2 Thieves","floor":19,"turns":3},{"damage":4,"enemies":"Cultist and Chosen","floor":22,"turns":4},{"damage":23,"enemies":"Slavers","floor":27,"turns":3},{"damage":20,"enemies":"Snake Plant","floor":28,"turns":4},{"damage":2,"enemies":"Book of Stabbing","floor":29,"turns":3},{"damage":11,"enemies":"Snecko","floor":31,"turns":5},{"damage":95,"enemies":"Automaton","floor":33,"turns":6}],"seed_played":"-5339766100457979545","potions_obtained":[{"floor":1,"key":"Block Potion"},{"floor":6,"key":"Energy Potion"},{"floor":11,"key":"Weak Potion"},{"floor":13,"key":"LiquidBronze"},{"floor":14,"key":"Weak Potion"},{"floor":16,"key":"SkillPotion"},{"floor":18,"key":"Explosive Potion"},{"floor":29,"key":"Block Potion"},{"floor":31,"key":"EssenceOfSteel"}],"is_trial":false,"path_per_floor":["M","M","?","M","$","E","R","M","T","?","E","R","E","M","R","B",null,"M","M","?","$","M","R","$","R","T","E","M","E","?","M","R","B"],"character_chosen":"IRONCLAD","items_purchased":["Shrug It Off","Block Potion","Lantern","Armaments+1","Immolate"],"campfire_rested":2,"item_purchase_floors":[5,5,21,21,21],"current_hp_per_floor":[78,80,80,80,80,72,72,59,59,65,61,61,43,49,73,39,70,74,57,49,49,63,63,63,63,63,56,48,52,52,53,80,0],"gold":150,"neow_bonus":"THREE_ENEMY_KILL","is_prod":false,"is_daily":false,"chose_seed":false,"campfire_upgraded":4,"win_rate":0,"timestamp":1564894287,"path_taken":["M","M","?","M","$","E","R","?","T","?","E","R","E","M","R","BOSS","M","M","?","$","?","R","?","R","T","E","M","E","?","M","R","BOSS"],"build_version":"2019-07-17","purchased_purges":1,"victory":false,"max_hp_per_floor":[80,80,80,80,80,80,80,80,80,80,80,80,80,80,80,80,80,80,80,80,80,80,80,80,80,80,90,90,90,90,90,90,90],"card_choices":[{"not_picked":["Burning Pact","Iron Wave"],"picked":"Body Slam","floor":1},{"not_picked":["Heavy Blade","Rampage"],"picked":"Anger","floor":2},{"not_picked":["Perfected Strike","True Grit"],"picked":"Thunderclap","floor":4},{"not_picked":["Sword Boomerang","Barricade"],"picked":"Double Tap","floor":6},{"not_picked":["Wild Strike","Power Through","Warcry"],"picked":"SKIP","floor":8},{"not_picked":["True Grit","Havoc"],"picked":"Thunderclap","floor":11},{"not_picked":["Body Slam","Anger"],"picked":"Bludgeon","floor":13},{"not_picked":["Entrench","Wild Strike","Corruption"],"picked":"SKIP","floor":14},{"not_picked":["Impervious","Offering"],"picked":"Reaper","floor":16},{"not_picked":["Heavy Blade","True Grit+1"],"picked":"Rampage+1","floor":18},{"not_picked":["Shrug It Off+1","Hemokinesis"],"picked":"Dropkick","floor":19},{"not_picked":["Berserk","Dropkick"],"picked":"Heavy Blade+1","floor":22},{"not_picked":["Armaments+1","Iron Wave","Sever Soul+1"],"picked":"SKIP","floor":27},{"not_picked":["Combust","True Grit+1","Searing Blow+1"],"picked":"SKIP","floor":28},{"not_picked":["Body Slam","Havoc+1"],"picked":"Uppercut+1","floor":29},{"not_picked":["Bloodletting+1","Sever Soul"],"picked":"Intimidate+1","floor":31}],"player_experience":224090,"relics_obtained":[{"floor":6,"key":"PreservedInsect"},{"floor":9,"key":"Whetstone"},{"floor":10,"key":"Odd Mushroom"},{"floor":11,"key":"Smiling Mask"},{"floor":13,"key":"Bag of Preparation"},{"floor":17,"key":"War Paint"},{"floor":17,"key":"Toxic Egg 2"},{"floor":17,"key":"Pocketwatch"},{"floor":26,"key":"Anchor"},{"floor":27,"key":"Pear"},{"floor":29,"key":"Omamori"}],"event_choices":[{"cards_removed":["Strike_R"],"damage_healed":0,"gold_gain":0,"player_choice":"Purged","damage_taken":0,"max_hp_gain":0,"max_hp_loss":0,"event_name":"Purifier","floor":3,"gold_loss":0},{"damage_healed":0,"gold_gain":0,"player_choice":"Fought Mushrooms","damage_taken":0,"max_hp_gain":0,"max_hp_loss":0,"event_name":"Mushrooms","floor":10,"gold_loss":0},{"damage_healed":0,"gold_gain":75,"player_choice":"Touch","damage_taken":8,"max_hp_gain":0,"max_hp_loss":0,"event_name":"FaceTrader","floor":20,"gold_loss":0},{"cards_removed":["Regret"],"damage_healed":0,"gold_gain":0,"player_choice":"Elegance","damage_taken":0,"max_hp_gain":0,"max_hp_loss":0,"event_name":"Back to Basics","floor":30,"gold_loss":0}],"is_beta":false,"boss_relics":[{"not_picked":["Philosopher\u0027s Stone","Black Blood"],"picked":"Calling Bell"}],"items_purged_floors":[21],"is_endless":false,"potions_floor_spawned":[1,6,11,13,14,16,18,29,31],"killed_by":"Automaton","ascension_level":6}