{"gold_per_floor":[11,11,11,27,39,39,64,64,64,95,95,115,115,129,129,207,207,223,1,1],"floor_reached":20,"playtime":609,"items_purged":[],"score":364,"play_id":"9c26546d-50ed-4d64-8226-f86945620f2e","local_time":"20190621170026","is_ascension_mode":true,"campfire_choices":[{"data":"Bouncing Flask","floor":6.0,"key":"SMITH"},{"floor":8.0,"key":"REST"},{"floor":11.0,"key":"REST"},{"data":"Neutralize","floor":13.0,"key":"SMITH"},{"data":"Acrobatics","floor":15.0,"key":"SMITH"}],"neow_cost":"NO_GOLD","seed_source_timestamp":1647198685698858,"circlet_count":0,"master_deck":["AscendersBane","Defend_G","Defend_G","Defend_G","Defend_G","Defend_G","Strike_G","Strike_G","Strike_G","Survivor","Neutralize+1","Backstab","Dash","Acrobatics+1","Bouncing Flask+1"],"special_seed":0,"relics":["Ring of the Snake","Bottled Lightning","Potion Belt","Vajra","White Beast Statue","Medical Kit"],"potions_floor_usage":[18],"damage_taken":[{"damage":0.0,"enemies":"Jaw Worm","floor":1.0,"turns":3.0},{"damage":0.0,"enemies":"Small Slimes","floor":4.0,"turns":3.0},{"damage":0.0,"enemies":"2 Louse","floor":5.0,"turns":2.0},{"damage":47.0,"enemies":"3 Sentries","floor":7.0,"turns":17.0},{"damage":27.0,"enemies":"Lagavulin","floor":10.0,"turns":7.0},{"damage":0.0,"enemies":"2 Fungi Beasts","floor":12.0,"turns":3.0},{"damage":4.0,"enemies":"Lots of Slimes","floor":14.0,"turns":6.0},{"damage":10.0,"enemies":"Hexaghost","floor":16.0,"turns":8.0},{"damage":35,"enemies":"3 Byrds","floor":18,"turns":8},{"damage":3,"enemies":"Colosseum Slavers","floor":20,"turns":2}],"seed_played":"3556116437069490766","potions_obtained":[{"floor":10.0,"key":"LiquidBronze"},{"floor":12.0,"key":"FearPotion"},{"floor":16.0,"key":"AttackPotion"},{"floor":18,"key":"Ancient Potion"}],"is_trial":false,"path_per_floor":["M","?","$","M","M","R","E","R","T","E","R","M","R","M","R","B",null,"M","$","?"],"character_chosen":"THE_SILENT","items_purchased":["Medical Kit"],"campfire_rested":2,"item_purchase_floors":[19],"current_hp_per_floor":[59,59,59,59,59,59,12,31,31,4,23,23,23,19,19,9,52,17,17,14],"gold":1,"neow_bonus":"TRANSFORM_TWO_CARDS","is_prod":false,"is_daily":false,"chose_seed":false,"campfire_upgraded":3,"win_rate":0,"timestamp":1561107626,"path_taken":["M","?","$","M","M","R","E","R","T","E","R","M","R","M","R","BOSS","M","$","?"],"build_version":"2019-01-23","purchased_purges":0,"victory":false,"max_hp_per_floor":[66,66,66,66,66,66,66,66,66,66,66,66,66,66,66,66,66,66,66,66],"card_choices":[{"not_picked":["Dagger Spray","Expertise"],"picked":"Acrobatics","floor":1.0},{"not_picked":["Flying Knee","Sucker Punch","Quick Slash"],"picked":"SKIP","floor":4.0},{"not_picked":["Deflect","Bane"],"picked":"Bouncing Flask","floor":5.0},{"not_picked":["Night Terror","Predator","Reflex"],"picked":"SKIP","floor":7.0},{"not_picked":["Blade Dance","All Out Attack","Underhanded Strike"],"picked":"SKIP","floor":10.0},{"not_picked":["Bane","Cloak And Dagger","Prepared"],"picked":"SKIP","floor":12.0},{"not_picked":["Bane","Acrobatics","Cloak And Dagger"],"picked":"SKIP","floor":14.0},{"not_picked":["Accuracy","Riddle With Holes","Caltrops"],"picked":"SKIP","floor":18}],"player_experience":1957179,"relics_obtained":[{"floor":7.0,"key":"Bottled Lightning"},{"floor":9.0,"key":"Potion Belt"},{"floor":10.0,"key":"Vajra"}],"event_choices":[{"damage_healed":0.0,"max_hp_gain":0.0,"max_hp_loss":0.0,"gold_gain":0.0,"event_name":"Liars Game","player_choice":"Ignored","floor":2.0,"gold_loss":0.0,"damage_taken":0.0},{"damage_healed":0,"gold_gain":0,"player_choice":"Fight","damage_taken":0,"max_hp_gain":0,"max_hp_loss":0,"event_name":"Colosseum","floor":20,"gold_loss":0}],"is_beta":false,"boss_relics":[{"not_picked":["WristBlade","Velvet Choker"],"picked":"White Beast Statue"}],"items_purged_floors":[],"is_endless":false,"potions_floor_spawned":[10,12,16,18],"killed_by":"Colosseum Slavers","ascension_level":20}