{"gold_per_floor":[112,112,112,112,57,57,100,100,154,154,189,213,229,273,273,371,371,390,390,390,406,431,431,472,472,472,472,487,507,507],"floor_reached":30,"playtime":895,"items_purged":[],"score":628,"play_id":"9d708ecb-db01-4a04-9782-63d1b9197fbf","local_time":"20190721161338","is_ascension_mode":true,"campfire_choices":[{"data":"Defragment","floor":6.0,"key":"SMITH"},{"data":"Zap","floor":8.0,"key":"SMITH"},{"data":"Coolheaded","floor":10.0,"key":"SMITH"},{"data":"Coolheaded","floor":15.0,"key":"SMITH"},{"data":"Recycle","floor":23.0,"key":"SMITH"},{"data":"Turbo","floor":25.0,"key":"SMITH"},{"data":"Blizzard","floor":27.0,"key":"SMITH"}],"neow_cost":"NONE","seed_source_timestamp":252688405859938,"circlet_count":0,"master_deck":["AscendersBane","Strike_B","Defend_B+1","Defend_B","Defend_B","Defend_B","Zap+1","Dualcast+1","Defragment+1","Coolheaded+1","Ball Lightning","Coolheaded+1","Capacitor","Cold Snap","Biased Cognition","Undo","Blizzard+1","Glacier","Sunder","Steam","Recycle+1","Buffer","Echo Form","Conserve Battery","Turbo+1","Heatsinks"],"special_seed":0,"relics":["Cracked Core","NeowsBlessing","Golden Idol","Centennial Puzzle","Ancient Tea Set","Orichalcum","War Paint","Vajra","Nloth\u0027s Gift","Strawberry","Omamori"],"potions_floor_usage":[30,30],"damage_taken":[{"damage":0.0,"enemies":"Jaw Worm","floor":1.0,"turns":1.0},{"damage":0.0,"enemies":"Gremlin Nob","floor":7.0,"turns":1.0},{"damage":0.0,"enemies":"3 Sentries","floor":11.0,"turns":1.0},{"damage":0.0,"enemies":"2 Louse","floor":13.0,"turns":2.0},{"damage":21.0,"enemies":"Gremlin Nob","floor":14.0,"turns":4.0},{"damage":12.0,"enemies":"Slime Boss","floor":16.0,"turns":8.0},{"damage":5.0,"enemies":"Chosen","floor":18.0,"turns":7.0},{"damage":4.0,"enemies":"Spheric Guardian","floor":21.0,"turns":8.0},{"damage":1.0,"enemies":"Cultist and Chosen","floor":22.0,"turns":8.0},{"damage":15.0,"enemies":"Gremlin Leader","floor":24.0,"turns":8.0},{"damage":0.0,"enemies":"Shelled Parasite and Fungi","floor":28.0,"turns":7.0},{"damage":17.0,"enemies":"Centurion and Healer","floor":29.0,"turns":6.0},{"damage":26,"enemies":"Slavers","floor":30,"turns":5}],"seed_played":"3615248948466308960","potions_obtained":[{"floor":13.0,"key":"Block Potion"},{"floor":16.0,"key":"GamblersBrew"},{"floor":24.0,"key":"Explosive Potion"},{"floor":28.0,"key":"Poison Potion"}],"is_trial":false,"path_per_floor":["M","?","?","?","$","R","E","R","T","R","E","T","M","E","R","B",null,"M","?","?","M","M","R","E","R","T","R","M","M","E"],"character_chosen":"DEFECT","items_purchased":["Coolheaded"],"campfire_rested":0,"item_purchase_floors":[5],"current_hp_per_floor":[64,64,53,46,46,46,46,46,46,46,46,46,46,25,25,13,51,46,46,46,42,41,41,33,33,33,33,33,16,0],"gold":507,"neow_bonus":"THREE_ENEMY_KILL","is_prod":false,"is_daily":false,"chose_seed":false,"campfire_upgraded":7,"win_rate":0,"timestamp":1563696818,"path_taken":["M","?","?","?","$","R","E","R","T","R","E","?","M","E","R","BOSS","M","?","?","M","?","R","E","R","T","R","?","M","E"],"build_version":"2019-07-17","purchased_purges":0,"victory":false,"max_hp_per_floor":[71,64,64,64,64,64,64,64,64,64,64,64,64,64,64,64,64,64,64,64,64,64,64,71,71,71,71,71,71,71],"card_choices":[{"not_picked":["Go for the Eyes","Cold Snap"],"picked":"Defragment","floor":1.0},{"not_picked":["Scrape","Steam"],"picked":"Ball Lightning","floor":7.0},{"not_picked":["Redo","Thunder Strike"],"picked":"Coolheaded","floor":11.0},{"not_picked":["Auto Shields","Barrage"],"picked":"Capacitor","floor":13.0},{"not_picked":["Hello World","Stack"],"picked":"Cold Snap","floor":14.0},{"not_picked":["Core Surge","Thunder Strike"],"picked":"Biased Cognition","floor":16.0},{"not_picked":["Darkness","Genetic Algorithm"],"picked":"Undo","floor":17.0},{"not_picked":["Compile Driver","Steam Power"],"picked":"Blizzard","floor":17.0},{"not_picked":["Leap","Coolheaded"],"picked":"Glacier","floor":17.0},{"not_picked":["Stack","Beam Cell"],"picked":"Sunder","floor":17.0},{"not_picked":["Rebound","Barrage"],"picked":"Steam","floor":17.0},{"not_picked":["Ball Lightning","Redo","Leap+1"],"picked":"SKIP","floor":18.0},{"not_picked":["Ball Lightning","Redo","Leap+1"],"picked":"SKIP","floor":18.0},{"not_picked":["Machine Learning","Ball Lightning"],"picked":"Echo Form","floor":21.0},{"not_picked":["Auto Shields","Melter"],"picked":"Conserve Battery","floor":22.0},{"not_picked":["Rainbow","Reboot"],"picked":"Turbo","floor":24.0},{"not_picked":["Coolheaded","Gash"],"picked":"Heatsinks","floor":28.0},{"not_picked":["Rebound","Gash","Rip and Tear"],"picked":"SKIP","floor":29.0}],"player_experience":2053240,"relics_obtained":[{"floor":7.0,"key":"Ancient Tea Set"},{"floor":11.0,"key":"Orichalcum"},{"floor":12.0,"key":"War Paint"},{"floor":14.0,"key":"Vajra"},{"floor":24.0,"key":"Strawberry"},{"floor":26.0,"key":"Omamori"}],"event_choices":[{"damage_healed":0.0,"max_hp_gain":0.0,"max_hp_loss":7.0,"gold_gain":0.0,"event_name":"Golden Idol","player_choice":"Lose Max HP","floor":2.0,"gold_loss":0.0,"damage_taken":0.0,"relics_obtained":["Golden Idol"]},{"damage_healed":0.0,"max_hp_gain":0.0,"max_hp_loss":0.0,"gold_gain":0.0,"event_name":"Scrap Ooze","player_choice":"Success","floor":3.0,"gold_loss":0.0,"damage_taken":11.0,"relics_obtained":["Centennial Puzzle"]},{"cards_removed":["Strike_B"],"damage_healed":0.0,"max_hp_gain":0.0,"max_hp_loss":0.0,"gold_gain":0.0,"event_name":"Golden Wing","player_choice":"Card Removal","floor":4.0,"gold_loss":0.0,"damage_taken":7.0},{"damage_healed":0.0,"max_hp_gain":0.0,"max_hp_loss":0.0,"gold_gain":0.0,"cards_transformed":["Strike_B","Strike_B"],"event_name":"Drug Dealer","player_choice":"Became Test Subject","floor":19.0,"gold_loss":0.0,"damage_taken":0.0,"cards_obtained":["Recycle","Buffer"]},{"damage_healed":0.0,"max_hp_gain":0.0,"max_hp_loss":0.0,"gold_gain":0.0,"event_name":"N\u0027loth","player_choice":"Traded Relic","floor":20.0,"relics_lost":["Orrery"],"gold_loss":0.0,"damage_taken":0.0,"relics_obtained":["Nloth\u0027s Gift"]}],"is_beta":false,"boss_relics":[{"not_picked":["Eternal Feather","Black Star"],"picked":"Orrery"}],"items_purged_floors":[],"is_endless":false,"potions_floor_spawned":[13,16,24,28],"killed_by":"Slavers","ascension_level":20}