{"gold_per_floor":[115,115,115,130,2,37,49,49,74,74,74,106,124,137,137,214,214,231,264,164,164,64,64,89,89,114,128,147,160,176,221,221,300,300,313,103,103,122,16,50,50,76,100,100,112,62,87,100,100,100,100,100,100,50,82,82],"floor_reached":57,"playtime":2164,"items_purged":["Strike_G","Strike_G","Strike_G","Decay","Defend_G"],"score":3036,"play_id":"7eef4a9e-4770-4432-85e5-de049ba12b77","local_time":"20190621205912","is_ascension_mode":true,"campfire_choices":[{"data":"Bouncing Flask","floor":11.0,"key":"SMITH"},{"data":"Catalyst","floor":15.0,"key":"SMITH"},{"floor":23.0,"key":"REST"},{"data":"Tactician","floor":32.0,"key":"SMITH"},{"data":"Purity","floor":41.0,"key":"SMITH"},{"data":"Catalyst","floor":44.0,"key":"SMITH"},{"floor":49.0,"key":"RECALL"},{"data":"Calculated Gamble","floor":53.0,"key":"SMITH"}],"neow_cost":"NONE","seed_source_timestamp":1659350859098444,"circlet_count":0,"master_deck":["AscendersBane","Defend_G","Defend_G","Defend_G","Defend_G","Survivor","Neutralize","PiercingWail","Deadly Poison","Bouncing Flask+1","Backflip","Catalyst+1","After Image","Catalyst+1","Bandage Up","Tactician+1","Footwork","Calculated Gamble+1","Footwork","Blur+1","Purity+1","Acrobatics","Escape Plan+1"],"special_seed":0,"relics":["Ring of the Snake","NeowsBlessing","The Specimen","Darkstone Periapt","Snake Skull","Dream Catcher","Oddly Smooth Stone","Runic Pyramid","Red Mask","Gambling Chip","Juzu Bracelet","Runic Dome","Dodecahedron","Blue Candle","Smiling Mask","Torii","Anchor"],"potions_floor_usage":[],"damage_taken":[{"damage":0.0,"enemies":"Cultist","floor":1.0,"turns":1.0},{"damage":0.0,"enemies":"Jaw Worm","floor":4.0,"turns":1.0},{"damage":0.0,"enemies":"Lagavulin","floor":6.0,"turns":1.0},{"damage":0.0,"enemies":"2 Louse","floor":7.0,"turns":3.0},{"damage":7.0,"enemies":"3 Sentries","floor":12.0,"turns":6.0},{"damage":0.0,"enemies":"Exordium Thugs","floor":13.0,"turns":3.0},{"damage":9.0,"enemies":"3 Louse","floor":14.0,"turns":2.0},{"damage":0.0,"enemies":"Hexaghost","floor":16.0,"turns":5.0},{"damage":0.0,"enemies":"Spheric Guardian","floor":18.0,"turns":2.0},{"damage":38.0,"enemies":"Masked Bandits","floor":19.0,"turns":5.0},{"damage":32.0,"enemies":"Slavers","floor":24.0,"turns":5.0},{"damage":3.0,"enemies":"2 Thieves","floor":27.0,"turns":4.0},{"damage":0.0,"enemies":"Centurion and Healer","floor":28.0,"turns":5.0},{"damage":5.0,"enemies":"Snake Plant","floor":29.0,"turns":4.0},{"damage":0.0,"enemies":"Snecko","floor":30.0,"turns":4.0},{"damage":4.0,"enemies":"Automaton","floor":33.0,"turns":6.0},{"damage":0.0,"enemies":"Orb Walker","floor":35.0,"turns":3.0},{"damage":0.0,"enemies":"3 Shapes","floor":38.0,"turns":5.0},{"damage":6.0,"enemies":"Nemesis","floor":40.0,"turns":7.0},{"damage":0.0,"enemies":"Giant Head","floor":42.0,"turns":6.0},{"damage":0.0,"enemies":"Sphere and 2 Shapes","floor":45.0,"turns":5.0},{"damage":0.0,"enemies":"Reptomancer","floor":47.0,"turns":5.0},{"damage":0.0,"enemies":"4 Shapes","floor":48.0,"turns":7.0},{"damage":47.0,"enemies":"Awakened One","floor":50.0,"turns":12.0},{"damage":23.0,"enemies":"Donu and Deca","floor":51.0,"turns":9.0},{"damage":21.0,"enemies":"Shield and Spear","floor":55.0,"turns":3.0},{"damage":38,"enemies":"The Heart","floor":56,"turns":8}],"seed_played":"-1062931652862783578","potions_obtained":[{"floor":6.0,"key":"Poison Potion"},{"floor":12.0,"key":"FearPotion"},{"floor":13.0,"key":"Weak Potion"},{"floor":24.0,"key":"Weak Potion"},{"floor":29.0,"key":"Poison Potion"},{"floor":30.0,"key":"GamblersBrew"},{"floor":47.0,"key":"SkillPotion"}],"is_trial":false,"path_per_floor":["M","?","T","M","$","E","M","$","T","?","R","E","M","M","R","B",null,"M","?","$","?","$","R","E","?","T","M","M","M","M","T","R","B",null,"M","$","?","M","$","E","R","E","T","R","M","$","E","M","R","B","B",null,"R","$","E","B",null],"character_chosen":"THE_SILENT","items_purchased":["Deadly Poison","Bandage Up","GhostInAJar","Purity"],"campfire_rested":1,"item_purchase_floors":[5,22,36,39],"current_hp_per_floor":[59,52,52,52,52,52,52,52,52,34,34,27,27,18,18,18,54,54,16,16,16,16,35,7,7,7,8,12,11,15,15,15,15,53,57,57,63,67,67,65,65,69,69,69,72,72,72,72,72,29,10,57,57,57,36,2],"gold":82,"neow_bonus":"THREE_ENEMY_KILL","is_prod":false,"is_daily":false,"chose_seed":false,"campfire_upgraded":6,"win_rate":0,"timestamp":1561121952,"path_taken":["M","?","?","M","$","E","M","?","T","?","R","E","M","M","R","BOSS","M","?","$","?","$","R","E","?","T","M","M","M","M","?","R","BOSS","M","$","?","M","$","E","R","E","T","R","M","$","E","M","R","BOSS","BOSS","R","$","E","BOSS"],"build_version":"2019-01-23","purchased_purges":5,"victory":true,"max_hp_per_floor":[66,66,66,66,66,66,66,66,66,66,66,66,66,66,66,66,66,66,66,66,66,66,66,66,66,66,66,66,66,66,66,66,66,66,66,66,72,72,72,72,72,72,72,72,72,72,72,72,72,72,72,72,72,72,72,72],"card_choices":[{"not_picked":["Flying Knee","Cloak And Dagger","Prepared"],"picked":"SKIP","floor":1.0},{"not_picked":["Poisoned Stab","Sucker Punch"],"picked":"PiercingWail","floor":4.0},{"not_picked":["Escape Plan","Venomology"],"picked":"Bouncing Flask","floor":6.0},{"not_picked":["Acrobatics","PiercingWail"],"picked":"Backflip","floor":7.0},{"not_picked":["Acrobatics","Eviscerate"],"picked":"Catalyst","floor":12.0},{"not_picked":["Expertise","Dash","Slice"],"picked":"SKIP","floor":13.0},{"not_picked":["Dodge and Roll","Eviscerate","Reflex"],"picked":"SKIP","floor":14.0},{"not_picked":["Doppelganger","Venomology"],"picked":"After Image","floor":16.0},{"not_picked":["Deflect","Dagger Spray"],"picked":"Catalyst","floor":18.0},{"not_picked":["Unload","Riddle With Holes","Bane"],"picked":"SKIP","floor":24.0},{"not_picked":["Dodge and Roll","Flechettes"],"picked":"Footwork","floor":27.0},{"not_picked":["Dodge and Roll","Acrobatics"],"picked":"Calculated Gamble","floor":28.0},{"not_picked":["Flying Knee","Sucker Punch"],"picked":"Footwork","floor":29.0},{"not_picked":["Tactician","Caltrops","All Out Attack"],"picked":"SKIP","floor":30.0},{"not_picked":["Predator+1","Expertise"],"picked":"Blur+1","floor":35.0},{"not_picked":["Heel Hook+1","Underhanded Strike","Dagger Throw"],"picked":"SKIP","floor":38.0},{"not_picked":["Flechettes","Flying Knee","PiercingWail"],"picked":"SKIP","floor":40.0},{"not_picked":["Flying Knee","Blade Dance"],"picked":"Acrobatics","floor":42.0},{"not_picked":["Sucker Punch+1","Dodge and Roll","PiercingWail"],"picked":"SKIP","floor":45.0},{"not_picked":["Terror+1","Dodge and Roll","Backflip"],"picked":"SKIP","floor":47.0},{"not_picked":["Finisher+1","Underhanded Strike","Prepared"],"picked":"SKIP","floor":48.0},{"not_picked":["Cloak And Dagger","All Out Attack"],"picked":"Escape Plan+1","floor":55.0}],"player_experience":1966190,"relics_obtained":[{"floor":3.0,"key":"The Specimen"},{"floor":6.0,"key":"Darkstone Periapt"},{"floor":9.0,"key":"Snake Skull"},{"floor":12.0,"key":"Oddly Smooth Stone"},{"floor":19.0,"key":"Red Mask"},{"floor":24.0,"key":"Gambling Chip"},{"floor":31.0,"key":"Juzu Bracelet"},{"floor":40.0,"key":"Dodecahedron"},{"floor":42.0,"key":"Blue Candle"},{"floor":43.0,"key":"Smiling Mask"},{"floor":47.0,"key":"Torii"},{"floor":55.0,"key":"Anchor"}],"event_choices":[{"cards_removed":["Strike_G"],"damage_healed":0.0,"max_hp_gain":0.0,"max_hp_loss":0.0,"gold_gain":0.0,"event_name":"Golden Wing","player_choice":"Card Removal","floor":2.0,"gold_loss":0.0,"damage_taken":7.0},{"damage_healed":0.0,"max_hp_gain":0.0,"max_hp_loss":0.0,"gold_gain":0.0,"event_name":"Scrap Ooze","player_choice":"Success","floor":10.0,"gold_loss":0.0,"damage_taken":18.0,"relics_obtained":["Dream Catcher"]},{"damage_healed":0.0,"max_hp_gain":0.0,"max_hp_loss":0.0,"gold_gain":0.0,"event_name":"Masked Bandits","player_choice":"Fought Bandits","floor":19.0,"gold_loss":0.0,"damage_taken":0.0},{"cards_removed":["Strike_G"],"damage_healed":0.0,"max_hp_gain":0.0,"max_hp_loss":0.0,"gold_gain":0.0,"event_name":"Back to Basics","player_choice":"Elegance","floor":21.0,"gold_loss":0.0,"damage_taken":0.0},{"damage_healed":0.0,"max_hp_gain":0.0,"max_hp_loss":0.0,"gold_gain":0.0,"event_name":"The Library","player_choice":"Read","floor":25.0,"gold_loss":0.0,"damage_taken":0.0,"cards_obtained":["Tactician"]},{"damage_healed":0.0,"max_hp_gain":0.0,"max_hp_loss":0.0,"gold_gain":0.0,"event_name":"Wheel of Change","player_choice":"Cursed","floor":37.0,"gold_loss":0.0,"damage_taken":0.0,"cards_obtained":["Decay"]}],"is_beta":false,"boss_relics":[{"not_picked":["Velvet Choker","Lizard Tail"],"picked":"Runic Pyramid"},{"not_picked":["HoveringKite","White Beast Statue"],"picked":"Runic Dome"}],"items_purged_floors":[5,20,36,46,54],"is_endless":false,"potions_floor_spawned":[6,12,13,14,24,29,30,33,42,45,47],"ascension_level":20}