{"gold_per_floor":[117,133,133,133,26,97,113,163,218,241,241,241,284,304,304,397,397,411,195,214,247,247],"floor_reached":22,"playtime":537,"items_purged":["Strike_B"],"score":442,"play_id":"1cb60c4a-bb97-47d4-a3e1-182ac8679b5d","local_time":"20190522215834","is_ascension_mode":true,"campfire_choices":[{"data":"Zap","floor":11.0,"key":"SMITH"},{"data":"Consume","floor":15.0,"key":"SMITH"}],"neow_cost":"NONE","seed_source_timestamp":1061011621780654,"circlet_count":0,"master_deck":["AscendersBane","Strike_B","Strike_B","Defend_B","Defend_B","Defend_B","Defend_B","Zap+1","Dualcast","Heatsinks","Ball Lightning","Coolheaded","Tempest","Recycle","Conserve Battery","Skim","Ball Lightning","Consume+1","Meteor Strike","Loop","Cold Snap","White Noise+1"],"special_seed":0,"relics":["Cracked Core","NeowsBlessing","Golden Idol","Tiny Chest","Juzu Bracelet","Torii","Nuclear Battery","Red Mask"],"potions_floor_usage":[21,21],"damage_taken":[{"damage":0.0,"enemies":"Cultist","floor":1.0,"turns":1.0},{"damage":0.0,"enemies":"Small Slimes","floor":2.0,"turns":1.0},{"damage":0.0,"enemies":"Lagavulin","floor":6.0,"turns":1.0},{"damage":4.0,"enemies":"Jaw Worm","floor":7.0,"turns":3.0},{"damage":7.0,"enemies":"3 Louse","floor":10.0,"turns":5.0},{"damage":0.0,"enemies":"Gremlin Gang","floor":12.0,"turns":1.0},{"damage":28.0,"enemies":"3 Sentries","floor":13.0,"turns":7.0},{"damage":0.0,"enemies":"2 Fungi Beasts","floor":14.0,"turns":2.0},{"damage":16.0,"enemies":"Slime Boss","floor":16.0,"turns":9.0},{"damage":15.0,"enemies":"3 Byrds","floor":18.0,"turns":4.0},{"damage":18.0,"enemies":"2 Thieves","floor":20.0,"turns":3.0},{"damage":12,"enemies":"Masked Bandits","floor":21,"turns":4},{"damage":7,"enemies":"Cultist and Chosen","floor":22,"turns":2}],"seed_played":"4879621133593312644","potions_obtained":[{"floor":1.0,"key":"SmokeBomb"},{"floor":6.0,"key":"AttackPotion"},{"floor":18.0,"key":"FocusPotion"},{"floor":20.0,"key":"Block Potion"}],"is_trial":false,"path_per_floor":["M","M","?","?","$","E","M","?","T","M","R","M","E","M","R","B",null,"M","$","M","?","M"],"character_chosen":"DEFECT","items_purchased":["Coolheaded","Tempest","SkillPotion","Loop"],"campfire_rested":0,"item_purchase_floors":[5,5,19,19],"current_hp_per_floor":[64,64,57,57,57,57,53,53,53,46,46,46,18,18,18,2,49,34,34,16,4,0],"gold":247,"neow_bonus":"THREE_ENEMY_KILL","is_prod":false,"is_daily":false,"chose_seed":false,"campfire_upgraded":2,"win_rate":0,"timestamp":1558533514,"path_taken":["M","?","?","?","$","E","?","?","T","M","R","M","E","M","R","BOSS","M","$","M","?","M"],"build_version":"2019-01-23","purchased_purges":1,"victory":false,"max_hp_per_floor":[71,71,71,64,64,64,64,64,64,64,64,64,64,64,64,64,64,64,64,64,64,64],"card_choices":[{"not_picked":["Conserve Battery","Rebound"],"picked":"Heatsinks","floor":1.0},{"not_picked":["Lockon","Beam Cell"],"picked":"Ball Lightning","floor":2.0},{"not_picked":["Streamline","Auto Shields"],"picked":"Recycle","floor":6.0},{"not_picked":["Reprogram","Aggregate"],"picked":"Conserve Battery","floor":7.0},{"not_picked":["Barrage","Doom and Gloom"],"picked":"Skim","floor":10.0},{"not_picked":["Recycle","White Noise"],"picked":"Ball Lightning","floor":13.0},{"not_picked":["BootSequence","Go for the Eyes"],"picked":"Consume","floor":14.0},{"not_picked":["All For One","Multi-Cast"],"picked":"Meteor Strike","floor":16.0},{"not_picked":["Leap","Go for the Eyes","Streamline"],"picked":"SKIP","floor":18.0},{"not_picked":["Leap","Stack"],"picked":"Cold Snap","floor":20.0},{"not_picked":["Steam","Redo"],"picked":"White Noise+1","floor":21}],"player_experience":1733613,"relics_obtained":[{"floor":6.0,"key":"Tiny Chest"},{"floor":9.0,"key":"Juzu Bracelet"},{"floor":13.0,"key":"Torii"},{"floor":21,"key":"Red Mask"}],"event_choices":[{"cards_removed":["Strike_B"],"damage_healed":0.0,"max_hp_gain":0.0,"max_hp_loss":0.0,"gold_gain":0.0,"event_name":"Golden Wing","player_choice":"Card Removal","floor":3.0,"gold_loss":0.0,"damage_taken":7.0},{"damage_healed":0.0,"max_hp_gain":0.0,"max_hp_loss":7.0,"gold_gain":0.0,"event_name":"Golden Idol","player_choice":"Lose Max HP","floor":4.0,"gold_loss":0.0,"damage_taken":0.0,"relics_obtained":["Golden Idol"]},{"damage_healed":0.0,"max_hp_gain":0.0,"max_hp_loss":0.0,"gold_gain":50.0,"event_name":"Golden Shrine","player_choice":"Pray","floor":8.0,"gold_loss":0.0,"damage_taken":0.0},{"damage_healed":0,"gold_gain":0,"player_choice":"Fought Bandits","damage_taken":0,"max_hp_gain":0,"max_hp_loss":0,"event_name":"Masked Bandits","floor":21,"gold_loss":0}],"is_beta":false,"boss_relics":[{"not_picked":["White Beast Statue","Eternal Feather"],"picked":"Nuclear Battery"}],"items_purged_floors":[19],"is_endless":false,"potions_floor_spawned":[1,6,12,18,20],"killed_by":"Cultist and Chosen","ascension_level":20}