{"gold_per_floor":[363,363,373,36,50,79,79,94,141,141,156,175,175,205,205,284,284,304,322,60,60,60,60],"floor_reached":23,"playtime":1057,"items_purged":["Strike_B"],"score":402,"play_id":"967c1009-dc4f-46ae-adb6-9a3a6d240577","local_time":"20181027145341","is_ascension_mode":true,"campfire_choices":[{"data":"Zap","floor":7,"key":"SMITH"},{"data":"Coolheaded","floor":10,"key":"SMITH"},{"data":"Dualcast","floor":13,"key":"SMITH"},{"data":"Hologram","floor":15,"key":"SMITH"}],"neow_cost":"TEN_PERCENT_HP_LOSS","seed_source_timestamp":4075592278959,"circlet_count":0,"master_deck":["Strike_B","Strike_B","Strike_B","Defend_B","Defend_B","Defend_B","Defend_B","Zap+1","Dualcast+1","AscendersBane","Coolheaded+1","FTL","FTL","Undo","Conserve Battery","Gash","Hologram+1","Electrodynamics","Compile Driver"],"relics":["Cracked Core","Kunai","Meat on the Bone","Juzu Bracelet","Pen Nib","Fusion Hammer","Bottled Tornado","Enchiridion"],"potions_floor_usage":[11,14,14,16],"damage_taken":[{"damage":2,"enemies":"2 Louse","floor":1,"turns":4},{"damage":7,"enemies":"Jaw Worm","floor":3,"turns":4},{"damage":0,"enemies":"Cultist","floor":5,"turns":3},{"damage":20,"enemies":"Lagavulin","floor":6,"turns":8},{"damage":18,"enemies":"Gremlin Gang","floor":8,"turns":5},{"damage":8,"enemies":"3 Louse","floor":11,"turns":3},{"damage":0,"enemies":"Red Slaver","floor":12,"turns":3},{"damage":4,"enemies":"Gremlin Nob","floor":14,"turns":4},{"damage":25,"enemies":"Slime Boss","floor":16,"turns":13},{"damage":0,"enemies":"Chosen","floor":18,"turns":6},{"damage":27,"enemies":"Shell Parasite","floor":19,"turns":5},{"damage":35,"enemies":"Book of Stabbing","floor":23,"turns":3}],"seed_played":"-343462707504050550","potions_obtained":[{"floor":8,"key":"Fire Potion"},{"floor":11,"key":"SpeedPotion"},{"floor":12,"key":"SpeedPotion"},{"floor":14,"key":"FocusPotion"},{"floor":19,"key":"GamblersBrew"}],"is_trial":false,"path_per_floor":["M","?","M","$","M","E","R","M","T","R","M","M","R","E","R","B",null,"M","M","$","?","$"],"character_chosen":"DEFECT","items_purchased":["Kunai","Bottled Tornado"],"campfire_rested":0,"item_purchase_floors":[4,20],"current_hp_per_floor":[62,67,60,60,60,40,40,34,34,34,38,38,38,46,46,33,60,60,45,45,24,24,0],"gold":60,"neow_bonus":"TWO_FIFTY_GOLD","is_prod":false,"is_daily":false,"chose_seed":false,"campfire_upgraded":4,"win_rate":0,"timestamp":1540666421,"path_taken":["M","?","M","$","?","E","R","M","T","R","M","M","R","E","R","BOSS","M","M","$","?","?","E"],"build_version":"2018-10-25v2","purchased_purges":1,"victory":false,"max_hp_per_floor":[64,69,69,69,69,69,69,69,69,69,69,69,69,69,69,69,69,69,69,69,69,69,69],"card_choices":[{"not_picked":["Rip and Tear","Undo"],"picked":"Coolheaded","floor":1},{"not_picked":["Sweeping Beam","Darkness"],"picked":"FTL","floor":3},{"not_picked":["Glacier","Capacitor"],"picked":"FTL","floor":5},{"not_picked":["Reprogram","Rebound"],"picked":"Undo","floor":6},{"not_picked":["Redo","Scrape"],"picked":"Conserve Battery","floor":8},{"not_picked":["Leap","Turbo"],"picked":"Gash","floor":11},{"not_picked":["Leap","Beam Cell","Conserve Battery"],"picked":"SKIP","floor":12},{"not_picked":["Melter","Recycle"],"picked":"Hologram","floor":14},{"not_picked":["Thunder Strike","Buffer"],"picked":"Electrodynamics","floor":16},{"not_picked":["Stack+1","Go for the Eyes"],"picked":"Compile Driver","floor":18},{"not_picked":["Doom and Gloom","Reprogram","Streamline"],"picked":"SKIP","floor":19}],"player_experience":1001331,"relics_obtained":[{"floor":6,"key":"Meat on the Bone"},{"floor":9,"key":"Juzu Bracelet"},{"floor":14,"key":"Pen Nib"},{"floor":21,"key":"Enchiridion"}],"event_choices":[{"damage_healed":0,"gold_gain":0,"player_choice":"Donut","damage_taken":0,"max_hp_gain":5,"max_hp_loss":0,"event_name":"Big Fish","floor":2,"gold_loss":0},{"damage_healed":0,"gold_gain":0,"player_choice":"Obtained Book","damage_taken":21,"max_hp_gain":0,"max_hp_loss":0,"event_name":"Cursed Tome","floor":21,"gold_loss":0}],"is_beta":false,"boss_relics":[{"not_picked":["Empty Cage","Nuclear Battery"],"picked":"Fusion Hammer"}],"items_purged_floors":[4],"is_endless":false,"potions_floor_spawned":[8,11,12,14,19],"killed_by":"Book of Stabbing","ascension_level":20}