{"gold_per_floor":[112,130,205,205,57,57,57,68,68,68,101,101,101,26,26,127,127,140,140,40,53,70,103,103,115,115,142,154,183,220,332,344,460,472,502,389,405,405,418,418,518,518,518,368,368,385,385,395,395,395],"floor_reached":51,"playtime":882,"items_purged":["Strike_R","Defend_R","Defend_R+1","Strike_R+1"],"score":908,"play_id":"9d8fd31b-991e-49cc-a658-98d7bd9cdf86","local_time":"20190805070723","is_ascension_mode":false,"campfire_choices":[{"data":"Bash","floor":6,"key":"SMITH"},{"data":"Limit Break","floor":10,"key":"SMITH"},{"data":"Flex","floor":12,"key":"SMITH"},{"data":"Heavy Blade","floor":15,"key":"SMITH"},{"data":"Battle Trance","floor":24,"key":"SMITH"},{"data":"Defend_R","floor":28,"key":"SMITH"},{"data":"Defend_R","floor":32,"key":"SMITH"},{"data":"Strike_R","floor":40,"key":"SMITH"},{"data":"Strike_R+1","floor":42,"key":"PURGE"},{"data":"Evolve","floor":47,"key":"PURGE"},{"data":"Defend_R+1","floor":49,"key":"PURGE"}],"neow_cost":"NONE","seed_source_timestamp":14916802725419,"circlet_count":0,"master_deck":["Bash+1","Limit Break+1","Flex+1","Heavy Blade+1","Battle Trance+1"],"relics":["Burning Blood","Red Skull","Blue Candle","Sundial","Coffee Dripper","Orichalcum","MawBank","Lantern","Du-Vu Doll","Darkstone Periapt","White Beast Statue","Peace Pipe","Dream Catcher"],"potions_floor_usage":[18,27,31,33,33,41,50,50,50],"damage_taken":[{"damage":6,"enemies":"Cultist","floor":1,"turns":3},{"damage":11,"enemies":"Jaw Worm","floor":2,"turns":3},{"damage":0,"enemies":"Small Slimes","floor":8,"turns":3},{"damage":36,"enemies":"Lagavulin","floor":11,"turns":6},{"damage":9,"enemies":"The Guardian","floor":16,"turns":6},{"damage":10,"enemies":"3 Byrds","floor":18,"turns":4},{"damage":10,"enemies":"Chosen","floor":21,"turns":2},{"damage":17,"enemies":"Centurion and Healer","floor":22,"turns":4},{"damage":26,"enemies":"Book of Stabbing","floor":23,"turns":4},{"damage":4,"enemies":"Cultist and Chosen","floor":25,"turns":2},{"damage":26,"enemies":"Snecko","floor":27,"turns":5},{"damage":13,"enemies":"Snake Plant","floor":29,"turns":2},{"damage":10,"enemies":"Gremlin Leader","floor":30,"turns":2},{"damage":5,"enemies":"Colosseum Slavers","floor":31,"turns":2},{"damage":0,"enemies":"Colosseum Nobs","floor":31,"turns":2},{"damage":0,"enemies":"Collector","floor":33,"turns":1},{"damage":22,"enemies":"3 Darklings","floor":35,"turns":3},{"damage":3,"enemies":"3 Shapes","floor":37,"turns":3},{"damage":15,"enemies":"Writhing Mass","floor":39,"turns":2},{"damage":3,"enemies":"Mind Bloom Boss Battle","floor":41,"turns":2},{"damage":19,"enemies":"Maw","floor":46,"turns":3},{"damage":0,"enemies":"Spire Growth","floor":48,"turns":2},{"damage":0,"enemies":"Awakened One","floor":50,"turns":2}],"seed_played":"-521827131092739353","potions_obtained":[{"floor":8,"key":"Fire Potion"},{"floor":25,"key":"PowerPotion"},{"floor":29,"key":"GamblersBrew"},{"floor":30,"key":"SteroidPotion"},{"floor":31,"key":"SteroidPotion"},{"floor":33,"key":"Regen Potion"},{"floor":35,"key":"AttackPotion"},{"floor":37,"key":"Weak Potion"},{"floor":39,"key":"BloodPotion"},{"floor":41,"key":"Swift Potion"}],"is_trial":false,"path_per_floor":["M","M","?","?","$","R","$","M","T","R","E","R","?","$","R","B",null,"M","?","$","M","M","E","R","M","T","M","R","M","E","?","R","B",null,"M","$","M","?","M","R","?","R","T","$","?","M","R","M","R","B",null],"character_chosen":"IRONCLAD","items_purchased":["Red Skull"],"campfire_rested":0,"item_purchase_floors":[5],"current_hp_per_floor":[80,75,64,64,64,64,64,70,70,70,40,40,24,24,24,21,80,76,76,76,72,61,41,41,43,43,23,23,16,12,19,19,25,80,64,64,67,67,58,58,61,61,61,61,61,48,48,54,54,80],"gold":395,"neow_bonus":"REMOVE_CARD","is_prod":false,"is_daily":false,"chose_seed":true,"campfire_upgraded":8,"win_rate":0,"timestamp":1564956443,"path_taken":["M","?","?","?","?","R","$","M","T","R","E","R","?","$","R","BOSS","M","?","$","M","M","E","R","M","T","M","R","M","E","?","R","BOSS","M","$","M","?","M","R","?","R","T","?","?","?","R","M","R","BOSS"],"build_version":"2019-07-17","purchased_purges":4,"victory":true,"max_hp_per_floor":[80,80,80,80,80,80,80,80,80,80,80,80,80,80,80,80,80,80,80,80,80,80,80,80,80,80,80,80,80,80,80,80,80,80,80,80,80,80,80,80,80,80,80,80,80,80,80,80,80,80],"card_choices":[{"not_picked":["Twin Strike","Clothesline","Wild Strike"],"picked":"SKIP","floor":1},{"not_picked":["Hemokinesis","Wild Strike"],"picked":"Limit Break","floor":2},{"not_picked":["Wild Strike","Heavy Blade"],"picked":"Flex","floor":8},{"not_picked":["Searing Blow","Corruption"],"picked":"Heavy Blade","floor":11},{"not_picked":["Burning Pact+1","Twin Strike"],"picked":"Battle Trance","floor":18},{"not_picked":["Twin Strike","Sword Boomerang+1","Infernal Blade"],"picked":"SKIP","floor":21},{"not_picked":["Flame Barrier","Sword Boomerang+1","True Grit"],"picked":"SKIP","floor":22},{"not_picked":["Armaments","Flame Barrier","Sword Boomerang"],"picked":"SKIP","floor":23},{"not_picked":["Searing Blow","Fire Breathing","Spot Weakness"],"picked":"SKIP","floor":25},{"not_picked":["Burning Pact","Dropkick","Sever Soul+1"],"picked":"SKIP","floor":27},{"not_picked":["Corruption","True Grit","Searing Blow"],"picked":"SKIP","floor":29},{"not_picked":["Exhume","Hemokinesis","Spot Weakness"],"picked":"SKIP","floor":30},{"not_picked":["Combust+1","Cleave+1","Havoc+1"],"picked":"SKIP","floor":35},{"not_picked":["Pommel Strike","Fire Breathing","Thunderclap+1"],"picked":"SKIP","floor":37},{"not_picked":["Second Wind+1","Perfected Strike","Iron Wave"],"picked":"SKIP","floor":39},{"not_picked":["Warcry+1","Anger+1","True Grit"],"picked":"SKIP","floor":46},{"not_picked":["Juggernaut","Sword Boomerang","Combust"],"picked":"SKIP","floor":48}],"player_experience":262059,"relics_obtained":[{"floor":9,"key":"Blue Candle"},{"floor":11,"key":"Sundial"},{"floor":23,"key":"Orichalcum"},{"floor":26,"key":"MawBank"},{"floor":30,"key":"Lantern"},{"floor":31,"key":"Du-Vu Doll"},{"floor":31,"key":"Darkstone Periapt"},{"floor":41,"key":"Peace Pipe"},{"floor":43,"key":"Dream Catcher"}],"event_choices":[{"damage_healed":0,"gold_gain":75,"player_choice":"Gather Gold","damage_taken":11,"max_hp_gain":0,"max_hp_loss":0,"event_name":"World of Goop","floor":3,"gold_loss":0},{"cards_removed":["Strike_R"],"damage_healed":0,"gold_gain":0,"player_choice":"Forget","damage_taken":0,"max_hp_gain":0,"max_hp_loss":0,"event_name":"Living Wall","floor":4,"gold_loss":0},{"damage_healed":0,"gold_gain":0,"player_choice":"Entered Light","damage_taken":16,"max_hp_gain":0,"max_hp_loss":0,"event_name":"Shining Light","floor":13,"gold_loss":0,"cards_upgraded":["Strike_R","Defend_R"]},{"damage_healed":0,"gold_gain":0,"player_choice":"Ignored","damage_taken":0,"max_hp_gain":0,"max_hp_loss":0,"event_name":"The Mausoleum","floor":19,"gold_loss":0},{"damage_healed":0,"gold_gain":0,"player_choice":"Fight","damage_taken":0,"max_hp_gain":0,"max_hp_loss":0,"event_name":"Colosseum","floor":31,"gold_loss":0},{"damage_healed":0,"gold_gain":0,"player_choice":"Fought Nobs","damage_taken":0,"max_hp_gain":0,"max_hp_loss":0,"event_name":"Colosseum","floor":31,"gold_loss":0},{"damage_healed":0,"gold_gain":0,"player_choice":"Ignored","damage_taken":0,"max_hp_gain":0,"max_hp_loss":0,"event_name":"Mysterious Sphere","floor":38,"gold_loss":0},{"damage_healed":0,"gold_gain":0,"player_choice":"Fight","damage_taken":0,"max_hp_gain":0,"max_hp_loss":0,"event_name":"MindBloom","floor":41,"gold_loss":0},{"damage_healed":0,"gold_gain":0,"cards_transformed":["Defend_R"],"player_choice":"Transformed","damage_taken":0,"max_hp_gain":0,"max_hp_loss":0,"event_name":"Transmorgrifier","floor":45,"gold_loss":0,"cards_obtained":["Evolve"]}],"is_beta":false,"boss_relics":[{"not_picked":["Runic Dome","Eternal Feather"],"picked":"Coffee Dripper"},{"not_picked":["Snecko Eye","Pandora\u0027s Box"],"picked":"White Beast Statue"}],"items_purged_floors":[14,20,36,44],"is_endless":false,"potions_floor_spawned":[8,25,29,30,31,31,33,35,37,39,41,46,48],"ascension_level":0}