{"gold_per_floor":[110,35,110,124,136,136,152,181,205,205,240,240],"floor_reached":12,"playtime":368,"items_purged":["Strike_R"],"score":176,"play_id":"5ab324a0-20cd-4fd0-8cf5-9ac39a95ef6a","local_time":"20190606022404","is_ascension_mode":true,"campfire_choices":[{"data":"Armaments","floor":6,"key":"SMITH"},{"data":"Pommel Strike","floor":10,"key":"SMITH"}],"neow_cost":"NONE","seed_source_timestamp":298867318866261,"circlet_count":0,"master_deck":["AscendersBane","Strike_R","Strike_R","Strike_R","Strike_R","Defend_R","Defend_R","Defend_R","Defend_R","Bash","Armaments+1","Pommel Strike+1","Seeing Red"],"relics":["Burning Blood","NeowsBlessing","Anchor","Pen Nib","Boot"],"potions_floor_usage":[8,11],"damage_taken":[{"damage":0,"enemies":"Cultist","floor":1,"turns":1},{"damage":0,"enemies":"Jaw Worm","floor":4,"turns":1},{"damage":0,"enemies":"2 Louse","floor":5,"turns":1},{"damage":2,"enemies":"2 Fungi Beasts","floor":7,"turns":4},{"damage":29,"enemies":"3 Sentries","floor":8,"turns":10},{"damage":19,"enemies":"Lagavulin","floor":11,"turns":7},{"damage":39,"enemies":"Gremlin Nob","floor":12,"turns":3}],"seed_played":"-1450284044272765797","potions_obtained":[{"floor":4,"key":"Swift Potion"},{"floor":8,"key":"Explosive Potion"}],"is_trial":false,"path_per_floor":["M","$","?","M","M","R","M","E","T","R","E","?"],"character_chosen":"IRONCLAD","items_purchased":[],"campfire_rested":0,"item_purchase_floors":[],"current_hp_per_floor":[74,74,63,69,75,75,75,52,52,52,39,0],"gold":240,"neow_bonus":"THREE_ENEMY_KILL","is_prod":false,"is_daily":false,"chose_seed":false,"campfire_upgraded":2,"win_rate":0,"timestamp":1559759044,"path_taken":["M","$","?","M","M","R","M","E","T","R","E","?"],"build_version":"2019-01-23","purchased_purges":1,"victory":false,"max_hp_per_floor":[75,75,75,75,75,75,75,75,75,75,75,75],"card_choices":[{"not_picked":["Pummel","Thunderclap"],"picked":"Armaments","floor":1},{"not_picked":["Headbutt","Twin Strike"],"picked":"Pommel Strike","floor":4},{"not_picked":["Clash","Anger"],"picked":"Seeing Red","floor":5},{"not_picked":["Intimidate","Wild Strike","Rupture"],"picked":"SKIP","floor":7},{"not_picked":["Twin Strike","Rupture","Berserk"],"picked":"SKIP","floor":8},{"not_picked":["Iron Wave","Thunderclap","Clothesline"],"picked":"SKIP","floor":11}],"player_experience":1883564,"relics_obtained":[{"floor":8,"key":"Anchor"},{"floor":9,"key":"Pen Nib"},{"floor":11,"key":"Boot"}],"event_choices":[{"damage_healed":0,"gold_gain":75,"player_choice":"Gather Gold","damage_taken":11,"max_hp_gain":0,"max_hp_loss":0,"event_name":"World of Goop","floor":3,"gold_loss":0},{"damage_healed":0,"gold_gain":0,"player_choice":"Searched \u00271\u0027 times","damage_taken":0,"max_hp_gain":0,"max_hp_loss":0,"event_name":"Dead Adventurer","floor":12,"gold_loss":0}],"is_beta":false,"boss_relics":[],"items_purged_floors":[2],"is_endless":false,"potions_floor_spawned":[4,8],"killed_by":"Gremlin Nob","ascension_level":20}