{"gold_per_floor":[215,232,252,272,19,49,49,74,74,85,85,96,96,96,96,96],"floor_reached":16,"playtime":1589,"items_purged":[],"score":134,"play_id":"ecf6fd11-9e9c-4541-a3f5-a5a9631f8c4d","local_time":"20190721171535","is_ascension_mode":true,"campfire_choices":[{"floor":7,"key":"REST"},{"floor":15,"key":"REST"}],"neow_cost":"NONE","seed_source_timestamp":930242505961400,"circlet_count":0,"master_deck":["Strike_R","Strike_R","Strike_R+1","Strike_R","Defend_R+1","Defend_R","Defend_R","Defend_R","Bash","Flex","Ghostly Armor","Clash","Offering","Dual Wield","Flame Barrier","Shrug It Off"],"relics":["Burning Blood","MealTicket","Juzu Bracelet","Regal Pillow","Blood Vial","Golden Idol"],"potions_floor_usage":[4,6,6,16],"damage_taken":[{"damage":6,"enemies":"Cultist","floor":1,"turns":4},{"damage":12,"enemies":"2 Louse","floor":2,"turns":4},{"damage":11,"enemies":"Jaw Worm","floor":3,"turns":4},{"damage":30,"enemies":"Exordium Thugs","floor":4,"turns":6},{"damage":20,"enemies":"3 Sentries","floor":6,"turns":6},{"damage":19,"enemies":"Lagavulin","floor":8,"turns":6},{"damage":6,"enemies":"2 Fungi Beasts","floor":10,"turns":3},{"damage":6,"enemies":"3 Louse","floor":12,"turns":3},{"damage":60,"enemies":"The Guardian","floor":16,"turns":8}],"seed_played":"4832880398684084433","potions_obtained":[{"floor":1,"key":"SteroidPotion"},{"floor":4,"key":"Fire Potion"},{"floor":6,"key":"Swift Potion"},{"floor":12,"key":"Fire Potion"}],"is_trial":false,"path_per_floor":["M","M","M","M","$","E","R","E","T","M","?","M","?","?","R","B"],"character_chosen":"IRONCLAD","items_purchased":["MealTicket","SteroidPotion"],"campfire_rested":2,"item_purchase_floors":[5,5],"current_hp_per_floor":[80,74,69,45,45,31,55,42,42,44,28,30,30,10,49,0],"gold":96,"neow_bonus":"HUNDRED_GOLD","is_prod":false,"is_daily":false,"chose_seed":false,"campfire_upgraded":0,"win_rate":0,"timestamp":1563747335,"path_taken":["M","?","M","M","$","E","R","E","T","M","?","M","?","?","R","BOSS"],"build_version":"2019-07-17","purchased_purges":0,"victory":false,"max_hp_per_floor":[80,80,80,80,80,80,80,80,80,80,80,80,80,80,80,80],"card_choices":[{"not_picked":["Shockwave","Pummel"],"picked":"Flex","floor":1},{"not_picked":["Power Through","Clothesline","Shrug It Off"],"picked":"SKIP","floor":2},{"not_picked":["Flex","Sever Soul"],"picked":"Ghostly Armor","floor":3},{"not_picked":["Armaments","Inflame"],"picked":"Clash","floor":4},{"not_picked":["Wild Strike","Sentinel"],"picked":"Offering","floor":6},{"not_picked":["Heavy Blade","Barricade"],"picked":"Dual Wield","floor":8},{"not_picked":["Shrug It Off","Rampage","Corruption"],"picked":"SKIP","floor":10},{"not_picked":["Perfected Strike","Headbutt"],"picked":"Flame Barrier","floor":12}],"player_experience":134816,"relics_obtained":[{"floor":6,"key":"Juzu Bracelet"},{"floor":8,"key":"Regal Pillow"},{"floor":9,"key":"Blood Vial"}],"event_choices":[{"damage_healed":0,"gold_gain":0,"player_choice":"Entered Light","damage_taken":16,"max_hp_gain":0,"max_hp_loss":0,"event_name":"Shining Light","floor":11,"gold_loss":0,"cards_upgraded":["Defend_R","Strike_R"]},{"damage_healed":0,"gold_gain":0,"cards_transformed":["Strike_R"],"player_choice":"Transformed","damage_taken":0,"max_hp_gain":0,"max_hp_loss":0,"event_name":"Transmorgrifier","floor":13,"gold_loss":0,"cards_obtained":["Shrug It Off"]},{"damage_healed":0,"gold_gain":0,"player_choice":"Take Damage","damage_taken":20,"relics_obtained":["Golden Idol"],"max_hp_gain":0,"max_hp_loss":0,"event_name":"Golden Idol","floor":14,"gold_loss":0}],"is_beta":false,"boss_relics":[],"items_purged_floors":[],"is_endless":false,"potions_floor_spawned":[1,4,6,12],"killed_by":"The Guardian","ascension_level":4}