{"gold_per_floor":[119,44,119,119,132,132,57,85,85,101,12,77,77,77,77,152,152,162,162,162,181,199,39,39],"floor_reached":24,"playtime":445,"items_purged":["Strike_G"],"score":434,"play_id":"fcccd484-7edf-45be-ae8d-80c2d49ead6e","local_time":"20190722204319","is_ascension_mode":true,"campfire_choices":[{"data":"Neutralize","floor":6.0,"key":"SMITH"},{"data":"Catalyst","floor":13.0,"key":"SMITH"},{"floor":15.0,"key":"RECALL"}],"neow_cost":"NONE","seed_source_timestamp":356192816197073,"circlet_count":0,"master_deck":["AscendersBane","Strike_G+1","Defend_G","Defend_G","Defend_G","Defend_G","Defend_G+1","Survivor","Neutralize+1","Catalyst+1","PiercingWail","Poisoned Stab+1","Bouncing Flask+1","Purity+1","Well Laid Plans"],"special_seed":0,"relics":["Ring of the Snake","Meat on the Bone","Toxic Egg 2","Omamori","Empty Cage","Nloth\u0027s Gift","Snake Skull"],"potions_floor_usage":[22,24],"damage_taken":[{"damage":0.0,"enemies":"Jaw Worm","floor":1.0,"turns":1.0},{"damage":0.0,"enemies":"2 Louse","floor":5.0,"turns":1.0},{"damage":0.0,"enemies":"Gremlin Nob","floor":8.0,"turns":1.0},{"damage":1.0,"enemies":"Small Slimes","floor":10.0,"turns":4.0},{"damage":24.0,"enemies":"Gremlin Nob","floor":12.0,"turns":4.0},{"damage":25.0,"enemies":"The Guardian","floor":16.0,"turns":8.0},{"damage":0.0,"enemies":"Spheric Guardian","floor":18.0,"turns":2.0},{"damage":9,"enemies":"Chosen","floor":21,"turns":3},{"damage":14,"enemies":"Shelled Parasite and Fungi","floor":22,"turns":4},{"damage":43,"enemies":"Gremlin Leader","floor":24,"turns":5}],"seed_played":"1418413945755179719","potions_obtained":[{"floor":1.0,"key":"Block Potion"},{"floor":12.0,"key":"SpeedPotion"},{"floor":16.0,"key":"Energy Potion"}],"is_trial":false,"path_per_floor":["M","?","?","?","M","R","$","E","T","M","$","?","R","?","R","B",null,"M","?","?","M","M","$","E"],"character_chosen":"THE_SILENT","items_purchased":["Purity+1","Snake Skull"],"campfire_rested":0,"item_purchase_floors":[11,23],"current_hp_per_floor":[59,59,48,28,28,28,28,28,28,39,39,27,27,27,27,14,53,53,53,53,44,42,42,0],"gold":39,"neow_bonus":"THREE_ENEMY_KILL","is_prod":false,"is_daily":false,"chose_seed":false,"campfire_upgraded":2,"win_rate":0,"timestamp":1563799399,"path_taken":["M","?","?","?","M","R","$","E","T","M","$","?","R","?","R","BOSS","M","?","?","M","?","?","E"],"build_version":"2019-07-17","purchased_purges":1,"victory":false,"max_hp_per_floor":[66,66,66,66,66,66,66,66,66,66,66,66,66,66,66,66,66,66,66,66,66,66,66,66],"card_choices":[{"not_picked":["Finisher","Outmaneuver"],"picked":"Catalyst","floor":1.0},{"not_picked":["Distraction","Dagger Spray"],"picked":"PiercingWail","floor":5.0},{"not_picked":["Riddle With Holes","Eviscerate"],"picked":"Poisoned Stab","floor":8.0},{"not_picked":["Catalyst+1","Escape Plan+1"],"picked":"Bouncing Flask+1","floor":10.0},{"not_picked":["Blade Dance+1","Underhanded Strike+1","Slice"],"picked":"SKIP","floor":18.0},{"not_picked":["Blade Dance+1","Sucker Punch","Flying Knee"],"picked":"SKIP","floor":21},{"not_picked":["Backflip+1","Dodge and Roll+1"],"picked":"Well Laid Plans","floor":22}],"player_experience":2059538,"relics_obtained":[{"floor":8.0,"key":"Meat on the Bone"},{"floor":9.0,"key":"Toxic Egg 2"},{"floor":12.0,"key":"Omamori"}],"event_choices":[{"cards_removed":["Strike_G"],"damage_healed":0.0,"max_hp_gain":0.0,"max_hp_loss":0.0,"gold_gain":0.0,"event_name":"The Cleric","player_choice":"Card Removal","floor":2.0,"gold_loss":75.0,"damage_taken":0.0},{"damage_healed":0.0,"max_hp_gain":0.0,"max_hp_loss":0.0,"gold_gain":75.0,"event_name":"World of Goop","player_choice":"Gather Gold","floor":3.0,"gold_loss":0.0,"damage_taken":11.0},{"damage_healed":0.0,"max_hp_gain":0.0,"max_hp_loss":0.0,"gold_gain":0.0,"event_name":"Shining Light","player_choice":"Entered Light","floor":4.0,"gold_loss":0.0,"damage_taken":20.0,"cards_upgraded":["Strike_G","Defend_G"]},{"damage_healed":0.0,"max_hp_gain":0.0,"max_hp_loss":0.0,"gold_gain":30.0,"event_name":"Dead Adventurer","player_choice":"Searched \u00273\u0027 times","floor":12.0,"gold_loss":0.0,"damage_taken":0.0},{"damage_healed":0.0,"max_hp_gain":0.0,"max_hp_loss":0.0,"gold_gain":0.0,"event_name":"Upgrade Shrine","player_choice":"Upgraded","floor":14.0,"gold_loss":0.0,"damage_taken":0.0,"cards_upgraded":["Poisoned Stab"]},{"damage_healed":0.0,"max_hp_gain":0.0,"max_hp_loss":0.0,"gold_gain":0.0,"event_name":"Cursed Tome","player_choice":"Ignored","floor":19.0,"gold_loss":0.0,"damage_taken":0.0},{"damage_healed":0.0,"max_hp_gain":0.0,"max_hp_loss":0.0,"gold_gain":0.0,"event_name":"N\u0027loth","player_choice":"Traded Relic","floor":20.0,"relics_lost":["NeowsBlessing"],"gold_loss":0.0,"damage_taken":0.0,"relics_obtained":["Nloth\u0027s Gift"]}],"is_beta":false,"boss_relics":[{"not_picked":["Fusion Hammer","Eternal Feather"],"picked":"Empty Cage"}],"items_purged_floors":[7],"is_endless":false,"potions_floor_spawned":[1,12,16,18,21],"killed_by":"Gremlin Leader","ascension_level":20}