{"gold_per_floor":[111,36,36,111,135,135,170,184,210,223,250,262,299,328,340,352],"floor_reached":16,"playtime":304,"items_purged":["Strike_R"],"score":286,"play_id":"855da188-04d0-4d82-83f5-70f691161c4d","local_time":"20190603230309","is_ascension_mode":true,"campfire_choices":[{"data":"Uppercut","floor":6,"key":"SMITH"},{"data":"Burning Pact","floor":12,"key":"SMITH"},{"data":"Spot Weakness","floor":15,"key":"SMITH"}],"neow_cost":"NONE","seed_source_timestamp":114058642145472,"circlet_count":0,"master_deck":["AscendersBane","Strike_R","Strike_R","Strike_R","Defend_R","Defend_R","Defend_R","Defend_R","Bash","Uppercut+1","Shrug It Off","Spot Weakness+1","Burning Pact+1","Juggernaut"],"special_seed":0,"relics":["Burning Blood","NeowsBlessing","Happy Flower","Lantern","MawBank","Bag of Preparation"],"potions_floor_usage":[],"damage_taken":[{"damage":0.0,"enemies":"Jaw Worm","floor":1.0,"turns":1.0},{"damage":0,"enemies":"Gremlin Nob","floor":7,"turns":1},{"damage":0,"enemies":"2 Louse","floor":8,"turns":1},{"damage":9,"enemies":"Small Slimes","floor":10,"turns":4},{"damage":30,"enemies":"Lagavulin","floor":11,"turns":7},{"damage":33,"enemies":"Gremlin Nob","floor":13,"turns":4},{"damage":1,"enemies":"2 Fungi Beasts","floor":14,"turns":3},{"damage":25,"enemies":"Hexaghost","floor":16,"turns":9}],"seed_played":"5466053826959331258","potions_obtained":[{"floor":1.0,"key":"Explosive Potion"},{"floor":8,"key":"SpeedPotion"}],"is_trial":false,"path_per_floor":["M","$","?","?","T","R","E","M","T","M","E","R","E","M","R","B"],"character_chosen":"IRONCLAD","items_purchased":[],"campfire_rested":0,"item_purchase_floors":[],"current_hp_per_floor":[74,74,74,63,63,63,69,75,75,72,48,48,21,26,26,1],"gold":352,"neow_bonus":"THREE_ENEMY_KILL","is_prod":false,"is_daily":false,"chose_seed":false,"campfire_upgraded":3,"win_rate":0,"timestamp":1559574189,"path_taken":["M","$","?","?","?","R","E","?","T","M","E","R","E","M","R","BOSS"],"build_version":"2019-01-23","purchased_purges":1,"victory":false,"max_hp_per_floor":[75,75,75,75,75,75,75,75,75,75,75,75,75,75,75,75],"card_choices":[{"not_picked":["Warcry","Wild Strike"],"picked":"Uppercut","floor":1.0},{"not_picked":["Twin Strike","Dual Wield"],"picked":"Shrug It Off","floor":7},{"not_picked":["Combust","Cleave","Perfected Strike"],"picked":"SKIP","floor":8},{"not_picked":["Carnage","Anger"],"picked":"Spot Weakness","floor":10},{"not_picked":["Inflame","Twin Strike"],"picked":"Burning Pact","floor":11},{"not_picked":["Carnage","Pommel Strike"],"picked":"Juggernaut","floor":13},{"not_picked":["Cleave","Anger","Bloodletting"],"picked":"SKIP","floor":14}],"player_experience":1852581,"relics_obtained":[{"floor":7,"key":"Happy Flower"},{"floor":9,"key":"Lantern"},{"floor":11,"key":"MawBank"},{"floor":13,"key":"Bag of Preparation"}],"event_choices":[{"cards_removed":["Strike_R"],"damage_healed":0,"gold_gain":0,"player_choice":"Forget","damage_taken":0,"max_hp_gain":0,"max_hp_loss":0,"event_name":"Living Wall","floor":3,"gold_loss":0},{"damage_healed":0,"gold_gain":75,"player_choice":"Gather Gold","damage_taken":11,"max_hp_gain":0,"max_hp_loss":0,"event_name":"World of Goop","floor":4,"gold_loss":0}],"is_beta":false,"boss_relics":[],"items_purged_floors":[2],"is_endless":false,"potions_floor_spawned":[1,8,10,13],"killed_by":"Hexaghost","ascension_level":20}