{"gold_per_floor":[117,117,137,150,75,101,101,112,136,147,147,172,172,172,172,246,246,263,281,291,302,160,189,189,389,389,419,439,474,574,584,584,584],"floor_reached":33,"playtime":1344,"items_purged":["Strike_R"],"score":555,"play_id":"d7fc30f3-51de-43ed-a262-cb99d670bffc","local_time":"20190730153529","is_ascension_mode":true,"campfire_choices":[{"data":"Shockwave","floor":7,"key":"SMITH"},{"data":"Battle Trance","floor":11,"key":"SMITH"},{"data":"Headbutt","floor":13,"key":"SMITH"},{"data":"Shrug It Off","floor":15,"key":"SMITH"},{"data":"Fiend Fire","floor":24,"key":"SMITH"},{"data":"Spot Weakness","floor":32,"key":"SMITH"}],"neow_cost":"NONE","seed_source_timestamp":313480481783974,"circlet_count":0,"master_deck":["AscendersBane","Strike_R","Defend_R","Defend_R","Defend_R","Defend_R","Bash+1","Battle Trance+1","Shrug It Off+1","Shockwave+1","Shrug It Off","Shrug It Off","Headbutt+1","Fiend Fire+1","Body Slam","Heavy Blade","Clothesline","Spot Weakness+1","Battle Trance","Reaper"],"relics":["Burning Blood","Bronze Scales","Oddly Smooth Stone","Snecko Eye","Bottled Flame","Mummified Hand","Orichalcum","Mercury Hourglass","StoneCalendar","Bottled Lightning"],"potions_floor_usage":[6,10,10,16,29,33],"damage_taken":[{"damage":12,"enemies":"Jaw Worm","floor":1,"turns":3},{"damage":5,"enemies":"2 Louse","floor":3,"turns":3},{"damage":1,"enemies":"Cultist","floor":4,"turns":4},{"damage":49,"enemies":"Gremlin Nob","floor":6,"turns":5},{"damage":0,"enemies":"Large Slime","floor":8,"turns":6},{"damage":0,"enemies":"Lots of Slimes","floor":10,"turns":1},{"damage":13,"enemies":"Lagavulin","floor":12,"turns":10},{"damage":3,"enemies":"The Guardian","floor":16,"turns":13},{"damage":13,"enemies":"2 Thieves","floor":18,"turns":3},{"damage":0,"enemies":"3 Byrds","floor":19,"turns":5},{"damage":6,"enemies":"3 Cultists","floor":20,"turns":5},{"damage":0,"enemies":"Centurion and Healer","floor":21,"turns":6},{"damage":26,"enemies":"Gremlin Leader","floor":23,"turns":8},{"damage":24,"enemies":"Book of Stabbing","floor":27,"turns":4},{"damage":0,"enemies":"Snake Plant","floor":28,"turns":2},{"damage":21,"enemies":"Gremlin Leader","floor":29,"turns":4},{"damage":0,"enemies":"Colosseum Slavers","floor":30,"turns":2},{"damage":0,"enemies":"Colosseum Nobs","floor":30,"turns":3},{"damage":9,"enemies":"Snecko","floor":31,"turns":3},{"damage":56,"enemies":"Automaton","floor":33,"turns":6}],"seed_played":"-24224807627145187","potions_obtained":[{"floor":1,"key":"PowerPotion"},{"floor":3,"key":"Explosive Potion"},{"floor":8,"key":"SkillPotion"},{"floor":10,"key":"Block Potion"},{"floor":12,"key":"Ancient Potion"},{"floor":21,"key":"Dexterity Potion"},{"floor":23,"key":"BloodPotion"},{"floor":29,"key":"Swift Potion"}],"is_trial":false,"path_per_floor":["M","?","M","M","?","E","R","M","T","M","R","E","R","?","R","B",null,"M","M","M","M","$","E","R","?","T","E","M","E","?","M","R","B"],"character_chosen":"IRONCLAD","items_purchased":["Spot Weakness"],"campfire_rested":0,"item_purchase_floors":[22],"current_hp_per_floor":[62,55,56,61,61,18,18,24,24,30,30,23,23,23,23,26,63,56,62,62,68,68,48,48,48,48,30,36,39,51,48,48,0],"gold":584,"neow_bonus":"UPGRADE_CARD","is_prod":false,"is_daily":false,"chose_seed":false,"campfire_upgraded":6,"win_rate":0,"timestamp":1564515329,"path_taken":["M","?","M","M","?","E","R","M","T","M","R","E","R","?","R","BOSS","M","M","?","M","$","E","R","?","T","E","?","E","?","M","R","BOSS"],"build_version":"2019-07-17","purchased_purges":1,"victory":false,"max_hp_per_floor":[75,75,75,75,75,75,75,75,75,75,75,75,75,75,75,75,75,75,75,75,75,75,75,75,75,75,75,75,75,75,75,75,75],"card_choices":[{"not_picked":["Armaments","Whirlwind"],"picked":"Battle Trance","floor":1},{"not_picked":["Intimidate","Dropkick"],"picked":"Shrug It Off","floor":3},{"not_picked":["Twin Strike","Headbutt"],"picked":"Shockwave","floor":4},{"not_picked":["Searing Blow","Bloodletting","Seeing Red"],"picked":"SKIP","floor":6},{"not_picked":["Cleave","Pommel Strike"],"picked":"Shrug It Off","floor":8},{"not_picked":["Clash","Body Slam"],"picked":"Shrug It Off","floor":10},{"not_picked":["Dual Wield","Searing Blow"],"picked":"Headbutt","floor":12},{"not_picked":["Brutality","Dark Embrace"],"picked":"Fiend Fire","floor":16},{"not_picked":["Dropkick","Searing Blow"],"picked":"Body Slam","floor":18},{"not_picked":["Body Slam","Fire Breathing"],"picked":"Heavy Blade","floor":19},{"not_picked":["Headbutt","Bloodletting"],"picked":"Clothesline","floor":20},{"not_picked":["Wild Strike","Havoc","Perfected Strike+1"],"picked":"SKIP","floor":21},{"not_picked":["Dual Wield","Iron Wave","Sword Boomerang"],"picked":"SKIP","floor":23},{"not_picked":["Clash","Infernal Blade+1","Anger"],"picked":"SKIP","floor":27},{"not_picked":["Sword Boomerang","Iron Wave+1","Dropkick"],"picked":"SKIP","floor":28},{"not_picked":["Havoc","Thunderclap"],"picked":"Battle Trance","floor":29},{"not_picked":["Havoc+1","Clash+1"],"picked":"Reaper","floor":30},{"not_picked":["Havoc","Headbutt","Armaments"],"picked":"SKIP","floor":31}],"player_experience":1596472,"relics_obtained":[{"floor":6,"key":"Bronze Scales"},{"floor":12,"key":"Oddly Smooth Stone"},{"floor":23,"key":"Bottled Flame"},{"floor":26,"key":"Mummified Hand"},{"floor":27,"key":"Orichalcum"},{"floor":29,"key":"Mercury Hourglass"},{"floor":30,"key":"StoneCalendar"},{"floor":30,"key":"Bottled Lightning"}],"event_choices":[{"cards_removed":["Strike_R"],"damage_healed":0,"gold_gain":0,"player_choice":"Card Removal","damage_taken":7,"max_hp_gain":0,"max_hp_loss":0,"event_name":"Golden Wing","floor":2,"gold_loss":0},{"cards_removed":["Strike_R"],"damage_healed":0,"gold_gain":0,"player_choice":"Card Removal","damage_taken":0,"max_hp_gain":0,"max_hp_loss":0,"event_name":"The Cleric","floor":5,"gold_loss":75},{"cards_removed":["Strike_R"],"damage_healed":0,"gold_gain":0,"player_choice":"Offered Basic","damage_taken":0,"max_hp_gain":0,"max_hp_loss":0,"event_name":"Bonfire Elementals","floor":14,"gold_loss":0},{"damage_healed":0,"gold_gain":250,"player_choice":"Bet on Owner","damage_taken":0,"max_hp_gain":0,"max_hp_loss":0,"event_name":"The Joust","floor":25,"gold_loss":50},{"damage_healed":0,"gold_gain":0,"player_choice":"Fight","damage_taken":0,"max_hp_gain":0,"max_hp_loss":0,"event_name":"Colosseum","floor":30,"gold_loss":0},{"damage_healed":0,"gold_gain":0,"player_choice":"Fought Nobs","damage_taken":0,"max_hp_gain":0,"max_hp_loss":0,"event_name":"Colosseum","floor":30,"gold_loss":0}],"is_beta":false,"boss_relics":[{"not_picked":["Cursed Key","Runic Dome"],"picked":"Snecko Eye"}],"items_purged_floors":[22],"is_endless":false,"potions_floor_spawned":[1,3,8,10,12,21,23,27,29,30,31],"killed_by":"Automaton","ascension_level":15}