{"gold_per_floor":[109,54,54,69,69,81,136,148,212,224,253,114,39,64,64,136,136,148,148,148,56,76,76,103,28,74,90,90,106,135,168,168,242,242,253,353,353,212,230,230,530,530,530,217,217,245,255,267,267,267,267,267,267,16,43,43],"floor_reached":57,"playtime":2831,"items_purged":["Strike_B","Ball Lightning","Sunder"],"score":2719,"play_id":"e7c143d1-5506-4ff4-bdc5-f745af5da22c","local_time":"20190618181209","is_ascension_mode":true,"campfire_choices":[{"data":"Zap","floor":6.0,"key":"SMITH"},{"data":"Dualcast","floor":10.0,"key":"SMITH"},{"data":"Turbo","floor":15.0,"key":"SMITH"},{"data":"Consume","floor":23.0,"key":"SMITH"},{"data":"Heatsinks","floor":28.0,"key":"SMITH"},{"floor":32.0,"key":"REST"},{"data":"Fission","floor":40.0,"key":"SMITH"},{"data":"Defragment","floor":42.0,"key":"SMITH"},{"data":"Skim","floor":45.0,"key":"SMITH"},{"floor":49.0,"key":"RECALL"},{"data":"Coolheaded","floor":53.0,"key":"SMITH"}],"neow_cost":"NONE","seed_source_timestamp":0,"circlet_count":0,"master_deck":["AscendersBane","Defend_B+1","Zap+1","Dualcast+1","Turbo+1","Undo","Echo Form","Compile Driver","Heatsinks+1","Biased Cognition","Double Energy+1","Consume+1","Skim+1","Coolheaded+1","Hologram+1","Cold Snap","Meteor Strike","All For One","Sweeping Beam+1","Amplify+1","Tempest+1","Coolheaded+1","Turbo","Fission+1","Defragment+1","Purity","Self Repair+1","Core Surge","Fusion+1","Loop"],"special_seed":0,"relics":["Cracked Core","NeowsBlessing","MawBank","Bottled Flame","Happy Flower","Inserter","Art of War","PreservedInsect","Red Mask","War Paint","Astrolabe","StoneCalendar","Thread and Needle","Membership Card","Singing Bowl","TheAbacus","Bronze Scales"],"potions_floor_usage":[56,56],"damage_taken":[{"damage":0.0,"enemies":"Jaw Worm","floor":1.0,"turns":1.0},{"damage":0.0,"enemies":"2 Louse","floor":4.0,"turns":1.0},{"damage":0.0,"enemies":"Gremlin Nob","floor":7.0,"turns":1.0},{"damage":6.0,"enemies":"Cultist","floor":11.0,"turns":4.0},{"damage":27.0,"enemies":"3 Sentries","floor":14.0,"turns":8.0},{"damage":22.0,"enemies":"Slime Boss","floor":16.0,"turns":10.0},{"damage":9.0,"enemies":"Spheric Guardian","floor":18.0,"turns":5.0},{"damage":0.0,"enemies":"Chosen","floor":22.0,"turns":5.0},{"damage":3.0,"enemies":"Book of Stabbing","floor":24.0,"turns":5.0},{"damage":5.0,"enemies":"Snake Plant","floor":27.0,"turns":3.0},{"damage":4.0,"enemies":"Sentry and Sphere","floor":29.0,"turns":6.0},{"damage":3.0,"enemies":"Masked Bandits","floor":30.0,"turns":4.0},{"damage":11.0,"enemies":"Slavers","floor":31.0,"turns":5.0},{"damage":22.0,"enemies":"Collector","floor":33.0,"turns":12.0},{"damage":3.0,"enemies":"3 Shapes","floor":35.0,"turns":4.0},{"damage":0.0,"enemies":"Mind Bloom Boss Battle","floor":36.0,"turns":6.0},{"damage":0.0,"enemies":"Orb Walker","floor":39.0,"turns":1.0},{"damage":11.0,"enemies":"Nemesis","floor":46.0,"turns":3.0},{"damage":0.0,"enemies":"Spire Growth","floor":47.0,"turns":3.0},{"damage":0.0,"enemies":"Transient","floor":48.0,"turns":6.0},{"damage":7.0,"enemies":"Donu and Deca","floor":50.0,"turns":7.0},{"damage":10.0,"enemies":"Time Eater","floor":51.0,"turns":16.0},{"damage":8.0,"enemies":"Shield and Spear","floor":55.0,"turns":5.0},{"damage":27,"enemies":"The Heart","floor":56,"turns":10}],"seed_played":"2308787965491907237","potions_obtained":[{"floor":4.0,"key":"Fruit Juice"},{"floor":7.0,"key":"EssenceOfSteel"},{"floor":24.0,"key":"AttackPotion"},{"floor":27.0,"key":"Explosive Potion"},{"floor":31.0,"key":"GamblersBrew"},{"floor":35.0,"key":"FocusPotion"}],"is_trial":false,"path_per_floor":["M","$","?","M","T","R","E","?","T","R","M","$","?","E","R","B",null,"M","?","?","$","M","R","E","?","T","M","R","M","?","E","R","B",null,"M","?","?","$","M","R","?","R","T","$","R","E","M","M","R","B","B",null,"R","$","E","B",null],"character_chosen":"DEFECT","items_purchased":["Turbo","Heatsinks","Skim","Coolheaded","Turbo","Fission","Membership Card","Purity","Ancient Potion","Loop","TheAbacus"],"campfire_rested":1,"item_purchase_floors":[2,12,21,21,38,38,44,44,54,54,54],"current_hp_per_floor":[64,64,57,57,57,57,57,57,57,57,51,51,51,24,24,7,59,50,50,28,28,28,28,25,25,25,20,20,16,13,2,26,4,62,59,59,59,59,59,59,59,59,59,59,59,48,58,68,68,81,81,81,81,81,83,66],"gold":43,"neow_bonus":"THREE_ENEMY_KILL","is_prod":false,"is_daily":false,"chose_seed":false,"campfire_upgraded":9,"win_rate":0,"timestamp":1560852729,"path_taken":["M","$","?","M","?","R","E","?","T","R","?","?","?","E","R","BOSS","M","?","?","$","M","R","E","?","T","?","R","M","?","E","R","BOSS","M","?","?","$","?","R","?","R","T","$","R","E","?","M","R","BOSS","BOSS","R","$","E","BOSS"],"build_version":"2019-01-23","purchased_purges":3,"victory":true,"max_hp_per_floor":[71,71,71,71,71,71,71,71,71,71,71,71,71,71,71,76,76,76,76,81,81,81,81,81,81,81,81,81,81,81,81,81,81,81,81,81,81,81,81,81,81,81,81,81,81,81,81,81,81,81,81,81,81,81,83,83],"card_choices":[{"not_picked":["Turbo","Sweeping Beam"],"picked":"Ball Lightning","floor":1.0},{"not_picked":["Gash","Rebound"],"picked":"Undo","floor":4.0},{"not_picked":["Redo","FTL","Barrage"],"picked":"SKIP","floor":7.0},{"not_picked":["Sweeping Beam","Redo"],"picked":"Compile Driver","floor":11.0},{"not_picked":["Static Discharge","Rainbow"],"picked":"Cold Snap","floor":14.0},{"not_picked":["All For One","Rainbow"],"picked":"Biased Cognition","floor":16.0},{"not_picked":["Compile Driver","Storm"],"picked":"Double Energy","floor":18.0},{"not_picked":["Go for the Eyes+1","Turbo"],"picked":"Hologram+1","floor":22.0},{"not_picked":["Consume","Compile Driver"],"picked":"Cold Snap","floor":24.0},{"not_picked":["Compile Driver","Beam Cell"],"picked":"Meteor Strike","floor":27.0},{"not_picked":["Sweeping Beam","Conserve Battery","Reprogram"],"picked":"SKIP","floor":29.0},{"not_picked":["Loop","Rebound"],"picked":"Sunder","floor":30.0},{"not_picked":["Hello World+1","Genetic Algorithm","Cold Snap"],"picked":"SKIP","floor":31.0},{"not_picked":["Thunder Strike","Reboot"],"picked":"All For One","floor":33.0},{"not_picked":["Go for the Eyes","Steam","Redo"],"picked":"SKIP","floor":35.0},{"not_picked":["Streamline","Leap+1"],"picked":"Coolheaded+1","floor":36.0},{"not_picked":["Go for the Eyes","Barrage"],"picked":"Defragment","floor":39.0},{"not_picked":["Leap","Compile Driver"],"picked":"Self Repair+1","floor":46.0},{"not_picked":["Doom and Gloom","Redo"],"picked":"Core Surge","floor":47.0},{"not_picked":["Barrage","Turbo"],"picked":"Fusion+1","floor":48.0},{"not_picked":["Steam","Sweeping Beam+1","Static Discharge+1"],"picked":"Singing Bowl","floor":55.0}],"player_experience":1927775,"relics_obtained":[{"floor":5.0,"key":"MawBank"},{"floor":7.0,"key":"Bottled Flame"},{"floor":14.0,"key":"Happy Flower"},{"floor":24.0,"key":"Art of War"},{"floor":26.0,"key":"PreservedInsect"},{"floor":30.0,"key":"Red Mask"},{"floor":31.0,"key":"War Paint"},{"floor":36.0,"key":"StoneCalendar"},{"floor":43.0,"key":"Thread and Needle"},{"floor":46.0,"key":"Singing Bowl"},{"floor":55.0,"key":"Bronze Scales"}],"event_choices":[{"cards_removed":["Strike_B"],"damage_healed":0.0,"max_hp_gain":0.0,"max_hp_loss":0.0,"gold_gain":0.0,"event_name":"Golden Wing","player_choice":"Card Removal","floor":3.0,"gold_loss":0.0,"damage_taken":7.0},{"damage_healed":0.0,"max_hp_gain":0.0,"max_hp_loss":0.0,"gold_gain":0.0,"cards_transformed":["Strike_B"],"event_name":"Transmorgrifier","player_choice":"Transformed","floor":8.0,"gold_loss":0.0,"damage_taken":0.0,"cards_obtained":["Echo Form"]},{"cards_removed":["Strike_B"],"damage_healed":0.0,"max_hp_gain":0.0,"max_hp_loss":0.0,"gold_gain":0.0,"event_name":"The Cleric","player_choice":"Card Removal","floor":13.0,"gold_loss":75.0,"damage_taken":0.0},{"damage_healed":0.0,"max_hp_gain":0.0,"max_hp_loss":0.0,"gold_gain":0.0,"event_name":"The Library","player_choice":"Read","floor":19.0,"gold_loss":0.0,"damage_taken":0.0,"cards_obtained":["Consume"]},{"damage_healed":0.0,"max_hp_gain":5.0,"max_hp_loss":0.0,"gold_gain":0.0,"event_name":"Forgotten Altar","player_choice":"Shed Blood","floor":20.0,"gold_loss":0.0,"damage_taken":27.0},{"cards_removed":["Defend_B"],"damage_healed":0.0,"max_hp_gain":0.0,"max_hp_loss":0.0,"gold_gain":0.0,"event_name":"Beggar","player_choice":"Gave Gold","floor":25.0,"gold_loss":75.0,"damage_taken":0.0},{"damage_healed":0.0,"max_hp_gain":0.0,"max_hp_loss":0.0,"gold_gain":0.0,"event_name":"Masked Bandits","player_choice":"Fought Bandits","floor":30.0,"gold_loss":0.0,"damage_taken":0.0},{"damage_healed":0.0,"max_hp_gain":0.0,"max_hp_loss":0.0,"gold_gain":0.0,"event_name":"MindBloom","player_choice":"Fight","floor":36.0,"gold_loss":0.0,"damage_taken":0.0},{"damage_healed":0.0,"max_hp_gain":0.0,"max_hp_loss":0.0,"gold_gain":0.0,"event_name":"Mysterious Sphere","player_choice":"Ignored","floor":37.0,"gold_loss":0.0,"damage_taken":0.0},{"damage_healed":0.0,"max_hp_gain":0.0,"max_hp_loss":0.0,"gold_gain":300.0,"event_name":"Wheel of Change","player_choice":"Gold","floor":41.0,"gold_loss":0.0,"damage_taken":0.0}],"is_beta":false,"boss_relics":[{"not_picked":["Snecko Eye","FrozenCore"],"picked":"Inserter"},{"not_picked":["Pandora\u0027s Box","Velvet Choker"],"picked":"Astrolabe"}],"items_purged_floors":[12,44,54],"is_endless":false,"potions_floor_spawned":[4,7,14,24,27,31,35,48],"ascension_level":20}