{"gold_per_floor":[214,224,238,203,203,235,11,11,11,11,11,186,214,231,231,335,335,355,374,374,374,390,416,416,416],"floor_reached":25,"playtime":1964,"items_purged":[],"score":229,"play_id":"31c5825a-6c03-48aa-aec7-c140d2244132","local_time":"20190728173118","is_ascension_mode":false,"campfire_choices":[{"floor":8,"key":"REST"},{"floor":15,"key":"REST"},{"floor":24,"key":"REST"}],"neow_cost":"NONE","seed_source_timestamp":234683219282800,"circlet_count":0,"master_deck":["Strike_G","Strike_G","Strike_G","Strike_G","Strike_G","Defend_G","Defend_G","Defend_G","Defend_G","Defend_G","Survivor","Neutralize","Poisoned Stab","Quick Slash","Deflect","Bane+1","Dash","Doubt","All Out Attack","Underhanded Strike","Corpse Explosion","Crippling Poison","Noxious Fumes","Flying Knee","Slice","Outmaneuver","Dagger Spray","Quick Slash","Decay","Venomology","Slice"],"relics":["Ring of the Snake","Thread and Needle","Unceasing Top","Happy Flower","Pantograph","Pocketwatch","Orrery","Art of War"],"potions_floor_usage":[14,16,23,23,25],"damage_taken":[{"damage":6,"enemies":"Jaw Worm","floor":1,"turns":6},{"damage":0,"enemies":"2 Louse","floor":2,"turns":2},{"damage":7,"enemies":"Small Slimes","floor":3,"turns":3},{"damage":46,"enemies":"3 Sentries","floor":6,"turns":16},{"damage":3,"enemies":"Gremlin Nob","floor":13,"turns":4},{"damage":0,"enemies":"Exordium Wildlife","floor":14,"turns":3},{"damage":19,"enemies":"Slime Boss","floor":16,"turns":10},{"damage":0,"enemies":"Shell Parasite","floor":18,"turns":4},{"damage":0,"enemies":"3 Byrds","floor":19,"turns":4},{"damage":16,"enemies":"Centurion and Healer","floor":22,"turns":6},{"damage":33,"enemies":"Gremlin Leader","floor":23,"turns":5},{"damage":47,"enemies":"Slavers","floor":25,"turns":2}],"seed_played":"-6960781558444254277","potions_obtained":[{"floor":6,"key":"Dexterity Potion"},{"floor":13,"key":"PowerPotion"},{"floor":16,"key":"GhostInAJar"},{"floor":23,"key":"SkillPotion"}],"is_trial":false,"path_per_floor":["M","M","M","?","?","E","$","R","T","?","$","?","E","M","R","B",null,"M","M","?","?","M","E","R","E"],"character_chosen":"THE_SILENT","items_purchased":["Happy Flower","Dash"],"campfire_rested":3,"item_purchase_floors":[7,7],"current_hp_per_floor":[64,64,57,70,67,21,21,42,42,42,42,42,39,39,60,51,70,70,70,70,70,54,21,42,0],"gold":416,"neow_bonus":"HUNDRED_GOLD","is_prod":false,"is_daily":false,"chose_seed":false,"campfire_upgraded":0,"win_rate":0.0,"timestamp":1564353078,"path_taken":["M","M","M","?","?","E","?","R","T","?","$","?","E","M","R","BOSS","M","M","?","?","M","E","R","E"],"build_version":"2019-07-17","purchased_purges":0,"victory":false,"max_hp_per_floor":[70,70,70,70,70,70,70,70,70,70,70,70,70,70,70,70,70,70,70,70,70,70,70,70,70],"card_choices":[{"not_picked":["Bane","Deadly Poison"],"picked":"Poisoned Stab","floor":1},{"not_picked":["Escape Plan","Cloak And Dagger"],"picked":"Quick Slash","floor":2},{"not_picked":["Reflex","Quick Slash"],"picked":"Deflect","floor":3},{"not_picked":["Unload","Expertise"],"picked":"Bane","floor":6},{"not_picked":["Backflip","Blade Dance"],"picked":"All Out Attack","floor":13},{"not_picked":["Malaise","Dodge and Roll"],"picked":"Underhanded Strike","floor":14},{"not_picked":["Doppelganger","Envenom"],"picked":"Corpse Explosion","floor":16},{"not_picked":["Terror","Poisoned Stab"],"picked":"Crippling Poison","floor":17},{"not_picked":["Sucker Punch","Flying Knee"],"picked":"Noxious Fumes","floor":17},{"not_picked":["Poisoned Stab","Cloak And Dagger"],"picked":"Flying Knee","floor":17},{"not_picked":["Eviscerate","Acrobatics"],"picked":"Slice","floor":17},{"not_picked":["Distraction","Acrobatics"],"picked":"Outmaneuver","floor":17},{"not_picked":["Dagger Throw","Acrobatics"],"picked":"Dagger Spray","floor":18},{"not_picked":["Cloak And Dagger","Dagger Throw"],"picked":"Quick Slash","floor":19},{"not_picked":["Outmaneuver+1","Deflect+1"],"picked":"Venomology","floor":22},{"not_picked":["Sucker Punch","Cloak And Dagger"],"picked":"Slice","floor":23}],"player_experience":169818,"relics_obtained":[{"floor":6,"key":"Unceasing Top"},{"floor":9,"key":"Pantograph"},{"floor":13,"key":"Pocketwatch"},{"floor":23,"key":"Art of War"}],"event_choices":[{"damage_healed":17,"gold_gain":0,"player_choice":"Healed","damage_taken":0,"max_hp_gain":0,"max_hp_loss":0,"event_name":"The Cleric","floor":4,"gold_loss":35},{"damage_healed":0,"gold_gain":0,"player_choice":"Success","damage_taken":3,"relics_obtained":["Thread and Needle"],"max_hp_gain":0,"max_hp_loss":0,"event_name":"Scrap Ooze","floor":5,"gold_loss":0},{"damage_healed":0,"gold_gain":0,"player_choice":"Grow","damage_taken":0,"max_hp_gain":0,"max_hp_loss":0,"event_name":"Living Wall","floor":10,"gold_loss":0,"cards_upgraded":["Bane"]},{"damage_healed":0,"gold_gain":175,"player_choice":"AGREE","damage_taken":0,"max_hp_gain":0,"max_hp_loss":0,"event_name":"Liars Game","floor":12,"gold_loss":0,"cards_obtained":["Doubt"]},{"damage_healed":0,"gold_gain":0,"player_choice":"Smashed Altar","damage_taken":0,"max_hp_gain":0,"max_hp_loss":0,"event_name":"Forgotten Altar","floor":20,"gold_loss":0,"cards_obtained":["Decay"]},{"damage_healed":0,"gold_gain":0,"player_choice":"Ignored","damage_taken":0,"max_hp_gain":0,"max_hp_loss":0,"event_name":"Vampires","floor":21,"gold_loss":0}],"is_beta":false,"boss_relics":[{"not_picked":["HoveringKite","Ectoplasm"],"picked":"Orrery"}],"items_purged_floors":[],"is_endless":false,"potions_floor_spawned":[6,13,16,23],"killed_by":"Slavers","ascension_level":0}