{"gold_per_floor":[112,112,131,150,163,163,197,197,222,237,237,251,251,251,251,347,347,366,384,400,420,106,106,206,206,230,240,240,274,289,304,304,304],"floor_reached":33,"playtime":2016,"items_purged":[],"score":271,"play_id":"ab7da68f-1ddf-4d86-b70d-7639fb592056","local_time":"20181128202428","is_ascension_mode":false,"campfire_choices":[{"data":"Bash","floor":6,"key":"SMITH"},{"data":"Corruption","floor":8,"key":"SMITH"},{"data":"Shrug It Off","floor":11,"key":"SMITH"},{"data":"Body Slam","floor":13,"key":"SMITH"},{"data":"Shrug It Off","floor":15,"key":"SMITH"},{"data":"Immolate","floor":23,"key":"SMITH"},{"floor":25,"key":"REST"},{"data":"Rampage","floor":28,"key":"SMITH"},{"data":"Perfected Strike","floor":32,"key":"SMITH"}],"neow_cost":"NONE","seed_source_timestamp":215654484097948,"circlet_count":0,"master_deck":["Strike_R","Strike_R","Strike_R","Strike_R","Strike_R","Defend_R","Defend_R","Defend_R","Defend_R","Bash+1","Shrug It Off+1","Corruption+1","Shrug It Off+1","Ghostly Armor","Infernal Blade","Ghostly Armor","Body Slam+1","Immolate+1","Twin Strike+1","Body Slam","Rampage+1","Anger","Anger+1","Parasite","Seeing Red","Exhume","Perfected Strike+1","Twin Strike"],"relics":["Burning Blood","NeowsBlessing","Smiling Mask","Pen Nib","Matryoshka","Cursed Key","Letter Opener","Champion Belt","Self Forming Clay","Bag of Marbles","Bronze Scales","Shuriken"],"potions_floor_usage":[7,7,24,24,29,33,33],"damage_taken":[{"damage":0,"enemies":"Small Slimes","floor":1,"turns":1},{"damage":0,"enemies":"Jaw Worm","floor":3,"turns":1},{"damage":0,"enemies":"Cultist","floor":4,"turns":1},{"damage":14,"enemies":"Blue Slaver","floor":5,"turns":5},{"damage":19,"enemies":"Gremlin Nob","floor":7,"turns":4},{"damage":8,"enemies":"Exordium Wildlife","floor":10,"turns":4},{"damage":3,"enemies":"2 Fungi Beasts","floor":12,"turns":3},{"damage":20,"enemies":"The Guardian","floor":16,"turns":13},{"damage":15,"enemies":"2 Thieves","floor":18,"turns":3},{"damage":0,"enemies":"Chosen","floor":19,"turns":3},{"damage":13,"enemies":"Snake Plant","floor":20,"turns":4},{"damage":11,"enemies":"Cultist and Chosen","floor":21,"turns":5},{"damage":27,"enemies":"Colosseum Slavers","floor":24,"turns":4},{"damage":18,"enemies":"Colosseum Nobs","floor":24,"turns":5},{"damage":0,"enemies":"Sentry and Sphere","floor":27,"turns":4},{"damage":7,"enemies":"Gremlin Leader","floor":29,"turns":3},{"damage":9,"enemies":"Centurion and Healer","floor":30,"turns":3},{"damage":10,"enemies":"3 Cultists","floor":31,"turns":4},{"damage":63,"enemies":"Collector","floor":33,"turns":6}],"seed_played":"180746386650197646","potions_obtained":[{"floor":4,"key":"Energy Potion"},{"floor":5,"key":"PowerPotion"},{"floor":18,"key":"Swift Potion"},{"floor":19,"key":"SpeedPotion"},{"floor":27,"key":"AttackPotion"},{"floor":30,"key":"SkillPotion"},{"floor":31,"key":"Poison Potion"}],"is_trial":false,"path_per_floor":["M","?","M","M","M","R","E","R","T","M","R","M","R","T","R","B",null,"M","M","M","M","$","R","?","R","T","M","R","E","M","M","R","B"],"character_chosen":"IRONCLAD","items_purchased":["Letter Opener","Anger"],"campfire_rested":1,"item_purchase_floors":[22,22],"current_hp_per_floor":[80,73,79,80,72,72,59,59,59,57,57,60,60,60,60,46,80,71,77,70,65,65,65,32,56,56,62,62,61,58,54,54,0],"gold":304,"neow_bonus":"THREE_ENEMY_KILL","is_prod":false,"is_daily":false,"chose_seed":false,"campfire_upgraded":8,"win_rate":0,"timestamp":1543454668,"path_taken":["M","?","M","M","M","R","E","R","T","M","R","M","R","?","R","BOSS","M","M","M","M","$","R","?","R","T","M","R","E","M","M","R","BOSS"],"build_version":"2018-11-15","purchased_purges":0,"victory":false,"max_hp_per_floor":[80,80,80,80,80,80,80,80,80,80,80,80,80,80,80,80,80,80,80,80,80,80,80,80,80,80,80,80,80,80,80,80,80],"card_choices":[{"not_picked":["Power Through","Hemokinesis"],"picked":"Shrug It Off","floor":1},{"not_picked":["Havoc","Shrug It Off"],"picked":"Corruption","floor":3},{"not_picked":["Second Wind","Heavy Blade"],"picked":"Shrug It Off","floor":4},{"not_picked":["Shrug It Off","Searing Blow"],"picked":"Ghostly Armor","floor":5},{"not_picked":["Headbutt","Battle Trance"],"picked":"Infernal Blade","floor":7},{"not_picked":["Heavy Blade","Pommel Strike"],"picked":"Ghostly Armor","floor":10},{"not_picked":["Warcry","Perfected Strike"],"picked":"Body Slam","floor":12},{"not_picked":["Bludgeon","Double Tap"],"picked":"Immolate","floor":16},{"not_picked":["Burning Pact","Heavy Blade+1","Clothesline"],"picked":"SKIP","floor":18},{"not_picked":["Havoc","Corruption"],"picked":"Twin Strike+1","floor":19},{"not_picked":["Feel No Pain","Carnage"],"picked":"Body Slam","floor":20},{"not_picked":["Combust","Thunderclap"],"picked":"Rampage","floor":21},{"not_picked":["Uppercut","Disarm"],"picked":"Anger+1","floor":24},{"not_picked":["Twin Strike","Anger"],"picked":"Seeing Red","floor":27},{"not_picked":["Headbutt","Thunderclap+1"],"picked":"Exhume","floor":29},{"not_picked":["Armaments","Cleave+1"],"picked":"Perfected Strike","floor":30},{"not_picked":["Clothesline","Sword Boomerang"],"picked":"Twin Strike","floor":31}],"player_experience":410579,"relics_obtained":[{"floor":7,"key":"Pen Nib"},{"floor":14,"key":"Matryoshka"},{"floor":24,"key":"Champion Belt"},{"floor":24,"key":"Self Forming Clay"},{"floor":26,"key":"Bag of Marbles"},{"floor":26,"key":"Bronze Scales"},{"floor":29,"key":"Shuriken"}],"event_choices":[{"damage_healed":0,"gold_gain":0,"player_choice":"Success","damage_taken":7,"relics_obtained":["Smiling Mask"],"max_hp_gain":0,"max_hp_loss":0,"event_name":"Scrap Ooze","floor":2,"gold_loss":0},{"damage_healed":0,"gold_gain":0,"player_choice":"Fight","damage_taken":0,"max_hp_gain":0,"max_hp_loss":0,"event_name":"Colosseum","floor":24,"gold_loss":0},{"damage_healed":0,"gold_gain":0,"player_choice":"Fought Nobs","damage_taken":0,"max_hp_gain":0,"max_hp_loss":0,"event_name":"Colosseum","floor":24,"gold_loss":0}],"is_beta":false,"boss_relics":[{"not_picked":["Busted Crown","Philosopher\u0027s Stone"],"picked":"Cursed Key"}],"items_purged_floors":[],"is_endless":false,"potions_floor_spawned":[4,5,18,19,27,30,31],"killed_by":"Collector","ascension_level":0}