{"gold_per_floor":[116,133,58,75,85,113,113,126,150,161,161,161,190,190,190,294,294,314,314,314,330,355,389,389,389,413,432,442,442,33,44,44,139,139,155,165,185,185,185,213,229,229,254,254,274,274,274,0,0,0,0,0,0,0],"floor_reached":54,"playtime":2476,"items_purged":["Defend_B","Normality"],"score":697,"play_id":"db5a0a84-2131-4a9e-a9c7-03c3eb293150","local_time":"20190417185512","is_ascension_mode":false,"campfire_choices":[{"floor":12,"key":"REST"},{"floor":15,"key":"REST"},{"floor":25,"key":"REST"},{"floor":32,"key":"REST"},{"floor":42,"key":"REST"},{"floor":44,"key":"RECALL"},{"floor":47,"key":"REST"},{"floor":49,"key":"REST"},{"data":"Defragment","floor":52,"key":"SMITH"}],"neow_cost":"NONE","seed_source_timestamp":186780020006189,"circlet_count":0,"master_deck":["Strike_B+1","Defend_B","Zap","Dualcast","Ball Lightning","Steam","Gash","Leap","Cold Snap","Beam Cell","Gash","Gash+1","White Noise+1","Steam","FTL","Conserve Battery","Creative AI","Cold Snap","RitualDagger","Fusion","Echo Form","Storm+1","Clumsy","Self Repair","Leap+1","Glacier","Loop","Blizzard","Capacitor","White Noise+1","Seek","Melter+1","Writhe","Defragment+1","Loop+1","Glacier+1","Normality","Ball Lightning","Undo+1","Cold Snap","Aggregate+1"],"relics":["Cracked Core","NeowsBlessing","Shuriken","Dream Catcher","Juzu Bracelet","Cursed Key","DataDisk","Happy Flower","Strange Spoon","Philosopher\u0027s Stone","Whetstone","Blood Vial","Bottled Tornado"],"potions_floor_usage":[10,16,16,23,23,31,35],"damage_taken":[{"damage":0,"enemies":"2 Louse","floor":1,"turns":1},{"damage":0,"enemies":"Cultist","floor":2,"turns":1},{"damage":0,"enemies":"Jaw Worm","floor":4,"turns":1},{"damage":4,"enemies":"Blue Slaver","floor":5,"turns":3},{"damage":30,"enemies":"Lagavulin","floor":6,"turns":5},{"damage":11,"enemies":"Exordium Thugs","floor":8,"turns":4},{"damage":0,"enemies":"3 Louse","floor":10,"turns":2},{"damage":30,"enemies":"Gremlin Nob","floor":13,"turns":4},{"damage":26,"enemies":"Slime Boss","floor":16,"turns":7},{"damage":10,"enemies":"Shell Parasite","floor":18,"turns":4},{"damage":9,"enemies":"Spheric Guardian","floor":21,"turns":4},{"damage":37,"enemies":"Gremlin Leader","floor":23,"turns":6},{"damage":27,"enemies":"Snake Plant","floor":27,"turns":4},{"damage":11,"enemies":"Chosen and Byrds","floor":28,"turns":7},{"damage":4,"enemies":"Sentry and Sphere","floor":31,"turns":5},{"damage":18,"enemies":"Champ","floor":33,"turns":8},{"damage":57,"enemies":"3 Darklings","floor":35,"turns":5},{"damage":0,"enemies":"3 Shapes","floor":36,"turns":4},{"damage":0,"enemies":"Transient","floor":37,"turns":5},{"damage":28,"enemies":"Nemesis","floor":40,"turns":9},{"damage":23,"enemies":"4 Shapes","floor":41,"turns":5},{"damage":53,"enemies":"3 Darklings","floor":45,"turns":4},{"damage":21,"enemies":"Time Eater","floor":50,"turns":7},{"damage":81,"enemies":"Shield and Spear","floor":54,"turns":3}],"seed_played":"326385976196236907","potions_obtained":[{"floor":4,"key":"EssenceOfSteel"},{"floor":5,"key":"Energy Potion"},{"floor":8,"key":"Explosive Potion"},{"floor":13,"key":"Regen Potion"},{"floor":21,"key":"SkillPotion"},{"floor":23,"key":"SkillPotion"},{"floor":33,"key":"Regen Potion"},{"floor":35,"key":"PowerPotion"},{"floor":37,"key":"SteroidPotion"},{"floor":41,"key":"SteroidPotion"}],"is_trial":false,"path_per_floor":["M","M","$","M","M","E","?","M","T","M","?","R","E","?","R","B",null,"M","?","?","M","T","E","?","R","T","M","M","?","$","M","R","B",null,"M","M","M","?","?","E","M","R","T","R","M","?","R","$","R","B",null,"R","$","E"],"character_chosen":"DEFECT","items_purchased":["Blizzard","Strange Spoon","Capacitor","Bottled Tornado","Cold Snap"],"campfire_rested":7,"item_purchase_floors":[30,30,30,48,48],"current_hp_per_floor":[75,75,75,75,71,41,41,30,30,30,30,52,22,22,44,18,75,65,59,59,50,50,27,27,49,49,29,25,11,11,14,38,27,80,37,44,58,58,78,57,34,58,58,58,7,7,31,31,55,36,80,80,80,0],"gold":0,"neow_bonus":"THREE_ENEMY_KILL","is_prod":false,"is_daily":false,"chose_seed":false,"campfire_upgraded":1,"win_rate":0,"timestamp":1555541712,"path_taken":["M","M","$","M","M","E","?","M","T","M","?","R","E","?","R","BOSS","M","?","?","M","?","E","?","R","T","M","M","?","?","M","R","BOSS","M","M","M","?","?","E","M","R","T","R","M","?","R","?","R","BOSS","R","$","E"],"build_version":"2019-01-23","purchased_purges":2,"victory":false,"max_hp_per_floor":[75,75,75,75,75,75,75,75,75,75,75,75,75,75,75,75,75,75,75,75,75,75,75,75,75,75,75,75,80,80,80,80,80,80,80,80,80,80,80,80,80,80,80,80,80,80,80,80,80,80,80,80,80,80],"card_choices":[{"not_picked":["Hologram","Force Field"],"picked":"Ball Lightning","floor":1},{"not_picked":["Barrage","Go for the Eyes"],"picked":"Steam","floor":2},{"not_picked":["Compile Driver","Hologram"],"picked":"Gash","floor":4},{"not_picked":["Steam","Seek"],"picked":"Leap","floor":5},{"not_picked":["Hologram","Beam Cell"],"picked":"Cold Snap","floor":6},{"not_picked":["Melter","Double Energy"],"picked":"Gash","floor":8},{"not_picked":["Ball Lightning","Auto Shields"],"picked":"Gash","floor":10},{"not_picked":["Stack","Steam Power"],"picked":"Steam","floor":12},{"not_picked":["Barrage","Multi-Cast"],"picked":"FTL","floor":13},{"not_picked":["Go for the Eyes","Turbo"],"picked":"Conserve Battery","floor":15},{"not_picked":["Reboot","Hyperbeam"],"picked":"Creative AI","floor":16},{"not_picked":["Compile Driver","Force Field"],"picked":"Cold Snap","floor":18},{"not_picked":["Stack","Steam+1"],"picked":"Storm","floor":21},{"not_picked":["Reinforced Body+1","Fusion"],"picked":"Self Repair","floor":23},{"not_picked":["Genetic Algorithm","Stack+1"],"picked":"Leap+1","floor":25},{"not_picked":["Compile Driver","Reboot"],"picked":"Glacier","floor":27},{"not_picked":["Conserve Battery","Sweeping Beam+1"],"picked":"Loop","floor":28},{"not_picked":["Leap","Coolheaded"],"picked":"White Noise+1","floor":31},{"not_picked":["Fission","Echo Form"],"picked":"Seek","floor":33},{"not_picked":["Doom and Gloom+1","Steam+1"],"picked":"Melter+1","floor":35},{"not_picked":["Streamline","Auto Shields"],"picked":"Conserve Battery","floor":36},{"not_picked":["Redo","Streamline+1","Rip and Tear"],"picked":"SKIP","floor":37},{"not_picked":["Loop","Fission"],"picked":"Defragment","floor":40},{"not_picked":["Go for the Eyes","Cold Snap"],"picked":"Loop+1","floor":41},{"not_picked":["Leap+1","Genetic Algorithm"],"picked":"Glacier+1","floor":42},{"not_picked":["Recycle","Chaos+1"],"picked":"Ball Lightning","floor":45},{"not_picked":["FTL+1","Rebound"],"picked":"Undo+1","floor":47},{"not_picked":["Streamline","Beam Cell+1"],"picked":"Aggregate+1","floor":49}],"player_experience":825877,"relics_obtained":[{"floor":6,"key":"Shuriken"},{"floor":9,"key":"Dream Catcher"},{"floor":13,"key":"Juzu Bracelet"},{"floor":23,"key":"DataDisk"},{"floor":26,"key":"Happy Flower"},{"floor":40,"key":"Whetstone"},{"floor":43,"key":"Blood Vial"}],"event_choices":[{"damage_healed":0,"gold_gain":0,"cards_transformed":["Strike_B"],"player_choice":"Change","damage_taken":0,"max_hp_gain":0,"max_hp_loss":0,"event_name":"Living Wall","floor":7,"gold_loss":0,"cards_obtained":["Beam Cell"]},{"cards_removed":["Strike_B"],"damage_healed":0,"gold_gain":0,"player_choice":"Took Card","damage_taken":0,"max_hp_gain":0,"max_hp_loss":0,"event_name":"NoteForYourself","floor":11,"gold_loss":0,"cards_obtained":["White Noise"]},{"cards_removed":["Defend_B"],"damage_healed":0,"gold_gain":0,"player_choice":"Offered Basic","damage_taken":0,"max_hp_gain":0,"max_hp_loss":0,"event_name":"Bonfire Elementals","floor":14,"gold_loss":0},{"damage_healed":0,"gold_gain":0,"player_choice":"Joined the Cult","damage_taken":6,"max_hp_gain":0,"max_hp_loss":0,"event_name":"Nest","floor":19,"gold_loss":0,"cards_obtained":["RitualDagger"]},{"damage_healed":0,"gold_gain":0,"cards_transformed":["Defend_B","Strike_B"],"player_choice":"Became Test Subject","damage_taken":0,"max_hp_gain":0,"max_hp_loss":0,"event_name":"Drug Dealer","floor":20,"gold_loss":0,"cards_obtained":["Fusion","Echo Form"]},{"damage_healed":0,"gold_gain":0,"player_choice":"Ignored","damage_taken":0,"max_hp_gain":0,"max_hp_loss":0,"event_name":"Ghosts","floor":24,"gold_loss":0},{"damage_healed":0,"gold_gain":0,"player_choice":"Shed Blood","damage_taken":19,"max_hp_gain":5,"max_hp_loss":0,"event_name":"Forgotten Altar","floor":29,"gold_loss":0},{"damage_healed":0,"gold_gain":0,"player_choice":"Forge","damage_taken":0,"max_hp_gain":0,"max_hp_loss":0,"event_name":"Accursed Blacksmith","floor":38,"gold_loss":0,"cards_upgraded":["Storm"]},{"damage_healed":20,"gold_gain":0,"player_choice":"Writhe","damage_taken":0,"max_hp_gain":0,"max_hp_loss":0,"event_name":"Winding Halls","floor":39,"gold_loss":0,"cards_obtained":["Writhe"]},{"cards_removed":["Conserve Battery"],"damage_healed":0,"gold_gain":0,"player_choice":"Removed Skill","damage_taken":0,"max_hp_gain":0,"max_hp_loss":0,"event_name":"Falling","floor":46,"gold_loss":0}],"is_beta":false,"boss_relics":[{"not_picked":["Tiny House","Fusion Hammer"],"picked":"Cursed Key"},{"not_picked":["Astrolabe","Calling Bell"],"picked":"Philosopher\u0027s Stone"}],"items_purged_floors":[3,30],"is_endless":false,"potions_floor_spawned":[4,5,8,13,21,23,33,35,37,41],"killed_by":"Shield and Spear","ascension_level":0}