{"gold_per_floor":[109,123,47,47,47,75,88,7,7,7,7,7,23,73,73,149,149,164,89,4,24,24,24,50,61,107,107,132,146,163,180,180,256,256,274,289,289,289,289,289,317,328,352,363,47,47,62,75,75,75,75,75,75,19,52,52],"floor_reached":56,"playtime":2420,"items_purged":["Strike_B","Defend_B"],"score":1934,"play_id":"f18ec345-6576-4c2d-bb0e-8df1d30edbcd","local_time":"20190626024209","is_ascension_mode":true,"campfire_choices":[{"data":"Chaos","floor":10.0,"key":"SMITH"},{"data":"Sunder","floor":12.0,"key":"SMITH"},{"data":"Zap","floor":15.0,"key":"SMITH"},{"data":"Coolheaded","floor":23.0,"key":"SMITH"},{"data":"Recycle","floor":27.0,"key":"SMITH"},{"data":"Turbo","floor":32.0,"key":"SMITH"},{"data":"Skim","floor":40.0,"key":"SMITH"},{"data":"Blizzard","floor":46.0,"key":"SMITH"},{"floor":49.0,"key":"RECALL"},{"data":"Double Energy","floor":53.0,"key":"SMITH"}],"neow_cost":"NONE","seed_source_timestamp":52672848968945,"circlet_count":0,"master_deck":["AscendersBane","Defend_B","Defend_B","Defend_B","Zap+1","Dualcast","Chaos+1","Turbo+1","Sunder+1","Cold Snap","Compile Driver+1","Self Repair","Coolheaded+1","Biased Cognition","Recycle+1","Compile Driver","Reprogram+1","Skim+1","Electrodynamics","Double Energy+1","Echo Form","Buffer","Blizzard+1","Hologram","Consume+1"],"special_seed":0,"relics":["Cracked Core","NeowsBlessing","Gremlin Horn","PreservedInsect","Sozu","DataDisk","Boot","Meat on the Bone","Empty Cage","Blood Vial","Emotion Chip","Bronze Scales","Medical Kit","Anchor"],"potions_floor_usage":[],"damage_taken":[{"damage":0.0,"enemies":"2 Louse","floor":1.0,"turns":1.0},{"damage":0.0,"enemies":"Cultist","floor":2.0,"turns":1.0},{"damage":0.0,"enemies":"Gremlin Nob","floor":6.0,"turns":1.0},{"damage":4.0,"enemies":"Jaw Worm","floor":7.0,"turns":4.0},{"damage":6.0,"enemies":"Blue Slaver","floor":13.0,"turns":4.0},{"damage":19.0,"enemies":"Hexaghost","floor":16.0,"turns":8.0},{"damage":20.0,"enemies":"2 Thieves","floor":18.0,"turns":4.0},{"damage":0.0,"enemies":"Spheric Guardian","floor":21.0,"turns":3.0},{"damage":0.0,"enemies":"Gremlin Leader","floor":24.0,"turns":4.0},{"damage":15.0,"enemies":"Snake Plant","floor":25.0,"turns":4.0},{"damage":17.0,"enemies":"Slavers","floor":28.0,"turns":3.0},{"damage":19.0,"enemies":"Snecko","floor":29.0,"turns":4.0},{"damage":22.0,"enemies":"Chosen and Byrds","floor":30.0,"turns":5.0},{"damage":1.0,"enemies":"Snake Plant","floor":31.0,"turns":4.0},{"damage":13.0,"enemies":"Champ","floor":33.0,"turns":8.0},{"damage":43.0,"enemies":"3 Darklings","floor":35.0,"turns":4.0},{"damage":6.0,"enemies":"3 Shapes","floor":36.0,"turns":4.0},{"damage":51.0,"enemies":"Nemesis","floor":41.0,"turns":5.0},{"damage":0.0,"enemies":"Sphere and 2 Shapes","floor":42.0,"turns":3.0},{"damage":6.0,"enemies":"Jaw Worm Horde","floor":44.0,"turns":2.0},{"damage":13.0,"enemies":"4 Shapes","floor":47.0,"turns":2.0},{"damage":12.0,"enemies":"Sphere and 2 Shapes","floor":48.0,"turns":6.0},{"damage":35.0,"enemies":"Donu and Deca","floor":50.0,"turns":6.0},{"damage":33.0,"enemies":"Awakened One","floor":51.0,"turns":6.0},{"damage":46.0,"enemies":"Shield and Spear","floor":55.0,"turns":4.0},{"damage":66,"enemies":"The Heart","floor":56,"turns":2}],"seed_played":"3602524490795678681","potions_obtained":[{"floor":2.0,"key":"Block Potion"},{"floor":13.0,"key":"Explosive Potion"}],"is_trial":false,"path_per_floor":["M","M","$","?","$","E","M","$","T","R","?","R","M","?","R","B",null,"M","$","?","M","?","R","E","M","T","R","E","M","M","M","R","B",null,"M","M","?","?","T","R","E","M","T","M","$","R","M","M","R","B","B",null,"R","$","E","B"],"character_chosen":"DEFECT","items_purchased":["Sunder","Self Repair","Medical Kit","Hologram"],"campfire_rested":0,"item_purchase_floors":[3,8,45,54],"current_hp_per_floor":[64,64,64,64,64,64,60,60,60,60,39,39,33,26,26,14,57,44,44,44,51,71,71,71,63,63,63,53,46,43,49,49,43,64,40,53,53,53,53,53,23,44,44,40,40,40,41,57,57,43,31,58,58,58,33,0],"gold":52,"neow_bonus":"THREE_ENEMY_KILL","is_prod":false,"is_daily":false,"chose_seed":false,"campfire_upgraded":9,"win_rate":0,"timestamp":1561488129,"path_taken":["M","M","$","?","$","E","?","$","T","R","?","R","M","?","R","BOSS","M","$","?","M","?","R","E","M","T","R","E","?","M","M","R","BOSS","M","M","?","?","?","R","E","?","T","?","$","R","M","M","R","BOSS","BOSS","R","$","E","BOSS"],"build_version":"2019-01-23","purchased_purges":2,"victory":false,"max_hp_per_floor":[71,71,71,71,71,71,71,71,71,71,71,71,71,71,71,71,71,71,71,71,71,71,71,71,71,71,71,71,71,71,71,71,71,71,71,71,67,67,67,67,67,67,67,67,67,67,67,67,67,67,67,67,67,67,67,67],"card_choices":[{"not_picked":["Rebound","Coolheaded"],"picked":"Chaos","floor":1.0},{"not_picked":["Redo","Rebound"],"picked":"Turbo","floor":2.0},{"not_picked":["Scrape","Amplify"],"picked":"Cold Snap","floor":6.0},{"not_picked":["Streamline","Cold Snap"],"picked":"Compile Driver","floor":7.0},{"not_picked":["Compile Driver","Barrage"],"picked":"Coolheaded","floor":13.0},{"not_picked":["Core Surge","Hyperbeam"],"picked":"Biased Cognition","floor":16.0},{"not_picked":["Chill","Rebound"],"picked":"Recycle","floor":18.0},{"not_picked":["Turbo","Ball Lightning"],"picked":"Compile Driver","floor":21.0},{"not_picked":["Sweeping Beam+1","Turbo"],"picked":"Reprogram+1","floor":24.0},{"not_picked":["Streamline","Ball Lightning"],"picked":"Skim","floor":25.0},{"not_picked":["Redo","Ball Lightning+1"],"picked":"Electrodynamics","floor":28.0},{"not_picked":["Steam Power","Streamline","Ball Lightning"],"picked":"SKIP","floor":29.0},{"not_picked":["Cold Snap","Streamline","Stack"],"picked":"SKIP","floor":30.0},{"not_picked":["Reinforced Body","Ball Lightning"],"picked":"Double Energy","floor":31.0},{"not_picked":["Seek","Electrodynamics"],"picked":"Echo Form","floor":33.0},{"not_picked":["Streamline","Conserve Battery","Darkness"],"picked":"SKIP","floor":35.0},{"not_picked":["Rebound","Streamline","Force Field"],"picked":"SKIP","floor":36.0},{"not_picked":["Auto Shields","Barrage"],"picked":"Buffer","floor":41.0},{"not_picked":["Sweeping Beam","Go for the Eyes+1"],"picked":"Blizzard","floor":42.0},{"not_picked":["Rip and Tear","Scrape","Compile Driver+1"],"picked":"SKIP","floor":44.0},{"not_picked":["FTL","Sweeping Beam+1","Blizzard+1"],"picked":"SKIP","floor":47.0},{"not_picked":["Compile Driver","Sweeping Beam","Streamline"],"picked":"SKIP","floor":48.0},{"not_picked":["Coolheaded+1","Sunder"],"picked":"Consume+1","floor":55.0}],"player_experience":2005575,"relics_obtained":[{"floor":6.0,"key":"Gremlin Horn"},{"floor":9.0,"key":"PreservedInsect"},{"floor":24.0,"key":"Boot"},{"floor":28.0,"key":"Meat on the Bone"},{"floor":39.0,"key":"Blood Vial"},{"floor":41.0,"key":"Emotion Chip"},{"floor":43.0,"key":"Bronze Scales"},{"floor":55.0,"key":"Anchor"}],"event_choices":[{"cards_removed":["Strike_B"],"damage_healed":0.0,"max_hp_gain":0.0,"max_hp_loss":0.0,"gold_gain":0.0,"event_name":"Purifier","player_choice":"Purged","floor":4.0,"gold_loss":0.0,"damage_taken":0.0},{"damage_healed":0.0,"max_hp_gain":0.0,"max_hp_loss":0.0,"gold_gain":0.0,"event_name":"Shining Light","player_choice":"Entered Light","floor":11.0,"gold_loss":0.0,"damage_taken":21.0,"cards_upgraded":["Compile Driver","Strike_B"]},{"damage_healed":0.0,"max_hp_gain":0.0,"max_hp_loss":0.0,"gold_gain":50.0,"event_name":"FaceTrader","player_choice":"Touch","floor":14.0,"gold_loss":0.0,"damage_taken":7.0},{"damage_healed":0.0,"max_hp_gain":0.0,"max_hp_loss":0.0,"gold_gain":0.0,"event_name":"Addict","player_choice":"Obtained Relic","floor":20.0,"gold_loss":85.0,"damage_taken":0.0,"relics_obtained":["DataDisk"]},{"damage_healed":20.0,"max_hp_gain":0.0,"max_hp_loss":0.0,"gold_gain":0.0,"event_name":"Wheel of Change","player_choice":"Full Heal","floor":22.0,"gold_loss":0.0,"damage_taken":0.0},{"damage_healed":0.0,"max_hp_gain":0.0,"max_hp_loss":4.0,"gold_gain":0.0,"event_name":"Winding Halls","player_choice":"Max HP","floor":37.0,"gold_loss":0.0,"damage_taken":0.0},{"damage_healed":0.0,"max_hp_gain":0.0,"max_hp_loss":0.0,"gold_gain":0.0,"event_name":"Tomb of Lord Red Mask","player_choice":"Ignored","floor":38.0,"gold_loss":0.0,"damage_taken":0.0}],"is_beta":false,"boss_relics":[{"not_picked":["Ectoplasm","Tiny House"],"picked":"Sozu"},{"not_picked":["FrozenCore","Calling Bell"],"picked":"Empty Cage"}],"items_purged_floors":[19,45],"is_endless":false,"potions_floor_spawned":[2,13,16,18,24,30,31,33,35,41,47],"killed_by":"The Heart","ascension_level":20}