{"gold_per_floor":[113,113,124,49,66,66,99,99,125,41,51,51,83,83,83,157,207,220,220,220,145,157,182,193,206,280,280,299,332,232,263,263,342,342,359,371,390,390,179,211,223,261,299,311,375,312,334,346,358,370,382,394,406,7,36,36],"floor_reached":57,"playtime":2626,"items_purged":["Strike_G","Strike_G","Strike_G","Defend_G"],"score":3387,"play_id":"6fb95fa4-f5af-4c62-89e0-76e0c1aacc92","local_time":"20190516173540","is_ascension_mode":true,"campfire_choices":[{"data":"Deadly Poison","floor":6.0,"key":"SMITH"},{"data":"Neutralize","floor":8.0,"key":"SMITH"},{"data":"Grand Finale","floor":15.0,"key":"SMITH"},{"data":"Tactician","floor":27.0,"key":"SMITH"},{"floor":32.0,"key":"REST"},{"data":"Calculated Gamble","floor":41.0,"key":"SMITH"},{"floor":49.0,"key":"RECALL"},{"data":"Burst","floor":53,"key":"SMITH"}],"neow_cost":"NONE","seed_source_timestamp":0,"circlet_count":0,"master_deck":["AscendersBane","Defend_G+1","Defend_G+1","Neutralize+1","Deadly Poison+1","Grand Finale+1","Expertise+1","After Image+1","Acrobatics+1","Calculated Gamble+1","Tactician+1","Footwork","Adrenaline","Blur+1","Prepared+1","Burst+1","After Image+1","After Image+1","Panacea"],"special_seed":0,"relics":["Ring of the Snake","NeowsBlessing","Pen Nib","Lantern","Juzu Bracelet","War Paint","Tiny House","Dodecahedron","Bottled Lightning","Red Mask","Eternal Feather","MawBank","Frozen Egg 2","Unceasing Top","Vajra"],"potions_floor_usage":[55,56,56],"damage_taken":[{"damage":0.0,"enemies":"2 Louse","floor":1.0,"turns":1.0},{"damage":0.0,"enemies":"Cultist","floor":3.0,"turns":1.0},{"damage":0.0,"enemies":"Jaw Worm","floor":5.0,"turns":1.0},{"damage":22.0,"enemies":"Lagavulin","floor":7.0,"turns":8.0},{"damage":0.0,"enemies":"Looter","floor":11.0,"turns":3.0},{"damage":8.0,"enemies":"Gremlin Nob","floor":13.0,"turns":3.0},{"damage":0.0,"enemies":"Hexaghost","floor":16.0,"turns":7.0},{"damage":9.0,"enemies":"3 Byrds","floor":18.0,"turns":4.0},{"damage":0.0,"enemies":"Spheric Guardian","floor":22.0,"turns":3.0},{"damage":7.0,"enemies":"Book of Stabbing","floor":23.0,"turns":4.0},{"damage":4.0,"enemies":"Centurion and Healer","floor":24.0,"turns":2.0},{"damage":6.0,"enemies":"Snake Plant","floor":25.0,"turns":4.0},{"damage":0.0,"enemies":"3 Cultists","floor":28.0,"turns":3.0},{"damage":0.0,"enemies":"Slavers","floor":29.0,"turns":1.0},{"damage":22.0,"enemies":"Masked Bandits","floor":31.0,"turns":3.0},{"damage":34.0,"enemies":"Automaton","floor":33.0,"turns":10.0},{"damage":0.0,"enemies":"Orb Walker","floor":35.0,"turns":4.0},{"damage":23.0,"enemies":"3 Shapes","floor":36.0,"turns":9.0},{"damage":11.0,"enemies":"Spire Growth","floor":37.0,"turns":6.0},{"damage":0.0,"enemies":"Nemesis","floor":40.0,"turns":9.0},{"damage":0.0,"enemies":"Giant Head","floor":42.0,"turns":10.0},{"damage":0.0,"enemies":"2 Orb Walkers","floor":45.0,"turns":4.0},{"damage":0.0,"enemies":"Writhing Mass","floor":47.0,"turns":2.0},{"damage":0.0,"enemies":"Time Eater","floor":50.0,"turns":10.0},{"damage":0.0,"enemies":"Donu and Deca","floor":51.0,"turns":4.0},{"damage":0,"enemies":"Shield and Spear","floor":55,"turns":4},{"damage":5,"enemies":"The Heart","floor":56,"turns":8}],"seed_played":"-9123486032220484500","potions_obtained":[{"floor":1.0,"key":"LiquidBronze"},{"floor":5.0,"key":"SpeedPotion"},{"floor":16.0,"key":"SkillPotion"},{"floor":22.0,"key":"GamblersBrew"},{"floor":24.0,"key":"Strength Potion"},{"floor":28.0,"key":"PowerPotion"},{"floor":29.0,"key":"Strength Potion"},{"floor":40.0,"key":"EssenceOfSteel"},{"floor":45.0,"key":"Block Potion"},{"floor":55,"key":"Strength Potion"}],"is_trial":false,"path_per_floor":["M","?","M","?","M","R","E","R","T","$","M","?","E","?","R","B",null,"M","?","?","$","M","E","M","M","T","R","M","E","$","?","R","B",null,"M","M","M","?","$","E","R","E","T","?","?","?","M","?","R","B","B",null,"R","$","E","B",null],"character_chosen":"THE_SILENT","items_purchased":["Expertise","GamblersBrew","After Image+1","Panacea"],"campfire_rested":1,"item_purchase_floors":[10,39,54,54],"current_hp_per_floor":[59,59,59,59,59,59,37,37,37,37,37,37,29,29,29,29,62,53,53,53,53,53,46,42,36,36,36,36,36,36,14,35,1,54,54,31,20,58,58,58,58,58,58,58,58,58,58,58,58,58,58,58,58,58,58,53],"gold":36,"neow_bonus":"THREE_ENEMY_KILL","is_prod":false,"is_daily":false,"chose_seed":false,"campfire_upgraded":6,"win_rate":0,"timestamp":1557999340,"path_taken":["M","?","M","?","M","R","E","R","T","$","M","?","E","?","R","BOSS","M","?","?","$","M","E","M","M","T","R","M","E","$","?","R","BOSS","M","M","M","?","$","E","R","E","T","?","?","?","M","?","R","BOSS","BOSS","R","$","E","BOSS"],"build_version":"2019-01-23","purchased_purges":4,"victory":true,"max_hp_per_floor":[66,66,66,66,66,66,66,66,66,66,66,66,66,66,66,66,71,71,71,71,71,71,71,71,71,71,71,71,71,71,71,71,71,71,71,71,71,58,58,58,58,58,58,58,58,58,58,58,58,58,58,58,58,58,58,58],"card_choices":[{"not_picked":["Dagger Spray","Distraction","Riddle With Holes"],"picked":"SKIP","floor":1.0},{"not_picked":["Dagger Spray","Distraction","Riddle With Holes"],"picked":"SKIP","floor":1.0},{"not_picked":["Underhanded Strike","Sucker Punch","Flying Knee"],"picked":"SKIP","floor":3.0},{"not_picked":["Backflip","Backstab"],"picked":"Deadly Poison","floor":5.0},{"not_picked":["Flechettes","Quick Slash"],"picked":"Grand Finale","floor":7.0},{"not_picked":["Accuracy","Dodge and Roll","Eviscerate"],"picked":"SKIP","floor":11.0},{"not_picked":["Prepared","Bane","PiercingWail"],"picked":"SKIP","floor":13.0},{"not_picked":["Corpse Explosion","Envenom"],"picked":"After Image","floor":16.0},{"not_picked":["Sucker Punch","Riddle With Holes"],"picked":"Acrobatics","floor":17.0},{"not_picked":["Noxious Fumes","PiercingWail","Reflex"],"picked":"SKIP","floor":18.0},{"not_picked":["Outmaneuver","Flying Knee","Poisoned Stab"],"picked":"SKIP","floor":22.0},{"not_picked":["Finisher","Cloak And Dagger","Bullet Time"],"picked":"SKIP","floor":23.0},{"not_picked":["Quick Slash","Cloak And Dagger","Slice"],"picked":"SKIP","floor":24.0},{"not_picked":["Prepared","Dagger Throw"],"picked":"Tactician","floor":25.0},{"not_picked":["Prepared","Dash","Quick Slash+1"],"picked":"SKIP","floor":28.0},{"not_picked":["Night Terror","Sucker Punch","Expertise"],"picked":"SKIP","floor":29.0},{"not_picked":["Backflip","PiercingWail"],"picked":"Footwork","floor":31.0},{"not_picked":["Corpse Explosion","Glass Knife"],"picked":"Adrenaline","floor":33.0},{"not_picked":["Infinite Blades","Skewer+1","Flying Knee"],"picked":"SKIP","floor":35.0},{"not_picked":["Quick Slash","Deadly Poison","Setup"],"picked":"SKIP","floor":36.0},{"not_picked":["Blur+1","Dagger Throw","Escape Plan"],"picked":"SKIP","floor":37.0},{"not_picked":["Dagger Throw","Escape Plan"],"picked":"Blur+1","floor":37.0},{"not_picked":["Blade Dance","Distraction","Deflect"],"picked":"SKIP","floor":40.0},{"not_picked":["Underhanded Strike","Acrobatics","Concentrate"],"picked":"SKIP","floor":42.0},{"not_picked":["Predator","Heel Hook"],"picked":"Prepared+1","floor":45.0},{"not_picked":["Acrobatics","Deflect","Dash"],"picked":"SKIP","floor":47.0},{"not_picked":["Glass Knife","Sucker Punch+1","Expertise"],"picked":"SKIP","floor":55}],"player_experience":1709926,"relics_obtained":[{"floor":7.0,"key":"Pen Nib"},{"floor":9.0,"key":"Lantern"},{"floor":13.0,"key":"Juzu Bracelet"},{"floor":23.0,"key":"Dodecahedron"},{"floor":26.0,"key":"Bottled Lightning"},{"floor":31.0,"key":"Red Mask"},{"floor":40.0,"key":"MawBank"},{"floor":42.0,"key":"Frozen Egg 2"},{"floor":45.0,"key":"Unceasing Top"},{"floor":55,"key":"Vajra"}],"event_choices":[{"cards_removed":["Strike_G"],"damage_healed":0.0,"max_hp_gain":0.0,"max_hp_loss":0.0,"gold_gain":0.0,"event_name":"Living Wall","player_choice":"Forget","floor":2.0,"gold_loss":0.0,"damage_taken":0.0},{"cards_removed":["Strike_G"],"damage_healed":0.0,"max_hp_gain":0.0,"max_hp_loss":0.0,"gold_gain":0.0,"event_name":"The Cleric","player_choice":"Card Removal","floor":4.0,"gold_loss":75.0,"damage_taken":0.0},{"damage_healed":0.0,"max_hp_gain":0.0,"max_hp_loss":0.0,"gold_gain":0.0,"event_name":"Upgrade Shrine","player_choice":"Upgraded","floor":12.0,"gold_loss":0.0,"damage_taken":0.0,"cards_upgraded":["Expertise"]},{"damage_healed":0.0,"max_hp_gain":0.0,"max_hp_loss":0.0,"gold_gain":0.0,"event_name":"Dead Adventurer","player_choice":"Searched \u00271\u0027 times","floor":14.0,"gold_loss":0.0,"damage_taken":0.0,"relics_obtained":["War Paint"]},{"damage_healed":0.0,"max_hp_gain":0.0,"max_hp_loss":0.0,"gold_gain":0.0,"event_name":"Ghosts","player_choice":"Ignored","floor":19.0,"gold_loss":0.0,"damage_taken":0.0},{"damage_healed":0.0,"max_hp_gain":0.0,"max_hp_loss":0.0,"gold_gain":0.0,"event_name":"The Library","player_choice":"Read","floor":20.0,"gold_loss":0.0,"damage_taken":0.0,"cards_obtained":["Calculated Gamble"]},{"damage_healed":0.0,"max_hp_gain":0.0,"max_hp_loss":0.0,"gold_gain":0.0,"event_name":"Masked Bandits","player_choice":"Fought Bandits","floor":31.0,"gold_loss":0.0,"damage_taken":0.0},{"damage_healed":58.0,"max_hp_gain":0.0,"max_hp_loss":13.0,"gold_gain":0.0,"event_name":"The Moai Head","player_choice":"Heal","floor":38.0,"gold_loss":0.0,"damage_taken":0.0},{"cards_removed":["Survivor"],"damage_healed":0.0,"max_hp_gain":0.0,"max_hp_loss":0.0,"gold_gain":0.0,"event_name":"Falling","player_choice":"Removed Skill","floor":44.0,"gold_loss":0.0,"damage_taken":0.0},{"damage_healed":0.0,"max_hp_gain":0.0,"max_hp_loss":0.0,"gold_gain":0.0,"event_name":"Mysterious Sphere","player_choice":"Fight","floor":45.0,"gold_loss":0.0,"damage_taken":0.0},{"damage_healed":0.0,"max_hp_gain":0.0,"max_hp_loss":0.0,"gold_gain":0.0,"cards_transformed":["Defend_G","Defend_G"],"event_name":"Designer","player_choice":"Transformed Cards","floor":46.0,"gold_loss":75.0,"damage_taken":0.0,"cards_obtained":["Burst","After Image"]},{"damage_healed":0.0,"max_hp_gain":0.0,"max_hp_loss":0.0,"gold_gain":0.0,"event_name":"Upgrade Shrine","player_choice":"Upgraded","floor":48.0,"gold_loss":0.0,"damage_taken":0.0,"cards_upgraded":["Acrobatics"]}],"is_beta":false,"boss_relics":[{"not_picked":["Ectoplasm","Philosopher\u0027s Stone"],"picked":"Tiny House"},{"not_picked":["WristBlade","Calling Bell"],"picked":"Eternal Feather"}],"items_purged_floors":[21,30,39,54],"is_endless":false,"potions_floor_spawned":[1,5,11,16,22,24,28,29,37,40,45,47,55],"ascension_level":20}