{"gold_per_floor":[109,184,184,200,215,215,227,227,227,243,98,98,108,8,8,86,86,102,115,165,165,265,265,279,279,303,11,27,27,42,42,42,119,119,139,139,154,154,29,29,29,63,88,107,123,123,153,163,163,163,163,163,13,47,47],"floor_reached":55,"playtime":2413,"items_purged":["Strike_G","Strike_G","Defend_G","Defend_G"],"score":1342,"play_id":"87a31f30-70f5-46f0-9cd1-4fe74cb3aadc","local_time":"20190605195844","is_ascension_mode":true,"campfire_choices":[{"data":"Noxious Fumes","floor":6.0,"key":"SMITH"},{"data":"Strike_G","floor":8.0,"key":"PURGE"},{"floor":15.0,"key":"REST"},{"data":"Calculated Gamble","floor":23.0,"key":"SMITH"},{"data":"Strike_G","floor":25.0,"key":"PURGE"},{"data":"Defend_G","floor":29.0,"key":"PURGE"},{"data":"Neutralize","floor":32.0,"key":"SMITH"},{"data":"Defend_G","floor":40.0,"key":"PURGE"},{"floor":49,"key":"RECALL"},{"data":"Defend_G","floor":52,"key":"PURGE"}],"neow_cost":"PERCENT_DAMAGE","seed_source_timestamp":0,"circlet_count":0,"master_deck":["AscendersBane","Survivor","Neutralize+1","Caltrops","Noxious Fumes+1","Calculated Gamble+1","PiercingWail","Well Laid Plans","Catalyst","Crippling Poison","Tactician+1","Grand Finale","Expertise+1","Quick Slash"],"special_seed":0,"relics":["Ring of the Serpent","Peace Pipe","Happy Flower","Runic Pyramid","Torii","Darkstone Periapt","Omamori","Pantograph","Sundial","Vajra","Bag of Preparation"],"potions_floor_usage":[47,55],"damage_taken":[{"damage":1.0,"enemies":"2 Louse","floor":1.0,"turns":3.0},{"damage":3.0,"enemies":"Small Slimes","floor":4.0,"turns":6.0},{"damage":1.0,"enemies":"Cultist","floor":5.0,"turns":4.0},{"damage":2.0,"enemies":"2 Fungi Beasts","floor":7.0,"turns":5.0},{"damage":0.0,"enemies":"Red Slaver","floor":10.0,"turns":5.0},{"damage":12.0,"enemies":"Exordium Wildlife","floor":13.0,"turns":7.0},{"damage":14.0,"enemies":"The Guardian","floor":16.0,"turns":12.0},{"damage":3.0,"enemies":"Chosen","floor":18.0,"turns":6.0},{"damage":9.0,"enemies":"Shell Parasite","floor":19.0,"turns":6.0},{"damage":11.0,"enemies":"Colosseum Slavers","floor":22.0,"turns":5.0},{"damage":10.0,"enemies":"Colosseum Nobs","floor":22.0,"turns":4.0},{"damage":1.0,"enemies":"Sentry and Sphere","floor":24.0,"turns":4.0},{"damage":1.0,"enemies":"Chosen and Byrds","floor":28.0,"turns":6.0},{"damage":1.0,"enemies":"Shelled Parasite and Fungi","floor":30.0,"turns":3.0},{"damage":0.0,"enemies":"Champ","floor":33.0,"turns":9.0},{"damage":2.0,"enemies":"3 Shapes","floor":35.0,"turns":4.0},{"damage":13.0,"enemies":"3 Darklings","floor":37.0,"turns":4.0},{"damage":2.0,"enemies":"Giant Head","floor":42.0,"turns":5.0},{"damage":38.0,"enemies":"4 Shapes","floor":44.0,"turns":5.0},{"damage":6.0,"enemies":"Writhing Mass","floor":45.0,"turns":4.0},{"damage":19,"enemies":"Nemesis","floor":47,"turns":7},{"damage":0,"enemies":"Sphere and 2 Shapes","floor":48,"turns":3},{"damage":28,"enemies":"Awakened One","floor":50,"turns":6},{"damage":35,"enemies":"Shield and Spear","floor":54,"turns":3},{"damage":50,"enemies":"The Heart","floor":55,"turns":3}],"seed_played":"5221513909476466033","potions_obtained":[{"floor":1.0,"key":"SkillPotion"},{"floor":4.0,"key":"Dexterity Potion"},{"floor":19.0,"key":"Swift Potion"},{"floor":30.0,"key":"SteroidPotion"},{"floor":37.0,"key":"Regen Potion"},{"floor":45.0,"key":"SkillPotion"},{"floor":48,"key":"Energy Potion"}],"is_trial":false,"path_per_floor":["M","?","?","M","M","R","M","R","T","M","$","?","M","$","R","B",null,"M","M","?","?","?","R","M","R","T","$","M","R","M","?","R","B",null,"M","?","M","?","$","R","$","E","T","M","M","?","E","M","R","B",null,"R","$","E","B"],"character_chosen":"THE_SILENT","items_purchased":["Well Laid Plans","Pantograph","Dexterity Potion"],"campfire_rested":1,"item_purchase_floors":[11,27,27],"current_hp_per_floor":[43,32,32,29,28,28,26,26,26,26,26,26,14,14,33,19,54,51,42,42,42,21,21,20,20,20,20,19,19,18,18,18,43,60,58,58,45,45,45,45,45,43,43,19,13,26,7,7,7,4,51,51,51,16,0],"gold":47,"neow_bonus":"ONE_RARE_RELIC","is_prod":false,"is_daily":false,"chose_seed":true,"campfire_upgraded":3,"win_rate":0,"timestamp":1559735924,"path_taken":["M","?","?","M","?","R","M","R","T","M","$","?","?","$","R","BOSS","M","M","?","?","?","R","M","R","T","$","M","R","M","?","R","BOSS","M","?","M","?","?","R","$","E","T","M","M","?","E","M","R","BOSS","R","$","E","BOSS"],"build_version":"2019-01-23","purchased_purges":4,"victory":false,"max_hp_per_floor":[66,66,66,66,66,66,66,66,66,66,66,66,66,66,66,66,66,66,66,66,66,66,66,66,66,66,66,66,66,66,66,66,66,66,66,66,66,66,66,66,66,66,66,66,66,66,66,66,66,66,66,66,66,66,66],"card_choices":[{"not_picked":["Dodge and Roll","Acrobatics"],"picked":"Caltrops","floor":1.0},{"not_picked":["Poisoned Stab","Skewer","Cloak And Dagger"],"picked":"SKIP","floor":4.0},{"not_picked":["Quick Slash","Masterful Stab","Backflip"],"picked":"SKIP","floor":5.0},{"not_picked":["Sucker Punch","Deadly Poison"],"picked":"Calculated Gamble","floor":7.0},{"not_picked":["Tools of the Trade","Quick Slash"],"picked":"PiercingWail","floor":10.0},{"not_picked":["Acrobatics","Reflex"],"picked":"Catalyst","floor":13.0},{"not_picked":["Storm of Steel","Bullet Time"],"picked":"Die Die Die","floor":16.0},{"not_picked":["Quick Slash","Underhanded Strike"],"picked":"Crippling Poison","floor":18.0},{"not_picked":["Sucker Punch","Prepared"],"picked":"Tactician+1","floor":19.0},{"not_picked":["Outmaneuver","Escape Plan"],"picked":"Expertise+1","floor":22.0},{"not_picked":["Choke","Outmaneuver","Expertise"],"picked":"SKIP","floor":24.0},{"not_picked":["Flying Knee","Deflect","Slice"],"picked":"SKIP","floor":28.0},{"not_picked":["Dagger Throw","Deadly Poison","Bane"],"picked":"SKIP","floor":30.0},{"not_picked":["Dagger Throw","Blade Dance+1","Outmaneuver"],"picked":"SKIP","floor":35.0},{"not_picked":["Prepared","Dagger Throw+1","Outmaneuver+1"],"picked":"SKIP","floor":37.0},{"not_picked":["Blur","Dodge and Roll","Bouncing Flask"],"picked":"SKIP","floor":42.0},{"not_picked":["Outmaneuver+1","Blade Dance","Bane"],"picked":"SKIP","floor":44.0},{"not_picked":["Tactician","Choke","Tools of the Trade"],"picked":"SKIP","floor":45.0},{"not_picked":["Noxious Fumes","Dagger Throw","Cloak And Dagger"],"picked":"SKIP","floor":47},{"not_picked":["Slice","Outmaneuver"],"picked":"Quick Slash","floor":48},{"not_picked":["Sucker Punch","Backstab","Prepared"],"picked":"SKIP","floor":54}],"player_experience":1879801,"relics_obtained":[{"floor":9.0,"key":"Happy Flower"},{"floor":22.0,"key":"Torii"},{"floor":22.0,"key":"Darkstone Periapt"},{"floor":26.0,"key":"Omamori"},{"floor":42.0,"key":"Sundial"},{"floor":47,"key":"Vajra"},{"floor":54,"key":"Bag of Preparation"}],"event_choices":[{"damage_healed":0.0,"max_hp_gain":0.0,"max_hp_loss":0.0,"gold_gain":75.0,"event_name":"World of Goop","player_choice":"Gather Gold","floor":2.0,"gold_loss":0.0,"damage_taken":11.0},{"damage_healed":0.0,"max_hp_gain":0.0,"max_hp_loss":0.0,"gold_gain":0.0,"cards_transformed":["Strike_G"],"event_name":"Transmorgrifier","player_choice":"Transformed","floor":3.0,"gold_loss":0.0,"damage_taken":0.0,"cards_obtained":["Noxious Fumes"]},{"damage_healed":0.0,"max_hp_gain":0.0,"max_hp_loss":0.0,"gold_gain":0.0,"event_name":"Match and Keep!","player_choice":"0 cards matched","floor":12.0,"gold_loss":0.0,"damage_taken":0.0,"cards_obtained":[]},{"damage_healed":0.0,"max_hp_gain":0.0,"max_hp_loss":0.0,"gold_gain":50.0,"event_name":"Nest","player_choice":"Stole From Cult","floor":20.0,"gold_loss":0.0,"damage_taken":0.0},{"damage_healed":0.0,"max_hp_gain":0.0,"max_hp_loss":0.0,"gold_gain":0.0,"event_name":"The Library","player_choice":"Read","floor":21.0,"gold_loss":0.0,"damage_taken":0.0,"cards_obtained":["Grand Finale"]},{"damage_healed":0.0,"max_hp_gain":0.0,"max_hp_loss":0.0,"gold_gain":0.0,"event_name":"Colosseum","player_choice":"Fight","floor":22.0,"gold_loss":0.0,"damage_taken":0.0},{"damage_healed":0.0,"max_hp_gain":0.0,"max_hp_loss":0.0,"gold_gain":0.0,"event_name":"Colosseum","player_choice":"Fought Nobs","floor":22.0,"gold_loss":0.0,"damage_taken":0.0},{"damage_healed":0.0,"max_hp_gain":0.0,"max_hp_loss":0.0,"gold_gain":0.0,"event_name":"Cursed Tome","player_choice":"Ignored","floor":31.0,"gold_loss":0.0,"damage_taken":0.0},{"damage_healed":0.0,"max_hp_gain":0.0,"max_hp_loss":0.0,"gold_gain":0.0,"event_name":"Mysterious Sphere","player_choice":"Ignored","floor":36.0,"gold_loss":0.0,"damage_taken":0.0},{"cards_removed":["Die Die Die"],"damage_healed":0.0,"max_hp_gain":0.0,"max_hp_loss":0.0,"gold_gain":0.0,"event_name":"Falling","player_choice":"Removed Attack","floor":38.0,"gold_loss":0.0,"damage_taken":0.0},{"damage_healed":13.0,"max_hp_gain":0.0,"max_hp_loss":0.0,"gold_gain":0.0,"event_name":"Winding Halls","player_choice":"Writhe","floor":46.0,"gold_loss":0.0,"damage_taken":0.0,"cards_obtained":["Writhe"]}],"is_beta":false,"boss_relics":[{"not_picked":["Eternal Feather","WristBlade"],"picked":"Runic Pyramid"},{"not_picked":["Calling Bell","HoveringKite"],"picked":"Ring of the Serpent"}],"items_purged_floors":[11,14,39,53],"is_endless":false,"potions_floor_spawned":[1,4,5,19,22,30,37,45,48],"killed_by":"The Heart","ascension_level":15}