{"gold_per_floor":[115,115,13,23,34,34,65,65,65,65,65,65,65,94,94,168,168,182,182,193,207,207],"floor_reached":22,"playtime":421,"items_purged":[],"score":384,"play_id":"c9808387-44a2-4804-93eb-0e6290222bc9","local_time":"20190524212105","is_ascension_mode":true,"campfire_choices":[{"data":"Defragment","floor":6,"key":"SMITH"},{"data":"Zap","floor":8,"key":"SMITH"},{"data":"Dualcast","floor":10,"key":"SMITH"},{"data":"Coolheaded","floor":13,"key":"SMITH"},{"data":"Recycle","floor":15,"key":"SMITH"}],"neow_cost":"NONE","seed_source_timestamp":8551856112025,"circlet_count":0,"master_deck":["AscendersBane","Strike_B","Strike_B","Strike_B","Strike_B","Defend_B","Defend_B+1","Defend_B","Defend_B","Zap+1","Dualcast+1","Self Repair","Multi-Cast","Undo","Defragment+1","Coolheaded+1","Tempest+1","Recycle+1","Genetic Algorithm","Buffer","Fission","Double Energy","Heatsinks"],"special_seed":0,"relics":["Cracked Core","NeowsBlessing","Symbiotic Virus","Bottled Lightning","Cables","White Beast Statue","Singing Bowl"],"potions_floor_usage":[12,16,21,22],"damage_taken":[{"damage":0.0,"enemies":"Cultist","floor":1.0,"turns":1.0},{"damage":0,"enemies":"Jaw Worm","floor":4,"turns":1},{"damage":0,"enemies":"Small Slimes","floor":5,"turns":1},{"damage":30,"enemies":"Lagavulin","floor":7,"turns":8},{"damage":5,"enemies":"3 Sentries","floor":14,"turns":6},{"damage":24,"enemies":"Slime Boss","floor":16,"turns":5},{"damage":2,"enemies":"Spheric Guardian","floor":18,"turns":3},{"damage":9,"enemies":"Chosen","floor":20,"turns":4},{"damage":26,"enemies":"Snake Plant","floor":21,"turns":3},{"damage":25,"enemies":"Shelled Parasite and Fungi","floor":22,"turns":2}],"seed_played":"-6176955530343144978","potions_obtained":[{"floor":1.0,"key":"Strength Potion"},{"floor":12,"key":"Fruit Juice"},{"floor":12,"key":"EssenceOfSteel"},{"floor":18,"key":"Explosive Potion"},{"floor":20,"key":"SkillPotion"},{"floor":21,"key":"Explosive Potion"}],"is_trial":false,"path_per_floor":["M","?","$","M","M","R","E","R","T","R","?","?","R","E","R","B",null,"M","T","M","M","M"],"character_chosen":"DEFECT","items_purchased":["Defragment","Coolheaded"],"campfire_rested":0,"item_purchase_floors":[3,3],"current_hp_per_floor":[64,64,64,64,64,64,41,41,41,41,20,25,25,27,27,10,60,58,58,49,25,0],"gold":207,"neow_bonus":"THREE_ENEMY_KILL","is_prod":false,"is_daily":false,"chose_seed":false,"campfire_upgraded":5,"win_rate":0,"timestamp":1558704065,"path_taken":["M","?","$","M","?","R","E","R","T","R","?","?","R","E","R","BOSS","M","?","M","M","?"],"build_version":"2019-01-23","purchased_purges":0,"victory":false,"max_hp_per_floor":[71,71,71,71,71,71,71,71,71,71,71,76,76,76,76,76,76,76,76,76,78,78],"card_choices":[{"not_picked":["Melter","Gash"],"picked":"Self Repair","floor":1.0},{"not_picked":["Sweeping Beam","Hologram"],"picked":"Tempest","floor":4},{"not_picked":["Compile Driver","Streamline"],"picked":"Recycle","floor":5},{"not_picked":["Gash","Leap"],"picked":"Genetic Algorithm","floor":7},{"not_picked":["Coolheaded","Loop"],"picked":"Buffer","floor":14},{"not_picked":["Rainbow","Amplify"],"picked":"Fission","floor":16},{"not_picked":["Force Field","Compile Driver"],"picked":"Double Energy","floor":18},{"not_picked":["Cold Snap","Sweeping Beam"],"picked":"Heatsinks","floor":20},{"not_picked":["Redo","Static Discharge","Darkness"],"picked":"Singing Bowl","floor":21}],"player_experience":1765388,"relics_obtained":[{"floor":7,"key":"Symbiotic Virus"},{"floor":9,"key":"Bottled Lightning"},{"floor":14,"key":"Cables"},{"floor":19,"key":"Singing Bowl"}],"event_choices":[{"damage_healed":0,"gold_gain":0,"player_choice":"2 cards matched","damage_taken":0,"max_hp_gain":0,"max_hp_loss":0,"event_name":"Match and Keep!","floor":2,"gold_loss":0,"cards_obtained":["Multi-Cast","Undo"]},{"damage_healed":0,"gold_gain":0,"player_choice":"Entered Light","damage_taken":21,"max_hp_gain":0,"max_hp_loss":0,"event_name":"Shining Light","floor":11,"gold_loss":0,"cards_upgraded":["Tempest","Defend_B"]},{"damage_healed":0,"gold_gain":0,"player_choice":"Got Potions","damage_taken":0,"max_hp_gain":0,"max_hp_loss":0,"event_name":"Lab","floor":12,"gold_loss":0}],"is_beta":false,"boss_relics":[{"not_picked":["Velvet Choker","Snecko Eye"],"picked":"White Beast Statue"}],"items_purged_floors":[],"is_endless":false,"potions_floor_spawned":[1,18,20,21],"killed_by":"Shelled Parasite and Fungi","ascension_level":20}