{"gold_per_floor":[119,139,139,149,161,161,180,180,203,203,233,251,251,263,263,361,361,372,392,392],"floor_reached":20,"playtime":1805,"items_purged":[],"score":178,"play_id":"b0560f7a-4b1f-4916-8241-cb0a3e1ab8b7","local_time":"20180705230524","is_ascension_mode":false,"campfire_choices":[{"floor":6,"key":"REST"},{"floor":8,"key":"REST"},{"data":"Noxious Fumes","floor":10,"key":"SMITH"},{"data":"Bane","floor":15,"key":"SMITH"}],"neow_cost":"NONE","seed_source_timestamp":1985170551907649,"circlet_count":0,"master_deck":["Defend_G","Defend_G+1","Defend_G","Defend_G","Defend_G","Strike_G","Strike_G","Strike_G","Strike_G","Strike_G","Neutralize","Outmaneuver+1","Poisoned Stab","Noxious Fumes+1","Predator+1","Flying Knee","Flying Knee","Dash","Deadly Poison","Bane+1","A Thousand Cuts","Writhe","Clumsy","Injury","Escape Plan","Deflect+1"],"special_seed":17718,"relics":["Ring of the Snake","Happy Flower","Bag of Marbles","Calling Bell","Ancient Tea Set","Letter Opener","Tingsha"],"potions_floor_usage":[5,14,14],"damage_taken":[{"damage":8,"enemies":"2 Louse","floor":1,"turns":4},{"damage":0,"enemies":"Small Slimes","floor":2,"turns":3},{"damage":0,"enemies":"Cultist","floor":4,"turns":4},{"damage":13,"enemies":"Lots of Slimes","floor":5,"turns":4},{"damage":1,"enemies":"2 Fungi Beasts","floor":7,"turns":3},{"damage":3,"enemies":"Gremlin Nob","floor":11,"turns":3},{"damage":4,"enemies":"Exordium Thugs","floor":12,"turns":3},{"damage":5,"enemies":"Gremlin Gang","floor":14,"turns":3},{"damage":44,"enemies":"The Guardian","floor":16,"turns":7},{"damage":36,"enemies":"Spheric Guardian","floor":18,"turns":6},{"damage":28,"enemies":"Shell Parasite","floor":19,"turns":5},{"damage":10,"enemies":"Snake Plant","floor":20,"turns":1}],"seed_played":"5817395935918426280","potions_obtained":[{"floor":1,"key":"Fire Potion"},{"floor":4,"key":"AttackPotion"},{"floor":11,"key":"Energy Potion"},{"floor":14,"key":"Dexterity Potion"}],"is_trial":false,"path_per_floor":["M","M","?","M","M","R","M","R","T","R","E","M","?","M","R","B",null,"M","M"],"character_chosen":"THE_SILENT","items_purchased":[],"campfire_rested":2,"item_purchase_floors":[],"current_hp_per_floor":[62,62,48,48,35,56,55,70,70,70,67,63,63,58,58,14,70,34,6,0],"gold":392,"neow_bonus":"TRANSFORM_CARD","is_prod":false,"is_daily":false,"chose_seed":false,"campfire_upgraded":2,"win_rate":0.0,"timestamp":1530846324,"path_taken":["M","M","?","M","?","R","M","R","T","R","E","M","?","M","R","BOSS","M","M","?"],"build_version":"2018-06-28","purchased_purges":0,"victory":false,"max_hp_per_floor":[70,70,70,70,70,70,70,70,70,70,70,70,70,70,70,70,70,70,70,70],"card_choices":[{"not_picked":["All Out Attack","Escape Plan"],"picked":"Poisoned Stab","floor":1},{"not_picked":["Poisoned Stab","Deflect"],"picked":"Noxious Fumes","floor":2},{"not_picked":["Well Laid Plans","Dodge and Roll"],"picked":"Predator","floor":4},{"not_picked":["Prepared","Outmaneuver"],"picked":"Flying Knee","floor":5},{"not_picked":["Flechettes","PiercingWail"],"picked":"Flying Knee","floor":7},{"not_picked":["Glass Knife","Dodge and Roll"],"picked":"Dash","floor":11},{"not_picked":["Backflip","Prepared"],"picked":"Deadly Poison","floor":12},{"not_picked":["Dagger Spray","Choke"],"picked":"Bane","floor":14},{"not_picked":["Bullet Time","Envenom"],"picked":"A Thousand Cuts","floor":16},{"not_picked":["Prepared+1","Blade Dance"],"picked":"Escape Plan","floor":18},{"not_picked":["Calculated Gamble+1","Dagger Throw"],"picked":"Deflect+1","floor":19}],"player_experience":18782,"relics_obtained":[{"floor":9,"key":"Happy Flower"},{"floor":11,"key":"Bag of Marbles"},{"floor":17,"key":"Ancient Tea Set"},{"floor":17,"key":"Letter Opener"},{"floor":17,"key":"Tingsha"}],"event_choices":[{"event_name":"Shining Light","player_choice":"Entered Light","floor":3,"damage_taken":0},{"event_name":"Upgrade Shrine","player_choice":"Upgraded","floor":13,"damage_taken":0}],"boss_relics":[{"not_picked":["Empty Cage","Velvet Choker"],"picked":"Calling Bell"}],"items_purged_floors":[],"is_endless":false,"potions_floor_spawned":[1,4,11,14],"killed_by":"Snake Plant","ascension_level":0}