{"gold_per_floor":[113,63,63,76,76,147,147,170,249,249,273,291,291,307,307,427,490,509,509,634,205,218,218,218,218],"floor_reached":25,"playtime":927,"items_purged":[],"score":385,"play_id":"32b77e01-632d-4364-9c55-6069b4e7fcda","local_time":"20190602205146","is_ascension_mode":true,"campfire_choices":[{"data":"Perfected Strike","floor":7,"key":"SMITH"},{"data":"Flex","floor":10,"key":"SMITH"},{"data":"Whirlwind","floor":13,"key":"SMITH"},{"data":"Armaments","floor":15,"key":"SMITH"},{"floor":23,"key":"REST"}],"neow_cost":"NONE","seed_source_timestamp":275612330503853,"circlet_count":0,"master_deck":["Strike_R","Strike_R","Strike_R","Strike_R","Strike_R","Defend_R","Defend_R","Defend_R+1","Bash","Shrug It Off","Flex+1","Flex+1","Perfected Strike+1","Whirlwind+1","Armaments+1","Twin Strike","Wild Strike","Flex","Flame Barrier","Pommel Strike"],"relics":["Burning Blood","NeowsBlessing","Golden Idol","Tiny Chest","Shuriken","Tiny House","Nunchaku","Dodecahedron","Membership Card","FossilizedHelix","Bag of Preparation"],"potions_floor_usage":[12,16,16,22,24],"damage_taken":[{"damage":0,"enemies":"2 Louse","floor":1,"turns":1},{"damage":0,"enemies":"Jaw Worm","floor":4,"turns":1},{"damage":0,"enemies":"Gremlin Nob","floor":6,"turns":1},{"damage":0,"enemies":"Small Slimes","floor":8,"turns":2},{"damage":3,"enemies":"Looter","floor":11,"turns":2},{"damage":3,"enemies":"3 Louse","floor":12,"turns":3},{"damage":0,"enemies":"2 Fungi Beasts","floor":14,"turns":2},{"damage":0,"enemies":"Slime Boss","floor":16,"turns":5},{"damage":12,"enemies":"Chosen","floor":18,"turns":4},{"damage":36,"enemies":"Colosseum Slavers","floor":20,"turns":5},{"damage":32,"enemies":"Colosseum Nobs","floor":20,"turns":6},{"damage":16,"enemies":"Spheric Guardian","floor":22,"turns":4},{"damage":30,"enemies":"Gremlin Leader","floor":24,"turns":7},{"damage":24,"enemies":"Snake Plant","floor":25,"turns":3}],"seed_played":"6584799652220808773","potions_obtained":[{"floor":1,"key":"Fire Potion"},{"floor":8,"key":"Swift Potion"},{"floor":11,"key":"AttackPotion"},{"floor":17,"key":"SmokeBomb"},{"floor":20,"key":"Regen Potion"}],"is_trial":false,"path_per_floor":["M","$","?","M","?","E","R","M","T","R","M","M","R","M","R","B",null,"M","?","?","$","M","R","E","M"],"character_chosen":"IRONCLAD","items_purchased":["Flex","Membership Card","FossilizedHelix","Bag of Preparation"],"campfire_rested":1,"item_purchase_floors":[2,21,21,21],"current_hp_per_floor":[78,78,74,74,74,74,74,74,74,74,74,74,74,74,74,74,79,73,73,17,17,19,42,18,0],"gold":218,"neow_bonus":"THREE_ENEMY_KILL","is_prod":false,"is_daily":false,"chose_seed":false,"campfire_upgraded":4,"win_rate":0,"timestamp":1559523106,"path_taken":["M","$","?","M","?","E","R","M","T","R","M","M","R","M","R","BOSS","M","?","?","?","M","R","E","M"],"build_version":"2019-01-23","purchased_purges":0,"victory":false,"max_hp_per_floor":[80,80,74,74,74,74,74,74,74,74,74,74,74,74,74,74,79,79,79,79,79,79,79,79,79],"card_choices":[{"not_picked":["Blood for Blood","Combust"],"picked":"Shrug It Off","floor":1},{"not_picked":["Sever Soul","Rupture"],"picked":"Flex","floor":4},{"not_picked":["Exhume","Battle Trance"],"picked":"Perfected Strike","floor":6},{"not_picked":["Thunderclap","Feel No Pain","Sword Boomerang"],"picked":"SKIP","floor":8},{"not_picked":["Thunderclap","Shockwave","Infernal Blade"],"picked":"SKIP","floor":11},{"not_picked":["Pommel Strike","Cleave"],"picked":"Whirlwind","floor":12},{"not_picked":["Headbutt","Searing Blow"],"picked":"Armaments","floor":14},{"not_picked":["Brutality","Exhume"],"picked":"Barricade","floor":16},{"not_picked":["Carnage","Warcry"],"picked":"Twin Strike","floor":17},{"not_picked":["Dual Wield+1","Shockwave"],"picked":"Wild Strike","floor":18},{"not_picked":["Sword Boomerang","Uppercut"],"picked":"Pommel Strike","floor":20},{"not_picked":["Headbutt","True Grit","Power Through+1"],"picked":"SKIP","floor":22}],"player_experience":1049309,"relics_obtained":[{"floor":6,"key":"Tiny Chest"},{"floor":9,"key":"Shuriken"},{"floor":20,"key":"Nunchaku"},{"floor":20,"key":"Dodecahedron"}],"event_choices":[{"damage_healed":0,"gold_gain":0,"player_choice":"Lose Max HP","damage_taken":0,"relics_obtained":["Golden Idol"],"max_hp_gain":0,"max_hp_loss":6,"event_name":"Golden Idol","floor":3,"gold_loss":0},{"damage_healed":0,"gold_gain":0,"player_choice":"Grow","damage_taken":0,"max_hp_gain":0,"max_hp_loss":0,"event_name":"Living Wall","floor":5,"gold_loss":0,"cards_upgraded":["Flex"]},{"damage_healed":0,"gold_gain":0,"cards_transformed":["Barricade","Defend_R"],"player_choice":"Became Test Subject","damage_taken":0,"max_hp_gain":0,"max_hp_loss":0,"event_name":"Drug Dealer","floor":19,"gold_loss":0,"cards_obtained":["Flex","Flame Barrier"]},{"damage_healed":0,"gold_gain":0,"player_choice":"Fight","damage_taken":0,"max_hp_gain":0,"max_hp_loss":0,"event_name":"Colosseum","floor":20,"gold_loss":0},{"damage_healed":0,"gold_gain":0,"player_choice":"Fought Nobs","damage_taken":0,"max_hp_gain":0,"max_hp_loss":0,"event_name":"Colosseum","floor":20,"gold_loss":0}],"is_beta":false,"boss_relics":[{"not_picked":["Empty Cage","Velvet Choker"],"picked":"Tiny House"}],"items_purged_floors":[],"is_endless":false,"potions_floor_spawned":[1,8,11,20,20],"killed_by":"Snake Plant","ascension_level":6}