{"gold_per_floor":[112,129,146,162,19,19,44,219,242,242,2,2,17,74,74,178,178,194,194,46,72,89,89,121,121,148,180,180,194,12,40,40,40],"floor_reached":33,"playtime":2585,"items_purged":["Doubt","Strike_R"],"score":389,"play_id":"899a9549-129a-4941-b75f-21287dee3b6f","local_time":"20190731224031","is_ascension_mode":true,"campfire_choices":[{"floor":6,"key":"RECALL"},{"data":"Bash","floor":12,"key":"SMITH"},{"floor":15,"key":"REST"},{"data":"Armaments","floor":23,"key":"SMITH"},{"data":"Twin Strike","floor":25,"key":"SMITH"},{"data":"Shrug It Off","floor":28,"key":"SMITH"},{"data":"Intimidate","floor":32,"key":"SMITH"}],"neow_cost":"NONE","seed_source_timestamp":511810763930800,"circlet_count":0,"master_deck":["Strike_R+1","Strike_R+1","Strike_R","Defend_R","Defend_R+1","Defend_R","Defend_R","Bash+1","Infernal Blade+1","Spot Weakness","Anger","Rampage","Body Slam","Ghostly Armor","Bludgeon","Intimidate+1","Reaper","Armaments+1","Limit Break","Havoc","Twin Strike+1","Shrug It Off+1","Thunderclap+1","Combust","Rage"],"relics":["Burning Blood","Bag of Marbles","War Paint","Whetstone","Tiny Chest","Sozu","Bag of Preparation","Happy Flower","Oddly Smooth Stone","Potion Belt","Art of War","Omamori"],"potions_floor_usage":[7,14,14,16,24],"damage_taken":[{"damage":15,"enemies":"Cultist","floor":1,"turns":5},{"damage":4,"enemies":"Jaw Worm","floor":2,"turns":4},{"damage":0,"enemies":"Small Slimes","floor":3,"turns":2},{"damage":3,"enemies":"Blue Slaver","floor":4,"turns":2},{"damage":50,"enemies":"3 Sentries","floor":7,"turns":7},{"damage":13,"enemies":"Exordium Thugs","floor":13,"turns":3},{"damage":15,"enemies":"Lagavulin","floor":14,"turns":3},{"damage":18,"enemies":"Slime Boss","floor":16,"turns":6},{"damage":8,"enemies":"Chosen","floor":18,"turns":3},{"damage":0,"enemies":"2 Thieves","floor":22,"turns":2},{"damage":41,"enemies":"Book of Stabbing","floor":24,"turns":5},{"damage":8,"enemies":"Gremlin Leader","floor":27,"turns":6},{"damage":26,"enemies":"3 Cultists","floor":29,"turns":5},{"damage":29,"enemies":"Slavers","floor":31,"turns":3},{"damage":91,"enemies":"Collector","floor":33,"turns":8}],"seed_played":"6351370386636872464","potions_obtained":[{"floor":3,"key":"PowerPotion"},{"floor":4,"key":"Energy Potion"},{"floor":13,"key":"Explosive Potion"},{"floor":16,"key":"SteroidPotion"}],"is_trial":false,"path_per_floor":["M","M","M","M","$","R","E","?","T","?","$","R","M","E","R","B",null,"M","?","$","T","M","R","E","R","T","E","R","M","$","E","R","B"],"character_chosen":"IRONCLAD","items_purchased":["Bag of Marbles","Ghostly Armor","SteroidPotion","LiquidBronze","Havoc","Art of War","Combust"],"campfire_rested":1,"item_purchase_floors":[5,11,11,11,20,30,30],"current_hp_per_floor":[79,81,87,88,88,88,44,44,44,44,44,44,37,28,54,42,77,81,81,81,81,87,87,52,52,52,64,64,65,65,65,65,0],"gold":40,"neow_bonus":"TEN_PERCENT_HP_BONUS","is_prod":false,"is_daily":false,"chose_seed":false,"campfire_upgraded":5,"win_rate":0,"timestamp":1564630831,"path_taken":["M","M","M","?","$","R","E","?","T","?","$","R","M","E","R","BOSS","M","?","$","?","M","R","E","R","T","E","R","M","$","E","R","BOSS"],"build_version":"2019-07-17","purchased_purges":2,"victory":false,"max_hp_per_floor":[88,88,88,88,88,88,88,88,88,88,88,88,88,88,88,88,88,88,88,88,88,88,88,88,88,88,88,88,88,88,88,88,88],"card_choices":[{"not_picked":["Heavy Blade","Headbutt"],"picked":"Infernal Blade","floor":1},{"not_picked":["Blood for Blood","Cleave"],"picked":"Spot Weakness","floor":2},{"not_picked":["Thunderclap","Pommel Strike"],"picked":"Anger","floor":3},{"not_picked":["Carnage","Blood for Blood"],"picked":"Rampage","floor":4},{"not_picked":["Carnage","Rampage"],"picked":"Body Slam","floor":7},{"not_picked":["Pummel","Warcry"],"picked":"Bludgeon","floor":13},{"not_picked":["Clothesline","Cleave"],"picked":"Intimidate","floor":14},{"not_picked":["Juggernaut","Demon Form"],"picked":"Reaper","floor":16},{"not_picked":["Flex","Whirlwind"],"picked":"Armaments","floor":18},{"not_picked":["Clothesline","Second Wind+1"],"picked":"Twin Strike","floor":22},{"not_picked":["Spot Weakness","Body Slam","Headbutt"],"picked":"SKIP","floor":24},{"not_picked":["Carnage","Perfected Strike"],"picked":"Shrug It Off","floor":27},{"not_picked":["Sentinel","Dual Wield"],"picked":"Thunderclap+1","floor":29},{"not_picked":["Reckless Charge","Fire Breathing+1"],"picked":"Rage","floor":31}],"player_experience":203683,"relics_obtained":[{"floor":7,"key":"War Paint"},{"floor":9,"key":"Whetstone"},{"floor":14,"key":"Tiny Chest"},{"floor":21,"key":"Bag of Preparation"},{"floor":24,"key":"Happy Flower"},{"floor":26,"key":"Oddly Smooth Stone"},{"floor":27,"key":"Potion Belt"},{"floor":31,"key":"Omamori"}],"event_choices":[{"damage_healed":0,"gold_gain":175,"player_choice":"AGREE","damage_taken":0,"max_hp_gain":0,"max_hp_loss":0,"event_name":"Liars Game","floor":8,"gold_loss":0,"cards_obtained":["Doubt"]},{"damage_healed":0,"gold_gain":0,"player_choice":"Ignored","damage_taken":0,"max_hp_gain":0,"max_hp_loss":0,"event_name":"Shining Light","floor":10,"gold_loss":0},{"damage_healed":0,"gold_gain":0,"cards_transformed":["Strike_R"],"player_choice":"Transformed","damage_taken":0,"max_hp_gain":0,"max_hp_loss":0,"event_name":"Transmorgrifier","floor":19,"gold_loss":0,"cards_obtained":["Limit Break"]}],"is_beta":false,"boss_relics":[{"not_picked":["White Beast Statue","Mark of Pain"],"picked":"Sozu"}],"items_purged_floors":[11,20],"is_endless":false,"potions_floor_spawned":[3,4,13,16,24,29,31],"killed_by":"Collector","ascension_level":5}