{"gold_per_floor":[114,129,144,46,121,121,151,151,151,181,142,172,187,202,202,302,302,287,202,6,6,21,21,51,78,140,152],"floor_reached":27,"playtime":1814,"items_purged":[],"score":251,"play_id":"c7f645d9-d1b3-491c-98b7-c4409c532ac6","local_time":"20180804174653","daily_mods":["Allstar","Elite Swarm","Uncertain Future"],"is_ascension_mode":false,"campfire_choices":[{"data":"Go for the Eyes","floor":6,"key":"SMITH"},{"floor":8,"key":"REST"},{"floor":15,"key":"REST"},{"data":"Buffer","floor":23,"key":"SMITH"}],"neow_cost":"","seed_source_timestamp":0,"circlet_count":0,"master_deck":["Strike_B","Strike_B","Strike_B","Strike_B","Defend_B","Defend_B","Defend_B","Defend_B","Zap","Dualcast","Jack Of All Trades","Bandage Up","Trip","Panacea","Secret Technique","White Noise","Conserve Battery","Machine Learning","Capacitor","Go for the Eyes+1","All For One","Reboot","FTL","Buffer+1","Conserve Battery","Storm","Reboot","Darkness+1","Panache+1","Auto Shields","Leap","Buffer+1","Steam Power"],"special_seed":17747,"relics":["Cracked Core","Blue Candle","Question Card","Ornamental Fan","Vajra","Black Star","Frozen Egg 2","MawBank","Art of War","Oddly Smooth Stone"],"potions_floor_usage":[7,16,18,24,27,27,27],"damage_taken":[{"damage":1,"enemies":"Cultist","floor":1,"turns":3},{"damage":0,"enemies":"Small Slimes","floor":2,"turns":2},{"damage":0,"enemies":"2 Louse","floor":3,"turns":2},{"damage":40,"enemies":"Gremlin Nob","floor":7,"turns":6},{"damage":1,"enemies":"Lagavulin","floor":10,"turns":9},{"damage":14,"enemies":"Gremlin Nob","floor":12,"turns":5},{"damage":0,"enemies":"Large Slime","floor":13,"turns":2},{"damage":3,"enemies":"Looter","floor":14,"turns":3},{"damage":31,"enemies":"The Guardian","floor":16,"turns":9},{"damage":17,"enemies":"2 Thieves","floor":18,"turns":4},{"damage":3,"enemies":"Shell Parasite","floor":22,"turns":6},{"damage":39,"enemies":"Book of Stabbing","floor":24,"turns":7},{"damage":12,"enemies":"3 Cultists","floor":25,"turns":5},{"damage":31,"enemies":"Gremlin Leader","floor":27,"turns":3}],"seed_played":"1205906015399424776","potions_obtained":[{"floor":1,"key":"Ancient Potion"},{"floor":13,"key":"Swift Potion"},{"floor":16,"key":"EntropicBrew"},{"floor":24,"key":"LiquidBronze"}],"is_trial":false,"path_per_floor":["M","M","M","$","?","R","E","R","T","E","$","E","M","M","R","B",null,"M","?","$","?","M","R","E","M","T"],"character_chosen":"DEFECT","items_purchased":["Capacitor","Go for the Eyes","FTL","Panache+1"],"campfire_rested":2,"item_purchase_floors":[4,4,11,20],"current_hp_per_floor":[74,75,75,75,64,64,24,46,46,56,56,42,46,43,65,38,75,62,62,62,62,63,63,28,20,20,0],"gold":152,"neow_bonus":"","is_prod":false,"is_daily":true,"chose_seed":false,"campfire_upgraded":2,"win_rate":0.0,"timestamp":1533372413,"path_taken":["M","M","?","?","?","R","E","R","T","E","$","E","M","M","R","BOSS","M","?","$","?","M","R","E","M","T","E"],"build_version":"2018-08-02","purchased_purges":0,"victory":false,"max_hp_per_floor":[75,75,75,75,75,75,75,75,75,75,75,75,75,75,75,75,75,75,75,75,75,75,75,75,75,75,75],"card_choices":[{"not_picked":["Cold Snap","Coolheaded"],"picked":"White Noise","floor":1},{"not_picked":["Beam Cell","Barrage"],"picked":"Conserve Battery","floor":2},{"not_picked":["Chill","Leap"],"picked":"Machine Learning","floor":3},{"not_picked":["Fission","Thunder Strike"],"picked":"All For One","floor":7},{"not_picked":["Echo Form","All For One","Machine Learning"],"picked":"Reboot","floor":10},{"not_picked":["Biased Cognition","Creative AI","Echo Form"],"picked":"Buffer","floor":12},{"not_picked":["Force Field","Rebound","Barrage"],"picked":"Conserve Battery","floor":13},{"not_picked":["Doom and Gloom","Turbo","Compile Driver"],"picked":"Storm","floor":14},{"not_picked":["Core Surge","Rainbow","Multi-Cast"],"picked":"Reboot","floor":16},{"not_picked":["Ball Lightning","Hologram","Sweeping Beam+1"],"picked":"Darkness+1","floor":18},{"not_picked":["Gash","Sweeping Beam","Barrage"],"picked":"Leap","floor":22},{"not_picked":["Echo Form+1","Hyperbeam","Rainbow"],"picked":"Buffer+1","floor":24},{"not_picked":["White Noise+1","Aggregate+1","Storm+1"],"picked":"Steam Power","floor":25}],"player_experience":146155,"relics_obtained":[{"floor":7,"key":"Blue Candle"},{"floor":9,"key":"Question Card"},{"floor":10,"key":"Ornamental Fan"},{"floor":12,"key":"Vajra"},{"floor":24,"key":"MawBank"},{"floor":24,"key":"Art of War"},{"floor":26,"key":"Oddly Smooth Stone"}],"event_choices":[{"event_name":"World of Goop","player_choice":"Gather Gold","floor":5,"damage_taken":0},{"event_name":"Addict","player_choice":"Obtained Relic","floor":19,"damage_taken":0},{"event_name":"The Library","player_choice":"Read","floor":21,"damage_taken":0}],"is_beta":false,"boss_relics":[{"not_picked":["Empty Cage","White Beast Statue"],"picked":"Black Star"}],"items_purged_floors":[],"is_endless":false,"potions_floor_spawned":[1,13,16,22,24],"killed_by":"Gremlin Leader","ascension_level":0}