{"gold_per_floor":[119,119,139,139,139,139,149,149,149,163,163,180,1,1,1,102,102,117,117,117],"floor_reached":20,"playtime":2516,"items_purged":[],"score":170,"play_id":"bd179f16-75cd-4f05-a737-064d48834fa2","local_time":"20181121175342","is_ascension_mode":true,"campfire_choices":[{"data":"Neutralize","floor":6,"key":"SMITH"},{"data":"Blur","floor":8,"key":"SMITH"},{"data":"Survivor","floor":11,"key":"SMITH"},{"data":"Bouncing Flask","floor":15,"key":"SMITH"}],"neow_cost":"NONE","seed_source_timestamp":206071319145558,"circlet_count":0,"master_deck":["Defend_G","Defend_G","Defend_G","Defend_G","Strike_G","Strike_G","Strike_G","Strike_G","Survivor+1","Neutralize+1","Blur+1","Heel Hook","Dodge and Roll+1","Backflip","Dagger Spray","Endless Agony","Bouncing Flask+1","Malaise","Dash"],"relics":["Ring of the Snake","The Courier","Juzu Bracelet","Philosopher\u0027s Stone"],"potions_floor_usage":[12,16,18],"damage_taken":[{"damage":0,"enemies":"Small Slimes","floor":1,"turns":3},{"damage":4,"enemies":"Cultist","floor":3,"turns":4},{"damage":0,"enemies":"2 Louse","floor":7,"turns":3},{"damage":6,"enemies":"Large Slime","floor":10,"turns":12},{"damage":0,"enemies":"Gremlin Gang","floor":12,"turns":6},{"damage":20,"enemies":"Hexaghost","floor":16,"turns":10},{"damage":0,"enemies":"2 Thieves","floor":18,"turns":4},{"damage":11,"enemies":"Colosseum Slavers","floor":20,"turns":5},{"damage":89,"enemies":"Colosseum Nobs","floor":20,"turns":5}],"seed_played":"2893728618225937416","potions_obtained":[{"floor":0,"key":"GhostInAJar"},{"floor":0,"key":"Block Potion"},{"floor":0,"key":"Strength Potion"},{"floor":10,"key":"SkillPotion"},{"floor":14,"key":"FairyPotion"}],"is_trial":false,"path_per_floor":["M","?","M","?","?","R","M","R","T","M","R","M","$","?","R","B",null,"M","?","?"],"character_chosen":"THE_SILENT","items_purchased":["Bouncing Flask","Juzu Bracelet"],"campfire_rested":0,"item_purchase_floors":[13,13],"current_hp_per_floor":[70,70,66,66,66,66,66,66,66,60,60,60,60,60,60,40,70,70,70,0],"gold":117,"neow_bonus":"THREE_SMALL_POTIONS","is_prod":false,"is_daily":false,"chose_seed":false,"campfire_upgraded":4,"win_rate":0,"timestamp":1542840822,"path_taken":["M","?","?","?","?","R","M","R","T","M","R","?","?","?","R","BOSS","M","?","?"],"build_version":"2018-11-15","purchased_purges":0,"victory":false,"max_hp_per_floor":[70,70,70,70,70,70,70,70,70,70,70,70,70,70,70,70,70,70,70,70],"card_choices":[{"not_picked":["Underhanded Strike","Flechettes"],"picked":"Blur","floor":1},{"not_picked":["Well Laid Plans","Terror"],"picked":"Dodge and Roll","floor":3},{"not_picked":["After Image","Outmaneuver"],"picked":"Backflip","floor":7},{"not_picked":["Sucker Punch","Slice"],"picked":"Dagger Spray","floor":10},{"not_picked":["Caltrops","Outmaneuver"],"picked":"Endless Agony","floor":12},{"not_picked":["A Thousand Cuts","Phantasmal Killer"],"picked":"Malaise","floor":16},{"not_picked":["Expertise+1","Dagger Throw+1"],"picked":"Dash","floor":18}],"player_experience":334201,"relics_obtained":[{"floor":9,"key":"The Courier"}],"event_choices":[{"damage_healed":0,"gold_gain":0,"cards_transformed":["Defend_G"],"player_choice":"Transformed","damage_taken":0,"max_hp_gain":0,"max_hp_loss":0,"event_name":"Transmorgrifier","floor":2,"gold_loss":0,"cards_obtained":["Heel Hook"]},{"damage_healed":0,"gold_gain":0,"player_choice":"Grow","damage_taken":0,"max_hp_gain":0,"max_hp_loss":0,"event_name":"Living Wall","floor":4,"gold_loss":0,"cards_upgraded":["Dodge and Roll"]},{"cards_removed":["Strike_G"],"damage_healed":0,"gold_gain":0,"player_choice":"Card Removal","damage_taken":0,"max_hp_gain":0,"max_hp_loss":0,"event_name":"Wheel of Change","floor":5,"gold_loss":0},{"damage_healed":0,"gold_gain":0,"player_choice":"Got Potions","damage_taken":0,"max_hp_gain":0,"max_hp_loss":0,"event_name":"Lab","floor":14,"gold_loss":0},{"damage_healed":0,"gold_gain":0,"player_choice":"Ignored","damage_taken":0,"max_hp_gain":0,"max_hp_loss":0,"event_name":"Vampires","floor":19,"gold_loss":0},{"damage_healed":0,"gold_gain":0,"player_choice":"Fight","damage_taken":0,"max_hp_gain":0,"max_hp_loss":0,"event_name":"Colosseum","floor":20,"gold_loss":0},{"damage_healed":0,"gold_gain":0,"player_choice":"Fought Nobs","damage_taken":0,"max_hp_gain":0,"max_hp_loss":0,"event_name":"Colosseum","floor":20,"gold_loss":0}],"is_beta":false,"boss_relics":[{"not_picked":["Tiny House","Coffee Dripper"],"picked":"Philosopher\u0027s Stone"}],"items_purged_floors":[],"is_endless":false,"potions_floor_spawned":[7,10,20],"killed_by":"Colosseum Nobs","ascension_level":1}