{"gold_per_floor":[113,130,130,142,18,18,18,52,52,70,70,70,93,108,108,231,294,314,224,48,48,72,93,10,10],"floor_reached":25,"playtime":1203,"items_purged":[],"score":201,"play_id":"161700d8-ca43-4d98-8165-b88c419300fe","local_time":"20190411154526","is_ascension_mode":false,"campfire_choices":[{"data":"Defragment","floor":7.0,"key":"SMITH"},{"floor":11.0,"key":"REST"},{"floor":15.0,"key":"REST"}],"neow_cost":"NONE","seed_source_timestamp":0,"circlet_count":0,"master_deck":["Strike_B+1","Strike_B+1","Strike_B+1","Strike_B+1","Defend_B+1","Defend_B+1","Defend_B+1","Defend_B+1","Zap","Dualcast","Thunder Strike+1","Conserve Battery","Turbo","Defragment+1","Capacitor","Barrage","Consume+1","Self Repair","Redo","Consume","Ball Lightning"],"special_seed":0,"relics":["Cracked Core","Golden Idol","Bottled Lightning","Meat on the Bone","Omamori","Tiny House","Calipers"],"potions_floor_usage":[18],"damage_taken":[{"damage":2.0,"enemies":"Small Slimes","floor":1.0,"turns":3.0},{"damage":0.0,"enemies":"Cultist","floor":2.0,"turns":3.0},{"damage":6.0,"enemies":"Jaw Worm","floor":4.0,"turns":4.0},{"damage":19.0,"enemies":"3 Sentries","floor":8.0,"turns":5.0},{"damage":22.0,"enemies":"Exordium Thugs","floor":10.0,"turns":5.0},{"damage":25.0,"enemies":"Exordium Wildlife","floor":14.0,"turns":5.0},{"damage":35.0,"enemies":"Slime Boss","floor":16.0,"turns":9.0},{"damage":44,"enemies":"2 Thieves","floor":18,"turns":4},{"damage":20,"enemies":"Chosen","floor":22,"turns":4},{"damage":36,"enemies":"Snecko","floor":23,"turns":5},{"damage":33,"enemies":"Snake Plant","floor":25,"turns":4}],"seed_played":"-1427624519145374820","potions_obtained":[{"floor":2.0,"key":"AttackPotion"},{"floor":8.0,"key":"SpeedPotion"},{"floor":10.0,"key":"PowerPotion"},{"floor":17,"key":"Explosive Potion"},{"floor":18,"key":"Weak Potion"}],"is_trial":false,"path_per_floor":["M","M","?","M","$","?","R","E","T","M","R","$","T","M","R","B",null,"M","?","$","?","M","M","?","M"],"character_chosen":"DEFECT","items_purchased":["Capacitor","Barrage","Self Repair","Redo","Consume"],"campfire_rested":2,"item_purchase_floors":[5,5,20,20,20],"current_hp_per_floor":[73,73,73,67,67,67,67,48,48,38,60,60,60,47,69,46,80,48,48,48,48,47,30,30,0],"gold":10,"neow_bonus":"ONE_RANDOM_RARE_CARD","is_prod":false,"is_daily":false,"chose_seed":false,"campfire_upgraded":1,"win_rate":0,"timestamp":1555011926,"path_taken":["M","M","?","?","$","?","R","E","T","M","R","?","?","M","R","BOSS","M","?","?","?","M","M","?","?"],"build_version":"2019-01-23","purchased_purges":0,"victory":false,"max_hp_per_floor":[75,75,75,75,75,75,75,75,75,75,75,75,75,75,75,75,80,80,80,80,80,80,80,80,80],"card_choices":[{"not_picked":["Rebound","Sweeping Beam"],"picked":"Conserve Battery","floor":1.0},{"not_picked":["Barrage","Stack"],"picked":"Turbo","floor":2.0},{"not_picked":["Leap","Steam Power"],"picked":"Defragment","floor":4.0},{"not_picked":["Gash","Redo"],"picked":"Consume","floor":8.0},{"not_picked":["Fusion","Skim","Cold Snap"],"picked":"SKIP","floor":10.0},{"not_picked":["Streamline","Reprogram","Reinforced Body"],"picked":"SKIP","floor":14.0},{"not_picked":["Sunder","Go for the Eyes+1","Scrape"],"picked":"SKIP","floor":18},{"not_picked":["Coolheaded","Steam+1"],"picked":"Ball Lightning","floor":22},{"not_picked":["Cold Snap","Recycle","Hologram+1"],"picked":"SKIP","floor":23}],"player_experience":788174,"relics_obtained":[{"floor":8.0,"key":"Bottled Lightning"},{"floor":9.0,"key":"Meat on the Bone"},{"floor":13.0,"key":"Omamori"}],"event_choices":[{"damage_healed":0.0,"max_hp_gain":0.0,"max_hp_loss":0.0,"gold_gain":0.0,"event_name":"Upgrade Shrine","player_choice":"Upgraded","floor":3.0,"gold_loss":0.0,"damage_taken":0.0,"cards_upgraded":["Thunder Strike"]},{"damage_healed":0.0,"max_hp_gain":0.0,"max_hp_loss":0.0,"gold_gain":0.0,"event_name":"Golden Idol","player_choice":"Take Wound","floor":6.0,"gold_loss":0.0,"damage_taken":0.0,"relics_obtained":["Golden Idol"],"cards_obtained":["Injury"]},{"cards_removed":["Injury"],"damage_healed":0,"gold_gain":0,"player_choice":"Upgrade and Remove","damage_taken":0,"max_hp_gain":0,"max_hp_loss":0,"event_name":"Designer","floor":19,"gold_loss":90,"cards_upgraded":["Strike_B"]},{"damage_healed":0,"gold_gain":0,"player_choice":"Simplicity","damage_taken":0,"max_hp_gain":0,"max_hp_loss":0,"event_name":"Back to Basics","floor":21,"gold_loss":0,"cards_upgraded":["Strike_B","Strike_B","Strike_B","Defend_B","Defend_B","Defend_B","Defend_B"]},{"damage_healed":0,"gold_gain":0,"player_choice":"Paid Gold","damage_taken":0,"relics_obtained":["Calipers"],"max_hp_gain":0,"max_hp_loss":0,"event_name":"WeMeetAgain","floor":24,"gold_loss":83}],"is_beta":false,"boss_relics":[{"not_picked":["Runic Dome","Lizard Tail"],"picked":"Tiny House"}],"items_purged_floors":[],"is_endless":false,"potions_floor_spawned":[2,8,10,18],"killed_by":"Snake Plant","ascension_level":0}