{"gold_per_floor":[117,134,134,149,169,195,195,206,229,229,21,21,96,107,107,182,182,197,216,216,32,51,81,81,110,110,128,453,466,466,466,466,538,538,555,636,656,331,345,345,377,377,377,377,394,425,441,469,469,469,469,469,25,25],"floor_reached":54,"playtime":2282,"items_purged":["Armaments","Parasite"],"score":1477,"play_id":"e3353011-e3ad-4025-9a9b-cf9471923101","local_time":"20190730171107","is_ascension_mode":true,"campfire_choices":[{"data":"Uppercut","floor":7,"key":"SMITH"},{"data":"Juggernaut","floor":10,"key":"SMITH"},{"data":"Dramatic Entrance","floor":12,"key":"SMITH"},{"data":"Bash","floor":15,"key":"SMITH"},{"data":"Apotheosis","floor":24,"key":"SMITH"},{"floor":30,"key":"RECALL"},{"data":"Battle Trance","floor":32,"key":"SMITH"},{"data":"Barricade","floor":40,"key":"SMITH"},{"data":"Feel No Pain","floor":42,"key":"SMITH"},{"data":"Corruption","floor":44,"key":"SMITH"},{"data":"Disarm","floor":49,"key":"SMITH"},{"data":"Demon Form","floor":52,"key":"SMITH"}],"neow_cost":"NONE","seed_source_timestamp":318279412082496,"circlet_count":0,"master_deck":["AscendersBane","Defend_R","Defend_R","Defend_R","Defend_R","Bash+1","Dramatic Entrance+1","Headbutt","Iron Wave","Corruption+1","Uppercut+1","Juggernaut+1","Battle Trance+1","Barricade+1","Bite","Bite","Bite","Bite","Bite","Apotheosis+1","Impervious","Shrug It Off","Shrug It Off","Clumsy","Disarm+1","Demon Form+1","Offering","Cleave+1","Feel No Pain+1","Corruption+1","Shrug It Off","Entrench","Body Slam","Battle Trance+1","Offering","Shrug It Off"],"relics":["Burning Blood","Red Skull","Oddly Smooth Stone","Membership Card","Cursed Key","Lantern","Potion Belt","Old Coin","Lizard Tail","Darkstone Periapt","Pantograph","ClockworkSouvenir","Smiling Mask","Regal Pillow","Ancient Tea Set","Medical Kit","Self Forming Clay","Vajra"],"potions_floor_usage":[6,14,16,16,29,41],"damage_taken":[{"damage":0,"enemies":"Cultist","floor":1,"turns":2},{"damage":1,"enemies":"2 Louse","floor":2,"turns":2},{"damage":0,"enemies":"Small Slimes","floor":4,"turns":2},{"damage":9,"enemies":"2 Fungi Beasts","floor":5,"turns":3},{"damage":15,"enemies":"Lagavulin","floor":6,"turns":7},{"damage":14,"enemies":"Red Slaver","floor":8,"turns":4},{"damage":8,"enemies":"Exordium Thugs","floor":14,"turns":4},{"damage":18,"enemies":"Hexaghost","floor":16,"turns":8},{"damage":9,"enemies":"3 Byrds","floor":18,"turns":5},{"damage":15,"enemies":"Spheric Guardian","floor":19,"turns":4},{"damage":8,"enemies":"Centurion and Healer","floor":22,"turns":7},{"damage":27,"enemies":"Book of Stabbing","floor":23,"turns":6},{"damage":40,"enemies":"Slavers","floor":25,"turns":10},{"damage":13,"enemies":"3 Cultists","floor":27,"turns":6},{"damage":5,"enemies":"Gremlin Leader","floor":28,"turns":7},{"damage":30,"enemies":"Cultist and Chosen","floor":29,"turns":7},{"damage":36,"enemies":"Collector","floor":33,"turns":9},{"damage":27,"enemies":"Orb Walker","floor":35,"turns":4},{"damage":24,"enemies":"3 Darklings","floor":37,"turns":12},{"damage":40,"enemies":"Writhing Mass","floor":39,"turns":7},{"damage":43,"enemies":"Reptomancer","floor":41,"turns":5},{"damage":6,"enemies":"4 Shapes","floor":45,"turns":6},{"damage":13,"enemies":"Giant Head","floor":46,"turns":8},{"damage":7,"enemies":"Maw","floor":47,"turns":9},{"damage":28,"enemies":"Nemesis","floor":48,"turns":9},{"damage":36,"enemies":"Time Eater","floor":50,"turns":9},{"damage":55,"enemies":"Shield and Spear","floor":54,"turns":2}],"seed_played":"31660421035197016","potions_obtained":[{"floor":4,"key":"PowerPotion"},{"floor":5,"key":"SteroidPotion"},{"floor":8,"key":"PowerPotion"},{"floor":14,"key":"EntropicBrew"},{"floor":16,"key":"SteroidPotion"},{"floor":25,"key":"Block Potion"},{"floor":28,"key":"LiquidBronze"},{"floor":29,"key":"PowerPotion"},{"floor":41,"key":"Weak Potion"}],"is_trial":false,"path_per_floor":["M","M","?","M","M","E","R","M","T","R","$","R","?","M","R","B",null,"M","M","?","$","M","E","R","E","T","M","E","M","R","?","R","B",null,"M","T","M","$","M","R","E","R","T","R","M","E","M","E","R","B",null,"R","$","E"],"character_chosen":"IRONCLAD","items_purchased":["Membership Card","Apotheosis","Impervious","Shrug It Off","Corruption","Pantograph","Shrug It Off","ClockworkSouvenir","Medical Kit","Offering","Self Forming Clay","Shrug It Off","Vajra"],"campfire_rested":0,"item_purchase_floors":[11,21,21,21,38,38,38,38,53,53,53,53,53],"current_hp_per_floor":[74,75,68,74,71,62,62,54,54,54,54,54,43,41,41,29,64,61,52,52,52,52,45,45,34,34,46,52,43,43,43,43,46,51,42,42,52,52,33,33,38,38,38,38,48,52,52,52,52,50,52,52,49,0],"gold":25,"neow_bonus":"RANDOM_COLORLESS","is_prod":false,"is_daily":false,"chose_seed":false,"campfire_upgraded":11,"win_rate":0,"timestamp":1564521067,"path_taken":["M","M","?","M","M","E","R","M","T","R","$","R","?","M","R","BOSS","M","M","?","$","M","E","R","E","T","M","E","M","R","?","R","BOSS","M","?","M","?","M","R","E","R","T","R","M","E","M","E","R","BOSS","R","$","E"],"build_version":"2019-07-17","purchased_purges":2,"victory":false,"max_hp_per_floor":[75,75,75,75,75,75,75,75,75,75,75,75,75,75,75,75,75,75,75,52,52,52,52,52,52,52,52,52,52,52,52,52,52,52,52,52,52,52,52,52,52,52,52,52,52,52,52,52,52,52,52,52,49,49],"card_choices":[{"not_picked":["Wild Strike","Warcry"],"picked":"Headbutt","floor":1},{"not_picked":["Reckless Charge","Power Through"],"picked":"Iron Wave","floor":2},{"not_picked":["Thunderclap","Clash"],"picked":"Corruption","floor":4},{"not_picked":["Searing Blow","Whirlwind"],"picked":"Uppercut","floor":5},{"not_picked":["Power Through","Perfected Strike","Wild Strike"],"picked":"SKIP","floor":6},{"not_picked":["Heavy Blade","Havoc"],"picked":"Juggernaut","floor":8},{"not_picked":["Burning Pact","Pommel Strike"],"picked":"Battle Trance","floor":14},{"not_picked":["Berserk","Bludgeon"],"picked":"Barricade","floor":16},{"not_picked":["Body Slam","Flex","Headbutt"],"picked":"SKIP","floor":18},{"not_picked":["Clash","Reckless Charge"],"picked":"Armaments","floor":19},{"not_picked":["Havoc","Perfected Strike","Infernal Blade"],"picked":"SKIP","floor":22},{"not_picked":["Flame Barrier","Blood for Blood"],"picked":"Shrug It Off","floor":23},{"not_picked":["Armaments","Bludgeon","Cleave"],"picked":"SKIP","floor":25},{"not_picked":["Sword Boomerang","Reckless Charge"],"picked":"Disarm","floor":27},{"not_picked":["Iron Wave","Carnage"],"picked":"Demon Form","floor":28},{"not_picked":["Infernal Blade","Cleave","Rampage"],"picked":"SKIP","floor":29},{"not_picked":["Double Tap","Demon Form"],"picked":"Offering","floor":33},{"not_picked":["Anger","Havoc"],"picked":"Cleave+1","floor":35},{"not_picked":["Flex+1","Cleave+1"],"picked":"Feel No Pain","floor":37},{"not_picked":["Reckless Charge","Fire Breathing","Dropkick"],"picked":"SKIP","floor":39},{"not_picked":["Whirlwind","Anger+1"],"picked":"Entrench","floor":41},{"not_picked":["Clothesline","Iron Wave"],"picked":"Body Slam","floor":45},{"not_picked":["Sentinel+1","Body Slam"],"picked":"Battle Trance+1","floor":46},{"not_picked":["Flex","Dropkick","Rampage+1"],"picked":"SKIP","floor":47},{"not_picked":["Flex","Dropkick","Rampage+1"],"picked":"SKIP","floor":47},{"not_picked":["Clothesline","Rage","Searing Blow"],"picked":"SKIP","floor":48}],"player_experience":1601217,"relics_obtained":[{"floor":6,"key":"Red Skull"},{"floor":9,"key":"Oddly Smooth Stone"},{"floor":23,"key":"Lantern"},{"floor":25,"key":"Potion Belt"},{"floor":28,"key":"Old Coin"},{"floor":36,"key":"Darkstone Periapt"},{"floor":41,"key":"Smiling Mask"},{"floor":46,"key":"Regal Pillow"},{"floor":48,"key":"Ancient Tea Set"}],"event_choices":[{"cards_removed":["Strike_R"],"damage_healed":0,"gold_gain":0,"player_choice":"Card Removal","damage_taken":7,"max_hp_gain":0,"max_hp_loss":0,"event_name":"Golden Wing","floor":3,"gold_loss":0},{"damage_healed":0,"gold_gain":75,"player_choice":"Gather Gold","damage_taken":11,"max_hp_gain":0,"max_hp_loss":0,"event_name":"World of Goop","floor":13,"gold_loss":0},{"damage_healed":0,"gold_gain":0,"player_choice":"Became a vampire","damage_taken":0,"max_hp_gain":0,"max_hp_loss":23,"event_name":"Vampires","floor":20,"gold_loss":0,"cards_obtained":["Bite","Bite","Bite","Bite","Bite"]},{"damage_healed":0,"gold_gain":0,"player_choice":"Forge","damage_taken":0,"max_hp_gain":0,"max_hp_loss":0,"event_name":"Accursed Blacksmith","floor":31,"gold_loss":0,"cards_upgraded":["Corruption"]}],"is_beta":false,"boss_relics":[{"not_picked":["Runic Pyramid","Mark of Pain"],"picked":"Cursed Key"},{"not_picked":["Runic Dome","White Beast Statue"],"picked":"Lizard Tail"}],"items_purged_floors":[38,53],"is_endless":false,"potions_floor_spawned":[4,5,8,14,16,22,23,25,28,29,35,41,47,48],"killed_by":"Shield and Spear","ascension_level":15}