{"gold_per_floor":[112,25,38,38,51,61,61,93,93,93,113,113,113,20,20,94,94,107,87,104,122,122,122],"floor_reached":23,"playtime":723,"items_purged":[],"score":382,"play_id":"92103a16-43be-4c69-801c-e38467b53213","local_time":"20190516144748","is_ascension_mode":true,"campfire_choices":[{"data":"Armaments","floor":7.0,"key":"SMITH"},{"data":"Whirlwind","floor":10.0,"key":"SMITH"},{"data":"True Grit","floor":13.0,"key":"SMITH"},{"data":"Inflame","floor":15.0,"key":"SMITH"}],"neow_cost":"NONE","seed_source_timestamp":516623307786225,"circlet_count":0,"master_deck":["AscendersBane","Strike_R","Strike_R","Defend_R","Defend_R","Defend_R","Defend_R","Bash","True Grit+1","Feel No Pain","Whirlwind+1","Armaments+1","Burning Pact","Spot Weakness","Inflame+1","Limit Break","Flex","Cleave","Exhume"],"special_seed":0,"relics":["Burning Blood","Blood Vial","Bottled Flame","Pantograph","Runic Pyramid"],"potions_floor_usage":[21,23],"damage_taken":[{"damage":7.0,"enemies":"Cultist","floor":1.0,"turns":4.0},{"damage":3.0,"enemies":"Small Slimes","floor":3.0,"turns":4.0},{"damage":7.0,"enemies":"2 Louse","floor":5.0,"turns":4.0},{"damage":30.0,"enemies":"Red Slaver","floor":6.0,"turns":4.0},{"damage":42.0,"enemies":"Lagavulin","floor":8.0,"turns":10.0},{"damage":9.0,"enemies":"2 Fungi Beasts","floor":11.0,"turns":3.0},{"damage":39.0,"enemies":"Slime Boss","floor":16.0,"turns":9.0},{"damage":16,"enemies":"Spheric Guardian","floor":18,"turns":12},{"damage":9,"enemies":"Chosen","floor":20,"turns":6},{"damage":45,"enemies":"Shelled Parasite and Fungi","floor":21,"turns":7},{"damage":23,"enemies":"Book of Stabbing","floor":23,"turns":4}],"seed_played":"771021507686159315","potions_obtained":[{"floor":3.0,"key":"PowerPotion"},{"floor":6.0,"key":"EssenceOfSteel"},{"floor":18,"key":"Regen Potion"}],"is_trial":false,"path_per_floor":["M","$","M","$","M","M","R","E","T","R","M","?","R","$","R","B",null,"M","?","M","M","?","E"],"character_chosen":"IRONCLAD","items_purchased":["Feel No Pain","Inflame","Energy Potion"],"campfire_rested":0,"item_purchase_floors":[2,14,14],"current_hp_per_floor":[69,69,74,74,74,51,51,17,17,17,16,16,16,16,16,10,59,51,51,50,28,28,7],"gold":122,"neow_bonus":"RANDOM_COMMON_RELIC","is_prod":false,"is_daily":false,"chose_seed":false,"campfire_upgraded":4,"win_rate":0,"timestamp":1557989268,"path_taken":["M","$","?","?","?","M","R","E","T","R","?","?","R","?","R","BOSS","M","?","M","?","?","E"],"build_version":"2019-01-23","purchased_purges":0,"victory":false,"max_hp_per_floor":[75,75,75,75,75,75,75,75,75,75,75,75,75,75,75,75,75,75,75,75,75,75,75],"card_choices":[{"not_picked":["Cleave","Iron Wave"],"picked":"True Grit","floor":1.0},{"not_picked":["Thunderclap","Clothesline"],"picked":"Whirlwind","floor":3.0},{"not_picked":["Whirlwind","Battle Trance"],"picked":"Armaments","floor":5.0},{"not_picked":["Dropkick","Battle Trance"],"picked":"Burning Pact","floor":6.0},{"not_picked":["Armaments","Blood for Blood"],"picked":"Spot Weakness","floor":8.0},{"not_picked":["Cleave","Infernal Blade","Perfected Strike"],"picked":"SKIP","floor":11.0},{"not_picked":["Dark Embrace","Juggernaut"],"picked":"Limit Break","floor":16.0},{"not_picked":["Pommel Strike","Perfected Strike"],"picked":"Flex","floor":18},{"not_picked":["Combust","Wild Strike","Cleave"],"picked":"SKIP","floor":20},{"not_picked":["Clash","Warcry","Blood for Blood"],"picked":"SKIP","floor":21}],"player_experience":1704066,"relics_obtained":[{"floor":8.0,"key":"Bottled Flame"},{"floor":9.0,"key":"Pantograph"}],"event_choices":[{"cards_removed":["Strike_R"],"damage_healed":0.0,"max_hp_gain":0.0,"max_hp_loss":0.0,"gold_gain":0.0,"event_name":"Purifier","player_choice":"Purged","floor":12.0,"gold_loss":0.0,"damage_taken":0.0},{"damage_healed":0,"gold_gain":0,"player_choice":"Bought 1 Potion","damage_taken":0,"max_hp_gain":0,"max_hp_loss":0,"event_name":"The Woman in Blue","floor":19,"gold_loss":0},{"damage_healed":0,"gold_gain":0,"cards_transformed":["Strike_R","Strike_R"],"player_choice":"Became Test Subject","damage_taken":0,"max_hp_gain":0,"max_hp_loss":0,"event_name":"Drug Dealer","floor":22,"gold_loss":0,"cards_obtained":["Cleave","Exhume"]}],"is_beta":false,"boss_relics":[{"not_picked":["Mark of Pain","Astrolabe"],"picked":"Runic Pyramid"}],"items_purged_floors":[],"is_endless":false,"potions_floor_spawned":[3,6,8,18],"killed_by":"Book of Stabbing","ascension_level":20}