{"gold_per_floor":[111,25,25,37,37,67,80,80,80,80,107,107,133,152,152,257,257,275,275,8,20,34,34,63,63,86,86,99,99,99,114,114,114],"floor_reached":33,"playtime":1436,"items_purged":["Strike_R"],"score":368,"play_id":"4f60a393-3a9f-4736-a0a5-acb7ecb52ee9","local_time":"20190804223930","is_ascension_mode":true,"campfire_choices":[{"data":"Cleave","floor":8,"key":"SMITH"},{"data":"Juggernaut","floor":10,"key":"SMITH"},{"floor":12,"key":"REST"},{"floor":15,"key":"REST"},{"floor":23,"key":"REST"},{"floor":25,"key":"REST"},{"floor":27,"key":"REST"},{"floor":29,"key":"RECALL"},{"floor":32,"key":"REST"}],"neow_cost":"NONE","seed_source_timestamp":858500455896800,"circlet_count":0,"master_deck":["Strike_R","Strike_R+1","Strike_R+1","Strike_R","Defend_R","Defend_R+1","Defend_R","Defend_R","Bash","Juggernaut+1","Cleave+1","Enlightenment","Clothesline","Dropkick+1","Twin Strike","Pommel Strike","Infernal Blade","Double Tap","Flex+1","Clash+1","Anger","Armaments+1","Writhe","Blood for Blood+1"],"relics":["Burning Blood","Mummified Hand","Regal Pillow","Whetstone","Pen Nib","Fusion Hammer","FaceOfCleric","Bag of Preparation","Frozen Egg 2","Peace Pipe"],"potions_floor_usage":[6,11,11,18,22,28,33,33],"damage_taken":[{"damage":5,"enemies":"Cultist","floor":1,"turns":4},{"damage":7,"enemies":"Jaw Worm","floor":4,"turns":4},{"damage":47,"enemies":"3 Sentries","floor":6,"turns":7},{"damage":0,"enemies":"2 Louse","floor":7,"turns":3},{"damage":26,"enemies":"Gremlin Nob","floor":11,"turns":4},{"damage":22,"enemies":"Lagavulin","floor":13,"turns":5},{"damage":12,"enemies":"Red Slaver","floor":14,"turns":3},{"damage":68,"enemies":"The Guardian","floor":16,"turns":9},{"damage":28,"enemies":"2 Thieves","floor":18,"turns":3},{"damage":13,"enemies":"Chosen","floor":21,"turns":4},{"damage":22,"enemies":"Shelled Parasite and Fungi","floor":22,"turns":4},{"damage":32,"enemies":"Gremlin Leader","floor":24,"turns":5},{"damage":26,"enemies":"Snake Plant","floor":28,"turns":3},{"damage":12,"enemies":"Chosen and Byrds","floor":31,"turns":3},{"damage":90,"enemies":"Collector","floor":33,"turns":6}],"seed_played":"-6488468492388565554","potions_obtained":[{"floor":1,"key":"LiquidBronze"},{"floor":6,"key":"Strength Potion"},{"floor":7,"key":"AttackPotion"},{"floor":16,"key":"Strength Potion"},{"floor":21,"key":"Block Potion"},{"floor":28,"key":"FearPotion"},{"floor":31,"key":"Energy Potion"}],"is_trial":false,"path_per_floor":["M","$","?","M","?","E","M","R","T","R","E","R","E","M","R","B",null,"M","?","$","M","M","R","E","R","T","R","M","R","?","M","R","B"],"character_chosen":"IRONCLAD","items_purchased":["Enlightenment","Bag of Preparation","Dexterity Potion"],"campfire_rested":6,"item_purchase_floors":[2,20,20],"current_hp_per_floor":[73,73,57,56,80,39,45,45,45,45,25,64,48,42,80,18,65,43,43,43,37,22,61,36,75,75,83,64,64,64,59,85,0],"gold":114,"neow_bonus":"ONE_RANDOM_RARE_CARD","is_prod":false,"is_daily":false,"chose_seed":false,"campfire_upgraded":2,"win_rate":0,"timestamp":1564976370,"path_taken":["M","$","?","M","?","E","M","R","T","R","E","R","E","M","R","BOSS","M","?","$","?","M","R","E","R","T","R","M","R","?","M","R","BOSS"],"build_version":"2019-07-17","purchased_purges":1,"victory":false,"max_hp_per_floor":[80,80,80,80,80,80,80,80,80,80,80,80,80,80,80,80,80,80,80,80,81,82,82,83,83,83,83,84,84,84,85,85,85],"card_choices":[{"not_picked":["Second Wind","Clothesline"],"picked":"Cleave","floor":1},{"not_picked":["Perfected Strike","True Grit","Cleave"],"picked":"SKIP","floor":4},{"not_picked":["Perfected Strike","Searing Blow"],"picked":"Clothesline","floor":6},{"not_picked":["Carnage","Anger"],"picked":"Dropkick","floor":7},{"not_picked":["Sword Boomerang","Exhume"],"picked":"Twin Strike","floor":11},{"not_picked":["Combust","Corruption"],"picked":"Pommel Strike","floor":13},{"not_picked":["Carnage","Heavy Blade"],"picked":"Infernal Blade","floor":14},{"not_picked":["Bludgeon","Exhume"],"picked":"Double Tap","floor":16},{"not_picked":["Clothesline+1","Anger+1"],"picked":"Flex+1","floor":18},{"not_picked":["Warcry","Blood for Blood"],"picked":"Clash+1","floor":21},{"not_picked":["Bloodletting","Metallicize+1","Wild Strike"],"picked":"SKIP","floor":22},{"not_picked":["Wild Strike+1","Clothesline"],"picked":"Anger","floor":24},{"not_picked":["Havoc","Warcry+1"],"picked":"Armaments+1","floor":28},{"not_picked":["Flex+1","Sentinel"],"picked":"Blood for Blood+1","floor":31}],"player_experience":227714,"relics_obtained":[{"floor":6,"key":"Mummified Hand"},{"floor":9,"key":"Regal Pillow"},{"floor":11,"key":"Whetstone"},{"floor":13,"key":"Pen Nib"},{"floor":24,"key":"Frozen Egg 2"}],"event_choices":[{"damage_healed":0,"gold_gain":0,"player_choice":"Entered Light","damage_taken":16,"max_hp_gain":0,"max_hp_loss":0,"event_name":"Shining Light","floor":3,"gold_loss":0,"cards_upgraded":["Defend_R","Strike_R"]},{"damage_healed":26,"gold_gain":0,"player_choice":"Banana","damage_taken":0,"max_hp_gain":0,"max_hp_loss":0,"event_name":"Big Fish","floor":5,"gold_loss":0},{"damage_healed":0,"gold_gain":0,"player_choice":"Trade","damage_taken":0,"relics_obtained":["FaceOfCleric"],"max_hp_gain":0,"max_hp_loss":0,"event_name":"FaceTrader","floor":19,"gold_loss":0},{"damage_healed":0,"gold_gain":0,"player_choice":"Opened","damage_taken":0,"relics_obtained":["Peace Pipe"],"max_hp_gain":0,"max_hp_loss":0,"event_name":"The Mausoleum","floor":30,"gold_loss":0,"cards_obtained":["Writhe"]}],"is_beta":false,"boss_relics":[{"not_picked":["Astrolabe","Velvet Choker"],"picked":"Fusion Hammer"}],"items_purged_floors":[20],"is_endless":false,"potions_floor_spawned":[1,6,7,16,21,28,31],"killed_by":"Collector","ascension_level":6}