{"gold_per_floor":[109,109,34,34,34,75,75,94,174,43,79,115,115,150,150,241,241,241],"floor_reached":18,"playtime":682,"items_purged":["Strike_R"],"score":398,"play_id":"2bb96477-403b-4536-9fd7-5e9879dd3f00","local_time":"20190606021714","is_ascension_mode":true,"campfire_choices":[{"data":"Pommel Strike","floor":7.0,"key":"SMITH"},{"data":"Inflame","floor":13.0,"key":"SMITH"},{"data":"Armaments","floor":15.0,"key":"SMITH"}],"neow_cost":"NONE","seed_source_timestamp":297903271681753,"circlet_count":0,"master_deck":["AscendersBane","Strike_R","Strike_R","Strike_R","Defend_R","Defend_R","Defend_R","Defend_R","Bash","Pommel Strike+1","True Grit","Inflame+1","Feel No Pain","Fiend Fire","Armaments+1","Reaper"],"special_seed":0,"relics":["Burning Blood","NeowsBlessing","Golden Idol","Bird Faced Urn","Shuriken","Odd Mushroom","Omamori","Paper Frog","Sozu"],"potions_floor_usage":[],"damage_taken":[{"damage":0.0,"enemies":"Jaw Worm","floor":1.0,"turns":1.0},{"damage":0.0,"enemies":"Lagavulin","floor":6.0,"turns":1.0},{"damage":0.0,"enemies":"Small Slimes","floor":8.0,"turns":1.0},{"damage":31.0,"enemies":"The Mushroom Lair","floor":11.0,"turns":6.0},{"damage":31.0,"enemies":"Gremlin Nob","floor":12.0,"turns":5.0},{"damage":2.0,"enemies":"Lagavulin","floor":14.0,"turns":5.0},{"damage":34.0,"enemies":"The Guardian","floor":16.0,"turns":11.0},{"damage":31,"enemies":"3 Byrds","floor":18,"turns":4}],"seed_played":"6486119205306297180","potions_obtained":[{"floor":6.0,"key":"Dexterity Potion"},{"floor":8.0,"key":"SkillPotion"},{"floor":11.0,"key":"Regen Potion"},{"floor":12.0,"key":"AttackPotion"}],"is_trial":false,"path_per_floor":["M","?","$","?","?","E","R","M","T","$","?","E","R","E","R","B",null,"M"],"character_chosen":"IRONCLAD","items_purchased":["True Grit","Inflame"],"campfire_rested":0,"item_purchase_floors":[10,10],"current_hp_per_floor":[74,79,79,72,44,50,50,56,56,56,33,12,12,34,34,10,63,48],"gold":241,"neow_bonus":"THREE_ENEMY_KILL","is_prod":false,"is_daily":false,"chose_seed":false,"campfire_upgraded":3,"win_rate":0,"timestamp":1559758634,"path_taken":["M","?","$","?","?","E","R","M","T","$","?","E","R","E","R","BOSS","M"],"build_version":"2019-01-23","purchased_purges":1,"victory":false,"max_hp_per_floor":[75,80,80,80,80,80,80,80,80,80,80,80,80,80,80,80,80,80],"card_choices":[{"not_picked":["Havoc","Seeing Red","Combust"],"picked":"SKIP","floor":1.0},{"not_picked":["Blood for Blood","Headbutt"],"picked":"Pommel Strike","floor":6.0},{"not_picked":["Havoc","Heavy Blade","Perfected Strike"],"picked":"SKIP","floor":8.0},{"not_picked":["Pommel Strike","Metallicize"],"picked":"Feel No Pain","floor":11.0},{"not_picked":["Iron Wave","Anger"],"picked":"Fiend Fire","floor":12.0},{"not_picked":["Wild Strike","Pommel Strike"],"picked":"Armaments","floor":14.0},{"not_picked":["Feed","Fiend Fire"],"picked":"Reaper","floor":16.0}],"player_experience":1882882,"relics_obtained":[{"floor":6.0,"key":"Bird Faced Urn"},{"floor":9.0,"key":"Shuriken"},{"floor":11.0,"key":"Odd Mushroom"},{"floor":12.0,"key":"Omamori"},{"floor":14.0,"key":"Paper Frog"}],"event_choices":[{"damage_healed":0.0,"max_hp_gain":5.0,"max_hp_loss":0.0,"gold_gain":0.0,"event_name":"Big Fish","player_choice":"Donut","floor":2.0,"gold_loss":0.0,"damage_taken":0.0},{"cards_removed":["Strike_R"],"damage_healed":0.0,"max_hp_gain":0.0,"max_hp_loss":0.0,"gold_gain":0.0,"event_name":"Golden Wing","player_choice":"Card Removal","floor":4.0,"gold_loss":0.0,"damage_taken":7.0},{"damage_healed":0.0,"max_hp_gain":0.0,"max_hp_loss":0.0,"gold_gain":0.0,"event_name":"Golden Idol","player_choice":"Take Damage","floor":5.0,"gold_loss":0.0,"damage_taken":28.0,"relics_obtained":["Golden Idol"]},{"damage_healed":0.0,"max_hp_gain":0.0,"max_hp_loss":0.0,"gold_gain":0.0,"event_name":"Mushrooms","player_choice":"Fought Mushrooms","floor":11.0,"gold_loss":0.0,"damage_taken":0.0}],"is_beta":false,"boss_relics":[{"not_picked":["Astrolabe","Empty Cage"],"picked":"Sozu"}],"items_purged_floors":[3],"is_endless":false,"potions_floor_spawned":[6,8,11,12],"killed_by":"3 Byrds","ascension_level":20}