{"gold_per_floor":[12,30,30,51,101,101,119,135,160,160,186,22,66,66,66,159,159,173,194,194,119,119,163,163,113,113,113,113,146,169,189,189,287,287,312,1311,464,487,502,540,540,559,585,585,585,476,476,510,510,510,510,510,510,11,47,47],"floor_reached":57,"playtime":2610,"items_purged":["Bash","Normality","Normality","Headbutt"],"score":3067,"play_id":"0d464c29-4fc0-43a7-abb9-13f20004032f","local_time":"20190618085119","is_ascension_mode":true,"campfire_choices":[{"data":"Armaments","floor":6.0,"key":"SMITH"},{"data":"Immolate","floor":10.0,"key":"SMITH"},{"data":"Disarm","floor":15.0,"key":"SMITH"},{"data":"Corruption","floor":24.0,"key":"SMITH"},{"floor":27.0,"key":"RECALL"},{"data":"Battle Trance","floor":32.0,"key":"SMITH"},{"data":"Warcry","floor":41.0,"key":"SMITH"},{"data":"Second Wind","floor":44.0,"key":"SMITH"},{"data":"Offering","floor":47.0,"key":"SMITH"},{"data":"Evolve","floor":49.0,"key":"SMITH"},{"floor":53.0,"key":"REST"}],"neow_cost":"NO_GOLD","seed_source_timestamp":1356527059259540,"circlet_count":0,"master_deck":["AscendersBane","Immolate+1","Armaments+1","Warcry+1","Shrug It Off","Evolve+1","Disarm+1","Feed","Corruption+1","Spot Weakness","Seeing Red","Power Through","Battle Trance+1","Reaper","Offering+1","Second Wind+1","Corruption+1","Power Through","Body Slam+1","Feel No Pain+1","Shrug It Off+1","Bloodletting+1","Armaments+1","Entrench+1","Seeing Red+1","Panacea+1","Seeing Red+1"],"special_seed":0,"relics":["Burning Blood","Dead Branch","Golden Idol","Potion Belt","Odd Mushroom","Smiling Mask","Empty Cage","Art of War","Frozen Egg 2","Question Card","Pandora\u0027s Box","Bottled Tornado","Toxic Egg 2","Red Skull","Gremlin Horn","Medical Kit","Incense Burner"],"potions_floor_usage":[56,56,56,56],"damage_taken":[{"damage":7.0,"enemies":"Cultist","floor":1.0,"turns":4.0},{"damage":15.0,"enemies":"Small Slimes","floor":2.0,"turns":7.0},{"damage":12.0,"enemies":"Jaw Worm","floor":4.0,"turns":2.0},{"damage":20.0,"enemies":"Large Slime","floor":7.0,"turns":5.0},{"damage":8.0,"enemies":"Looter","floor":8.0,"turns":4.0},{"damage":0.0,"enemies":"The Mushroom Lair","floor":11.0,"turns":2.0},{"damage":17.0,"enemies":"Gremlin Nob","floor":13.0,"turns":4.0},{"damage":24.0,"enemies":"The Guardian","floor":16.0,"turns":13.0},{"damage":13.0,"enemies":"Shell Parasite","floor":18.0,"turns":9.0},{"damage":12.0,"enemies":"3 Byrds","floor":19.0,"turns":4.0},{"damage":6.0,"enemies":"Book of Stabbing","floor":23.0,"turns":3.0},{"damage":10.0,"enemies":"Gremlin Leader","floor":29.0,"turns":4.0},{"damage":19.0,"enemies":"Shelled Parasite and Fungi","floor":30.0,"turns":3.0},{"damage":0.0,"enemies":"3 Cultists","floor":31.0,"turns":5.0},{"damage":19.0,"enemies":"Champ","floor":33.0,"turns":6.0},{"damage":6.0,"enemies":"3 Darklings","floor":35.0,"turns":2.0},{"damage":0.0,"enemies":"3 Shapes","floor":38.0,"turns":1.0},{"damage":0.0,"enemies":"Writhing Mass","floor":39.0,"turns":5.0},{"damage":9.0,"enemies":"Nemesis","floor":40.0,"turns":5.0},{"damage":8.0,"enemies":"Sphere and 2 Shapes","floor":42.0,"turns":4.0},{"damage":15.0,"enemies":"Reptomancer","floor":48.0,"turns":2.0},{"damage":9.0,"enemies":"Donu and Deca","floor":50.0,"turns":3.0},{"damage":86.0,"enemies":"Awakened One","floor":51.0,"turns":7.0},{"damage":3,"enemies":"Shield and Spear","floor":55,"turns":1},{"damage":43,"enemies":"The Heart","floor":56,"turns":7}],"seed_played":"-7314321024669501468","potions_obtained":[{"floor":2.0,"key":"Regen Potion"},{"floor":4.0,"key":"SkillPotion"},{"floor":11.0,"key":"GamblersBrew"},{"floor":19.0,"key":"PowerPotion"},{"floor":30.0,"key":"Energy Potion"},{"floor":38.0,"key":"Block Potion"},{"floor":42.0,"key":"LiquidBronze"},{"floor":48.0,"key":"Weak Potion"}],"is_trial":false,"path_per_floor":["M","M","?","M","?","R","M","M","T","R","?","$","E","?","R","B",null,"M","M","?","?","?","E","R","$","T","R","?","E","M","M","R","B",null,"M","?","$","M","M","E","R","M","T","R","?","$","R","E","R","B","B",null,"R","$","E","B",null],"character_chosen":"IRONCLAD","items_purchased":["Evolve","Disarm","Feel No Pain+1","Bottled Tornado","Ancient Potion","AttackPotion","Toxic Egg 2","Armaments+1","Medical Kit","Seeing Red+1","Panacea+1","Explosive Potion"],"campfire_rested":1,"item_purchase_floors":[12,12,37,37,37,37,37,46,54,54,54,54],"current_hp_per_floor":[67,58,58,52,52,52,38,36,36,36,42,42,31,31,31,13,54,51,49,49,49,49,49,49,49,49,49,49,45,32,42,42,36,69,69,69,69,75,80,78,78,83,83,83,83,83,83,84,84,81,11,66,84,84,84,62],"gold":47,"neow_bonus":"ONE_RARE_RELIC","is_prod":false,"is_daily":false,"chose_seed":false,"campfire_upgraded":9,"win_rate":0,"timestamp":1560819079,"path_taken":["M","M","?","M","?","R","M","?","T","R","?","$","E","?","R","BOSS","M","M","?","?","?","E","R","$","T","R","?","E","M","?","R","BOSS","M","?","$","M","M","E","R","M","T","R","?","$","R","E","R","BOSS","BOSS","R","$","E","BOSS"],"build_version":"2019-01-23","purchased_purges":4,"victory":true,"max_hp_per_floor":[75,75,68,68,68,68,68,68,68,68,68,68,68,68,68,68,68,72,76,76,76,76,76,76,76,76,76,76,76,76,80,80,80,80,80,80,80,80,80,80,80,84,84,84,84,84,84,84,84,84,84,84,84,84,84,84],"card_choices":[{"not_picked":["Sword Boomerang","Heavy Blade","Twin Strike"],"picked":"SKIP","floor":1.0},{"not_picked":["Anger","Twin Strike"],"picked":"Immolate","floor":2.0},{"not_picked":["Feel No Pain","Cleave"],"picked":"Armaments","floor":4.0},{"not_picked":["Clothesline","Anger"],"picked":"Warcry","floor":7.0},{"not_picked":["Cleave","Sentinel"],"picked":"Shrug It Off","floor":8.0},{"not_picked":["Wild Strike","Searing Blow","Warcry"],"picked":"SKIP","floor":13.0},{"not_picked":["Immolate","Exhume"],"picked":"Feed","floor":16.0},{"not_picked":["Power Through+1","Cleave"],"picked":"Corruption","floor":18.0},{"not_picked":["Iron Wave+1","Armaments"],"picked":"Spot Weakness","floor":19.0},{"not_picked":["Flame Barrier","Dropkick"],"picked":"Seeing Red","floor":23.0},{"not_picked":["Spot Weakness","Seeing Red","Cleave"],"picked":"SKIP","floor":29.0},{"not_picked":["Dual Wield","Thunderclap","Body Slam"],"picked":"Battle Trance","floor":30.0},{"not_picked":["Sword Boomerang","Armaments","Clothesline"],"picked":"Reaper","floor":31.0},{"not_picked":["Feed","Impervious","Reaper"],"picked":"Offering","floor":33.0},{"not_picked":["Sword Boomerang","Sever Soul","Iron Wave"],"picked":"Body Slam+1","floor":35.0},{"not_picked":["Twin Strike","Uppercut","Spot Weakness+1","Headbutt"],"picked":"SKIP","floor":38.0},{"not_picked":["Wild Strike","Thunderclap","Anger"],"picked":"Shrug It Off+1","floor":39.0},{"not_picked":["Rupture+1","Fire Breathing+1","Body Slam","Corruption+1"],"picked":"SKIP","floor":40.0},{"not_picked":["Blood for Blood+1","Thunderclap+1","Cleave"],"picked":"Bloodletting+1","floor":42.0},{"not_picked":["Twin Strike","Intimidate+1","Reaper"],"picked":"Entrench+1","floor":48.0},{"not_picked":["Twin Strike","Flex+1","Feel No Pain+1"],"picked":"Seeing Red+1","floor":55}],"player_experience":1911015,"relics_obtained":[{"floor":9.0,"key":"Potion Belt"},{"floor":11.0,"key":"Odd Mushroom"},{"floor":13.0,"key":"Smiling Mask"},{"floor":23.0,"key":"Art of War"},{"floor":26.0,"key":"Frozen Egg 2"},{"floor":29.0,"key":"Question Card"},{"floor":40.0,"key":"Red Skull"},{"floor":48.0,"key":"Gremlin Horn"},{"floor":55,"key":"Incense Burner"}],"event_choices":[{"damage_healed":0.0,"max_hp_gain":0.0,"max_hp_loss":7.0,"gold_gain":0.0,"event_name":"Golden Idol","player_choice":"Lose Max HP","floor":3.0,"gold_loss":0.0,"damage_taken":0.0,"relics_obtained":["Golden Idol"]},{"damage_healed":0.0,"max_hp_gain":0.0,"max_hp_loss":0.0,"gold_gain":50.0,"event_name":"Golden Shrine","player_choice":"Pray","floor":5.0,"gold_loss":0.0,"damage_taken":0.0},{"damage_healed":0.0,"max_hp_gain":0.0,"max_hp_loss":0.0,"gold_gain":0.0,"event_name":"Mushrooms","player_choice":"Fought Mushrooms","floor":11.0,"gold_loss":0.0,"damage_taken":0.0},{"damage_healed":0.0,"max_hp_gain":0.0,"max_hp_loss":0.0,"gold_gain":0.0,"event_name":"The Cleric","player_choice":"Leave","floor":14.0,"gold_loss":0.0,"damage_taken":0.0},{"damage_healed":0.0,"max_hp_gain":0.0,"max_hp_loss":0.0,"gold_gain":0.0,"event_name":"The Mausoleum","player_choice":"Ignored","floor":20.0,"gold_loss":0.0,"damage_taken":0.0},{"cards_removed":["Strike_R"],"damage_healed":0.0,"max_hp_gain":0.0,"max_hp_loss":0.0,"gold_gain":0.0,"event_name":"Beggar","player_choice":"Gave Gold","floor":21.0,"gold_loss":75.0,"damage_taken":0.0},{"cards_removed":["Strike_R"],"damage_healed":0.0,"max_hp_gain":0.0,"max_hp_loss":0.0,"gold_gain":0.0,"event_name":"Back to Basics","player_choice":"Elegance","floor":22.0,"gold_loss":0.0,"damage_taken":0.0},{"damage_healed":0.0,"max_hp_gain":0.0,"max_hp_loss":0.0,"gold_gain":0.0,"event_name":"The Library","player_choice":"Read","floor":28.0,"gold_loss":0.0,"damage_taken":0.0,"cards_obtained":["Power Through"]},{"damage_healed":0.0,"max_hp_gain":0.0,"max_hp_loss":0.0,"gold_gain":999.0,"event_name":"MindBloom","player_choice":"Gold","floor":36.0,"gold_loss":0.0,"damage_taken":0.0,"cards_obtained":["Normality","Normality"]},{"cards_removed":["Whirlwind"],"damage_healed":0.0,"max_hp_gain":0.0,"max_hp_loss":0.0,"gold_gain":0.0,"event_name":"Falling","player_choice":"Removed Attack","floor":45.0,"gold_loss":0.0,"damage_taken":0.0}],"is_beta":false,"boss_relics":[{"not_picked":["Tiny House","Snecko Eye"],"picked":"Empty Cage"},{"not_picked":["Fusion Hammer","Black Blood"],"picked":"Pandora\u0027s Box"}],"items_purged_floors":[25,37,46,54],"is_endless":false,"potions_floor_spawned":[2,4,7,11,19,30,38,42,48,55],"ascension_level":20}