{"gold_per_floor":[111,111,91,17,27,27,52,52,76,109,121,121,135,160,160,238,238,252,266,191,191,201,201,218,218],"floor_reached":25,"playtime":588,"items_purged":["Strike_G"],"score":492,"play_id":"3290904f-6617-4b15-8d6e-95f5d4023102","local_time":"20190516163638","is_ascension_mode":true,"campfire_choices":[{"data":"Noxious Fumes","floor":6.0,"key":"SMITH"},{"data":"Deadly Poison","floor":8.0,"key":"SMITH"},{"data":"Neutralize","floor":12.0,"key":"SMITH"},{"data":"Night Terror","floor":15,"key":"SMITH"},{"floor":23,"key":"REST"}],"neow_cost":"NONE","seed_source_timestamp":523265715859121,"circlet_count":0,"master_deck":["AscendersBane","Defend_G","Defend_G","Defend_G","Defend_G","Defend_G","Strike_G","Strike_G","Survivor","Neutralize+1","Deadly Poison+1","Noxious Fumes+1","Die Die Die","Night Terror+1","After Image","Noxious Fumes","A Thousand Cuts"],"special_seed":0,"relics":["Ring of the Snake","NeowsBlessing","Art of War","Blood Vial","Pen Nib","Bronze Scales","Runic Dome"],"potions_floor_usage":[14,16,24],"damage_taken":[{"damage":0.0,"enemies":"Jaw Worm","floor":1.0,"turns":1.0},{"damage":0.0,"enemies":"2 Louse","floor":5.0,"turns":1.0},{"damage":0.0,"enemies":"Lagavulin","floor":7.0,"turns":1.0},{"damage":30.0,"enemies":"Gremlin Nob","floor":10.0,"turns":4.0},{"damage":2.0,"enemies":"Cultist","floor":11.0,"turns":4.0},{"damage":21.0,"enemies":"Large Slime","floor":13.0,"turns":6.0},{"damage":3,"enemies":"Lagavulin","floor":14,"turns":7},{"damage":5,"enemies":"Hexaghost","floor":16,"turns":8},{"damage":18,"enemies":"Spheric Guardian","floor":18,"turns":4},{"damage":3,"enemies":"Chosen","floor":19,"turns":5},{"damage":28,"enemies":"Centurion and Healer","floor":22,"turns":5},{"damage":16,"enemies":"3 Cultists","floor":24,"turns":4},{"damage":17,"enemies":"Snecko","floor":25,"turns":4}],"seed_played":"9056065774405773530","potions_obtained":[{"floor":1.0,"key":"Energy Potion"},{"floor":3.0,"key":"Block Potion"},{"floor":22,"key":"AttackPotion"},{"floor":24,"key":"LiquidBronze"}],"is_trial":false,"path_per_floor":["M","?","?","$","M","R","E","R","T","E","M","R","M","E","R","B",null,"M","M","$","?","M","R","M","M"],"character_chosen":"THE_SILENT","items_purchased":["Noxious Fumes"],"campfire_rested":1,"item_purchase_floors":[4],"current_hp_per_floor":[59,52,52,52,52,52,52,52,52,24,24,24,5,4,4,1,50,34,33,33,33,7,26,12,0],"gold":218,"neow_bonus":"THREE_ENEMY_KILL","is_prod":false,"is_daily":false,"chose_seed":false,"campfire_upgraded":4,"win_rate":0,"timestamp":1557995798,"path_taken":["M","?","?","$","M","R","E","R","T","E","M","R","M","E","R","BOSS","M","?","$","?","M","R","?","M"],"build_version":"2019-01-23","purchased_purges":1,"victory":false,"max_hp_per_floor":[66,66,66,66,66,66,66,66,66,66,66,66,66,66,66,66,66,66,66,66,66,66,66,66,66],"card_choices":[{"not_picked":["Skewer","Backstab"],"picked":"Deadly Poison","floor":1.0},{"not_picked":["Flying Knee","Deadly Poison","Outmaneuver"],"picked":"SKIP","floor":5.0},{"not_picked":["Deflect","Sucker Punch","Poisoned Stab"],"picked":"SKIP","floor":7.0},{"not_picked":["Dagger Throw","Concentrate","Riddle With Holes"],"picked":"SKIP","floor":10.0},{"not_picked":["Dagger Spray","Slice","Reflex"],"picked":"SKIP","floor":11.0},{"not_picked":["Underhanded Strike","Slice"],"picked":"Die Die Die","floor":13.0},{"not_picked":["Flying Knee","Sucker Punch"],"picked":"Night Terror","floor":14},{"not_picked":["Unload","Tools of the Trade"],"picked":"After Image","floor":16},{"not_picked":["Deflect+1","Dash","Outmaneuver"],"picked":"SKIP","floor":18},{"not_picked":["Slice+1","Cloak And Dagger"],"picked":"Noxious Fumes","floor":19},{"not_picked":["Quick Slash","Predator","Leg Sweep"],"picked":"SKIP","floor":22},{"not_picked":["Blade Dance+1","Flying Knee","All Out Attack"],"picked":"SKIP","floor":24}],"player_experience":1709338,"relics_obtained":[{"floor":7.0,"key":"Art of War"},{"floor":9.0,"key":"Blood Vial"},{"floor":10.0,"key":"Pen Nib"},{"floor":14,"key":"Bronze Scales"}],"event_choices":[{"cards_removed":["Strike_G"],"damage_healed":0.0,"max_hp_gain":0.0,"max_hp_loss":0.0,"gold_gain":0.0,"event_name":"Golden Wing","player_choice":"Card Removal","floor":2.0,"gold_loss":0.0,"damage_taken":7.0},{"damage_healed":0.0,"max_hp_gain":0.0,"max_hp_loss":0.0,"gold_gain":0.0,"event_name":"The Woman in Blue","player_choice":"Bought 1 Potion","floor":3.0,"gold_loss":0.0,"damage_taken":0.0},{"damage_healed":0,"gold_gain":0,"cards_transformed":["Strike_G"],"player_choice":"Transformed","damage_taken":0,"max_hp_gain":0,"max_hp_loss":0,"event_name":"Transmorgrifier","floor":21,"gold_loss":0,"cards_obtained":["A Thousand Cuts"]}],"is_beta":false,"boss_relics":[{"not_picked":["Ring of the Serpent","Fusion Hammer"],"picked":"Runic Dome"}],"items_purged_floors":[20],"is_endless":false,"potions_floor_spawned":[1,7,22,24],"killed_by":"Snecko","ascension_level":20}