{"gold_per_floor":[112,112,128,143,143,143,172,172,172,247,262,262,262,281,281,281],"floor_reached":16,"playtime":440,"items_purged":[],"score":175,"play_id":"c18d22d6-03d4-4cda-987b-2897b66bab8c","local_time":"20190730203311","is_ascension_mode":true,"campfire_choices":[{"data":"Shrug It Off","floor":6,"key":"SMITH"},{"data":"True Grit","floor":8,"key":"SMITH"},{"data":"Pommel Strike","floor":13,"key":"SMITH"},{"floor":15,"key":"RECALL"}],"neow_cost":"NONE","seed_source_timestamp":332248258633742,"circlet_count":0,"master_deck":["AscendersBane","Strike_R","Strike_R","Strike_R","Strike_R","Strike_R","Defend_R","Defend_R","Defend_R","Defend_R","Bash+1","Shrug It Off+1","Shrug It Off","True Grit+1","Pommel Strike+1","Anger"],"relics":["Burning Blood","Thread and Needle","Bronze Scales","The Courier","Golden Idol"],"potions_floor_usage":[7,16,16],"damage_taken":[{"damage":10,"enemies":"Small Slimes","floor":1,"turns":4},{"damage":2,"enemies":"Cultist","floor":3,"turns":5},{"damage":0,"enemies":"2 Louse","floor":4,"turns":3},{"damage":43,"enemies":"Gremlin Nob","floor":7,"turns":6},{"damage":6,"enemies":"Large Slime","floor":11,"turns":10},{"damage":0,"enemies":"Red Slaver","floor":14,"turns":3},{"damage":49,"enemies":"Slime Boss","floor":16,"turns":11}],"seed_played":"-3824959234086507213","potions_obtained":[{"floor":1,"key":"LiquidBronze"},{"floor":4,"key":"Energy Potion"},{"floor":7,"key":"Block Potion"}],"is_trial":false,"path_per_floor":["M","?","M","M","?","R","E","R","T","?","M","?","R","M","R","B"],"character_chosen":"IRONCLAD","items_purchased":[],"campfire_rested":0,"item_purchase_floors":[],"current_hp_per_floor":[64,64,68,74,79,79,42,42,42,31,31,31,31,37,37,0],"gold":281,"neow_bonus":"UPGRADE_CARD","is_prod":false,"is_daily":false,"chose_seed":false,"campfire_upgraded":3,"win_rate":0,"timestamp":1564533191,"path_taken":["M","?","?","M","?","R","E","R","T","?","M","?","R","M","R","BOSS"],"build_version":"2019-07-17","purchased_purges":0,"victory":false,"max_hp_per_floor":[75,75,75,75,80,80,80,80,80,80,80,72,72,72,72,72],"card_choices":[{"not_picked":["Twin Strike","Iron Wave"],"picked":"Pummel","floor":1},{"not_picked":["Armaments","Perfected Strike"],"picked":"Shrug It Off","floor":3},{"not_picked":["Clothesline","Warcry"],"picked":"Shrug It Off","floor":4},{"not_picked":["Headbutt","Heavy Blade"],"picked":"True Grit","floor":7},{"not_picked":["Reckless Charge","Pummel"],"picked":"Pommel Strike","floor":11},{"not_picked":["Blood for Blood","Rage"],"picked":"Anger","floor":14}],"player_experience":1611719,"relics_obtained":[{"floor":7,"key":"Bronze Scales"},{"floor":9,"key":"The Courier"}],"event_choices":[{"cards_removed":["Pummel"],"damage_healed":0,"gold_gain":0,"player_choice":"Gave Card","damage_taken":0,"relics_obtained":["Thread and Needle"],"max_hp_gain":0,"max_hp_loss":0,"event_name":"WeMeetAgain","floor":2,"gold_loss":0},{"damage_healed":0,"gold_gain":0,"player_choice":"Donut","damage_taken":0,"max_hp_gain":5,"max_hp_loss":0,"event_name":"Big Fish","floor":5,"gold_loss":0},{"damage_healed":0,"gold_gain":75,"player_choice":"Gather Gold","damage_taken":11,"max_hp_gain":0,"max_hp_loss":0,"event_name":"World of Goop","floor":10,"gold_loss":0},{"damage_healed":0,"gold_gain":0,"player_choice":"Lose Max HP","damage_taken":0,"relics_obtained":["Golden Idol"],"max_hp_gain":0,"max_hp_loss":8,"event_name":"Golden Idol","floor":12,"gold_loss":0}],"is_beta":false,"boss_relics":[],"items_purged_floors":[],"is_endless":false,"potions_floor_spawned":[1,4,7,11],"killed_by":"Slime Boss","ascension_level":15}