{"gold_per_floor":[112,112,112,112,126,126,161,161,186,205,205,229,250,277,277,406,406,420,420,420,420,496,496,539,539,539,539,553,553,63,63,63,183,183,202,225,558,568,221,221,252,252,275,287,329,341,369,406,418,430],"floor_reached":50,"playtime":3097,"items_purged":[],"score":670,"play_id":"db254634-ad69-44c2-94a8-9bf690b721c0","local_time":"20181122011527","is_ascension_mode":true,"campfire_choices":[{"data":"Crippling Poison","floor":6,"key":"SMITH"},{"data":"Bane","floor":8,"key":"SMITH"},{"data":"Survivor","floor":11,"key":"SMITH"},{"data":"Bane","floor":15,"key":"SMITH"},{"data":"Writhe","floor":23,"key":"PURGE"},{"data":"Bite","floor":25,"key":"SMITH"},{"data":"Bite","floor":27,"key":"SMITH"},{"data":"Catalyst","floor":29,"key":"SMITH"},{"data":"Backstab","floor":32,"key":"SMITH"},{"floor":40,"key":"REST"},{"floor":42,"key":"REST"},{"floor":46,"key":"REST"},{"floor":49,"key":"REST"}],"neow_cost":"CURSE","seed_source_timestamp":231995127159411,"circlet_count":0,"master_deck":["Defend_G","Defend_G","Defend_G","Defend_G","Defend_G","Survivor+1","Neutralize+1","Tactician","Crippling Poison+1","Bane+1","Backstab+1","Dodge and Roll","Bane+1","Envenom","Poisoned Stab+1","Bite","Bite","Bite","Bite+1","Bite+1","Malaise","Catalyst+1","Apotheosis+1","Deadly Poison+1","Envenom","PiercingWail+1","Outmaneuver+1","Bane+1","Corpse Explosion+1","Skewer","Flying Knee+1","Madness+1","Madness+1","Deadly Poison+1","Deflect+1","Flechettes+1"],"relics":["Ring of the Snake","Ginger","Boot","Snake Skull","Pen Nib","WristBlade","Peace Pipe","Pantograph","Darkstone Periapt","Happy Flower","Toxic Egg 2","Fusion Hammer","Omamori","Bag of Marbles","MawBank","PreservedInsect","Calipers"],"potions_floor_usage":[7,18,24,33,33,33,38,38,50,50],"damage_taken":[{"damage":5,"enemies":"2 Louse","floor":1,"turns":2},{"damage":3,"enemies":"Small Slimes","floor":5,"turns":4},{"damage":26,"enemies":"Lagavulin","floor":7,"turns":10},{"damage":0,"enemies":"Jaw Worm","floor":10,"turns":3},{"damage":1,"enemies":"2 Fungi Beasts","floor":12,"turns":3},{"damage":1,"enemies":"3 Louse","floor":13,"turns":2},{"damage":27,"enemies":"The Guardian","floor":16,"turns":14},{"damage":45,"enemies":"Spheric Guardian","floor":18,"turns":6},{"damage":13,"enemies":"Gremlin Leader","floor":24,"turns":5},{"damage":0,"enemies":"Chosen","floor":28,"turns":3},{"damage":34,"enemies":"Automaton","floor":33,"turns":10},{"damage":0,"enemies":"Orb Walker","floor":35,"turns":2},{"damage":39,"enemies":"3 Darklings","floor":36,"turns":5},{"damage":10,"enemies":"Writhing Mass","floor":38,"turns":4},{"damage":30,"enemies":"Giant Head","floor":41,"turns":6},{"damage":58,"enemies":"Reptomancer","floor":45,"turns":7},{"damage":24,"enemies":"Jaw Worm Horde","floor":47,"turns":3},{"damage":3,"enemies":"Nemesis","floor":48,"turns":5},{"damage":58,"enemies":"Awakened One","floor":50,"turns":5}],"seed_played":"4256116764031422630","potions_obtained":[{"floor":5,"key":"Regen Potion"},{"floor":7,"key":"Strength Potion"},{"floor":10,"key":"SpeedPotion"},{"floor":16,"key":"Regen Potion"},{"floor":18,"key":"Explosive Potion"},{"floor":24,"key":"SpeedPotion"},{"floor":35,"key":"Explosive Potion"},{"floor":36,"key":"SpeedPotion"},{"floor":45,"key":"Energy Potion"},{"floor":48,"key":"Fire Potion"}],"is_trial":false,"path_per_floor":["M","?","?","?","M","R","E","R","T","M","R","M","M","T","R","B",null,"M","?","?","?","T","R","E","R","T","R","M","R","$","?","R","B",null,"M","M","?","M","$","R","E","R","T","?","E","R","M","E","R","B"],"character_chosen":"THE_SILENT","items_purchased":["Toxic Egg 2","Apotheosis+1","Deadly Poison+1","Corpse Explosion+1","Omamori","Skewer"],"campfire_rested":4,"item_purchase_floors":[30,30,30,39,39,39],"current_hp_per_floor":[65,65,65,62,59,59,48,48,48,50,50,51,52,52,52,27,65,32,32,32,32,32,32,31,31,31,31,34,34,34,55,55,47,65,65,39,39,44,44,63,41,60,60,52,8,27,8,11,30,10],"gold":430,"neow_bonus":"ONE_RARE_RELIC","is_prod":false,"is_daily":false,"chose_seed":false,"campfire_upgraded":8,"win_rate":0,"timestamp":1542867327,"path_taken":["M","?","?","?","M","R","E","R","T","M","R","M","M","?","R","BOSS","M","?","?","?","?","R","E","R","T","R","M","R","$","?","R","BOSS","M","M","?","M","$","R","E","R","T","?","E","R","M","E","R","BOSS"],"build_version":"2018-11-15","purchased_purges":0,"victory":false,"max_hp_per_floor":[70,70,65,65,65,65,65,65,65,65,65,65,65,65,65,65,65,65,65,65,65,65,65,65,65,65,65,65,65,65,65,65,65,65,65,65,65,65,65,65,65,65,65,65,65,65,65,65,65,65],"card_choices":[{"not_picked":["Riddle With Holes","Outmaneuver"],"picked":"Tactician","floor":1},{"not_picked":["Dagger Throw","Bane"],"picked":"Crippling Poison","floor":5},{"not_picked":["Bullet Time","Heel Hook"],"picked":"Bane","floor":7},{"not_picked":["Deflect","Cloak And Dagger"],"picked":"Backstab","floor":10},{"not_picked":["Reflex","PiercingWail"],"picked":"Dodge and Roll","floor":12},{"not_picked":["Prepared","Expertise"],"picked":"Bane","floor":13},{"not_picked":["Storm of Steel","Phantasmal Killer"],"picked":"Envenom","floor":16},{"not_picked":["Flying Knee","Choke"],"picked":"Poisoned Stab+1","floor":18},{"not_picked":["Setup","Flechettes+1"],"picked":"Malaise","floor":24},{"not_picked":["Slice+1","Expertise+1"],"picked":"Catalyst","floor":28},{"not_picked":["Die Die Die","Phantasmal Killer+1"],"picked":"Envenom","floor":33},{"not_picked":["Underhanded Strike","Blade Dance+1"],"picked":"PiercingWail+1","floor":35},{"not_picked":["Deflect+1","After Image"],"picked":"Outmaneuver+1","floor":36},{"not_picked":["Quick Slash","Dagger Throw+1"],"picked":"Bane+1","floor":38},{"not_picked":["Infinite Blades+1","Accuracy"],"picked":"Flying Knee+1","floor":41},{"not_picked":["Dagger Throw+1","PiercingWail+1"],"picked":"Deadly Poison+1","floor":45},{"not_picked":["Dagger Spray+1","Quick Slash+1"],"picked":"Deflect+1","floor":47},{"not_picked":["Storm of Steel+1","Underhanded Strike"],"picked":"Flechettes+1","floor":48}],"player_experience":339655,"relics_obtained":[{"floor":7,"key":"Snake Skull"},{"floor":9,"key":"Blood Vial"},{"floor":14,"key":"Pen Nib"},{"floor":22,"key":"Pantograph"},{"floor":24,"key":"Darkstone Periapt"},{"floor":26,"key":"Happy Flower"},{"floor":41,"key":"Bag of Marbles"},{"floor":43,"key":"MawBank"},{"floor":45,"key":"PreservedInsect"},{"floor":48,"key":"Calipers"}],"event_choices":[{"damage_healed":0,"gold_gain":0,"player_choice":"Grow","damage_taken":0,"max_hp_gain":0,"max_hp_loss":0,"event_name":"Living Wall","floor":2,"gold_loss":0,"cards_upgraded":["Neutralize"]},{"damage_healed":0,"gold_gain":0,"player_choice":"Lose Max HP","damage_taken":0,"relics_obtained":["Golden Idol"],"max_hp_gain":0,"max_hp_loss":5,"event_name":"Golden Idol","floor":3,"gold_loss":0},{"damage_healed":0,"gold_gain":0,"player_choice":"Success","damage_taken":3,"relics_obtained":["Boot"],"max_hp_gain":0,"max_hp_loss":0,"event_name":"Scrap Ooze","floor":4,"gold_loss":0},{"damage_healed":0,"gold_gain":0,"player_choice":"Became a vampire (Vial)","damage_taken":0,"max_hp_gain":0,"max_hp_loss":0,"event_name":"Vampires","floor":19,"relics_lost":["Blood Vial"],"gold_loss":0,"cards_obtained":["Bite","Bite","Bite","Bite","Bite"]},{"damage_healed":0,"gold_gain":0,"player_choice":"Opened","damage_taken":0,"relics_obtained":["Peace Pipe"],"max_hp_gain":0,"max_hp_loss":0,"event_name":"The Mausoleum","floor":20,"gold_loss":0},{"damage_healed":0,"gold_gain":0,"player_choice":"Ignored","damage_taken":0,"max_hp_gain":0,"max_hp_loss":0,"event_name":"Ghosts","floor":21,"gold_loss":0},{"damage_healed":21,"gold_gain":0,"player_choice":"Heal","damage_taken":0,"max_hp_gain":0,"max_hp_loss":0,"event_name":"The Library","floor":31,"gold_loss":0},{"damage_healed":0,"gold_gain":333,"player_choice":"Gave Idol","damage_taken":0,"max_hp_gain":0,"max_hp_loss":0,"event_name":"The Moai Head","floor":37,"relics_lost":["Golden Idol"],"gold_loss":0},{"damage_healed":0,"gold_gain":0,"player_choice":"Embrace Madness","damage_taken":8,"max_hp_gain":0,"max_hp_loss":0,"event_name":"Winding Halls","floor":44,"gold_loss":0,"cards_obtained":["Madness","Madness"]}],"is_beta":false,"boss_relics":[{"not_picked":["Coffee Dripper","Orrery"],"picked":"WristBlade"},{"not_picked":["Velvet Choker","Calling Bell"],"picked":"Fusion Hammer"}],"items_purged_floors":[],"is_endless":false,"potions_floor_spawned":[5,7,10,16,18,24,35,36,45,48],"killed_by":"Awakened One","ascension_level":1}