{"gold_per_floor":[116,131,131,206,224,224,243,243,243,273,273,291,130,130,130,202,202,216,196,210,24,43,43,61,61,61,61],"floor_reached":27,"playtime":605,"items_purged":["Strike_G","Strike_G"],"score":406,"play_id":"ebf915ef-3378-4f7e-972b-b697048a46c0","local_time":"20190621193430","is_ascension_mode":true,"campfire_choices":[{"data":"Flechettes","floor":6.0,"key":"SMITH"},{"data":"Neutralize","floor":11,"key":"SMITH"},{"data":"Noxious Fumes","floor":15,"key":"SMITH"},{"data":"Acrobatics","floor":23,"key":"SMITH"},{"data":"Well Laid Plans","floor":25,"key":"SMITH"}],"neow_cost":"NONE","seed_source_timestamp":1656358213978727,"circlet_count":0,"master_deck":["AscendersBane","Defend_G","Defend_G","Defend_G","Defend_G","Defend_G","Survivor","Neutralize+1","Terror","PiercingWail","Flechettes+1","Acrobatics+1","Noxious Fumes+1","Well Laid Plans+1"],"special_seed":0,"relics":["Ring of the Snake","NeowsBlessing","Gremlin Horn","Mummified Hand","Empty Cage","Bottled Lightning"],"potions_floor_usage":[12,20,20,22,24],"damage_taken":[{"damage":0.0,"enemies":"2 Louse","floor":1.0,"turns":1.0},{"damage":0.0,"enemies":"Jaw Worm","floor":2.0,"turns":1.0},{"damage":0.0,"enemies":"Cultist","floor":5.0,"turns":1.0},{"damage":20.0,"enemies":"Large Slime","floor":7.0,"turns":8.0},{"damage":0,"enemies":"Exordium Wildlife","floor":12,"turns":4},{"damage":19,"enemies":"The Guardian","floor":16,"turns":11},{"damage":15,"enemies":"Spheric Guardian","floor":18,"turns":7},{"damage":7,"enemies":"2 Thieves","floor":20,"turns":4},{"damage":1,"enemies":"Centurion and Healer","floor":22,"turns":5},{"damage":19,"enemies":"Snake Plant","floor":24,"turns":3},{"damage":0,"enemies":"Snecko","floor":27,"turns":2}],"seed_played":"-9096745183972080189","potions_obtained":[{"floor":1.0,"key":"FearPotion"},{"floor":2.0,"key":"LiquidBronze"},{"floor":12,"key":"Energy Potion"},{"floor":19,"key":"Block Potion"},{"floor":20,"key":"Energy Potion"},{"floor":22,"key":"AttackPotion"}],"is_trial":false,"path_per_floor":["M","M","?","?","M","R","M","T","T","?","R","M","$","?","R","B",null,"M","?","M","$","M","R","M","R","T","M"],"character_chosen":"THE_SILENT","items_purchased":["Noxious Fumes","Well Laid Plans"],"campfire_rested":0,"item_purchase_floors":[13,21],"current_hp_per_floor":[59,59,59,48,48,48,28,28,28,28,28,28,28,28,28,9,52,37,37,30,30,29,29,10,10,10,10],"gold":61,"neow_bonus":"THREE_ENEMY_KILL","is_prod":false,"is_daily":false,"chose_seed":false,"campfire_upgraded":5,"win_rate":0,"timestamp":1561116870,"path_taken":["M","M","?","?","?","R","M","?","T","?","R","M","$","?","R","BOSS","M","?","M","$","M","R","M","R","T","?"],"build_version":"2019-01-23","purchased_purges":2,"victory":false,"max_hp_per_floor":[66,66,66,66,66,66,66,66,66,66,66,66,66,66,66,66,66,66,66,66,66,66,66,66,66,66,66],"card_choices":[{"not_picked":["Reflex","Bane"],"picked":"Terror","floor":1.0},{"not_picked":["Slice","Prepared"],"picked":"PiercingWail","floor":2.0},{"not_picked":["Distraction","Predator","Deadly Poison"],"picked":"SKIP","floor":5.0},{"not_picked":["Flying Knee","Outmaneuver"],"picked":"Acrobatics","floor":7.0},{"not_picked":["Flying Knee","Quick Slash","Slice"],"picked":"SKIP","floor":12},{"not_picked":["Quick Slash","Slice","Caltrops"],"picked":"SKIP","floor":18},{"not_picked":["Flying Knee","Endless Agony","Underhanded Strike+1"],"picked":"SKIP","floor":20},{"not_picked":["All Out Attack","Dagger Throw","Reflex"],"picked":"SKIP","floor":22},{"not_picked":["Deflect","Prepared","Accuracy"],"picked":"SKIP","floor":24}],"player_experience":1963989,"relics_obtained":[{"floor":8.0,"key":"Gremlin Horn"},{"floor":9.0,"key":"Mummified Hand"},{"floor":26,"key":"Bottled Lightning"}],"event_choices":[{"damage_healed":0.0,"max_hp_gain":0.0,"max_hp_loss":0.0,"gold_gain":0.0,"cards_transformed":["Strike_G"],"event_name":"Living Wall","player_choice":"Change","floor":3.0,"gold_loss":0.0,"damage_taken":0.0,"cards_obtained":["Flechettes"]},{"damage_healed":0.0,"max_hp_gain":0.0,"max_hp_loss":0.0,"gold_gain":75.0,"event_name":"World of Goop","player_choice":"Gather Gold","floor":4.0,"gold_loss":0.0,"damage_taken":11.0},{"damage_healed":0,"gold_gain":30,"player_choice":"Searched \u00271\u0027 times","damage_taken":0,"max_hp_gain":0,"max_hp_loss":0,"event_name":"Dead Adventurer","floor":10,"gold_loss":0},{"damage_healed":0,"gold_gain":0,"player_choice":"Ignored","damage_taken":0,"max_hp_gain":0,"max_hp_loss":0,"event_name":"Liars Game","floor":14,"gold_loss":0},{"damage_healed":0,"gold_gain":0,"player_choice":"Bought 1 Potion","damage_taken":0,"max_hp_gain":0,"max_hp_loss":0,"event_name":"The Woman in Blue","floor":19,"gold_loss":0}],"is_beta":false,"boss_relics":[{"not_picked":["Ring of the Serpent","Cursed Key"],"picked":"Empty Cage"}],"items_purged_floors":[13,21],"is_endless":false,"potions_floor_spawned":[1,2,12,20,22],"killed_by":"Snecko","ascension_level":20}