{"gold_per_floor":[114,114,129,144,144,144,24,24,99,99,129,129],"floor_reached":12,"playtime":675,"items_purged":[],"score":201,"play_id":"ad63af2a-ded0-4a5d-8ec6-14cb75bd434e","local_time":"20180629182249","daily_mods":["Insanity","Uncertain Future","Hoarder"],"is_ascension_mode":false,"campfire_choices":[{"data":"Bludgeon","floor":8,"key":"SMITH"},{"data":"Barricade","floor":10,"key":"SMITH"}],"neow_cost":"","seed_source_timestamp":3467409934719566,"circlet_count":0,"master_deck":["Barricade+1","Heavy Blade","Seeing Red","Sword Boomerang","Double Tap","Shrug It Off","Power Through","Rampage","Ghostly Armor","Demon Form","Headbutt","Uppercut","Sever Soul","Warcry","Metallicize","Demon Form","Heavy Blade","Reckless Charge","Warcry","Intimidate","Bludgeon+1","Immolate","Uppercut","Ghostly Armor","Rampage","Dual Wield","Inflame","Flex","Havoc","Uppercut","Havoc","Berserk","Bash","Shrug It Off","Thunderclap","Armaments","Rage","Havoc","Iron Wave","Shockwave","Entrench","Inflame","Rage","Barricade+1","Reaper","Rampage","Cleave","Defend_R","Perfected Strike","Uppercut+1","Perfected Strike","Perfected Strike","Perfected Strike","Pommel Strike","Pommel Strike","Pommel Strike","Anger","Anger","Anger","Sever Soul","Sever Soul","Sever Soul","Uppercut","Uppercut","Uppercut","Uppercut","Uppercut","Uppercut"],"special_seed":17711,"relics":["Burning Blood","Juzu Bracelet","Bottled Flame","Ice Cream"],"potions_floor_usage":[12,12,12],"damage_taken":[{"damage":0,"enemies":"Small Slimes","floor":1,"turns":1},{"damage":2,"enemies":"Jaw Worm","floor":3,"turns":3},{"damage":0,"enemies":"Cultist","floor":4,"turns":3},{"damage":11,"enemies":"Gremlin Nob","floor":11,"turns":3},{"damage":5,"enemies":"Gremlin Gang","floor":12,"turns":3}],"seed_played":"6162315489128863662","potions_obtained":[{"floor":1,"key":"PowerPotion"},{"floor":5,"key":"SteroidPotion"},{"floor":5,"key":"Poison Potion"},{"floor":11,"key":"PowerPotion"}],"is_trial":false,"path_per_floor":["M","?","M","M","?","T","$","R","T","R","E"],"character_chosen":"IRONCLAD","items_purchased":["Sever Soul","Uppercut"],"campfire_rested":0,"item_purchase_floors":[7,7],"current_hp_per_floor":[80,64,68,74,74,74,74,74,74,74,69,64],"gold":129,"neow_bonus":"","is_prod":false,"is_daily":true,"chose_seed":false,"campfire_upgraded":2,"win_rate":0.0,"timestamp":1530264169,"path_taken":["M","?","M","M","?","?","$","R","T","R","E","M"],"build_version":"2018-06-28","purchased_purges":0,"victory":false,"max_hp_per_floor":[80,80,80,80,80,80,80,80,80,80,80,80],"card_choices":[{"not_picked":["Ghostly Armor","Warcry"],"picked":"Perfected Strike","floor":1},{"not_picked":["Headbutt","Warcry"],"picked":"Pommel Strike","floor":3},{"not_picked":["Feel No Pain","Headbutt"],"picked":"Anger","floor":4},{"not_picked":["Pummel","Entrench"],"picked":"Uppercut","floor":11}],"player_experience":22736,"relics_obtained":[{"floor":6,"key":"Juzu Bracelet"},{"floor":9,"key":"Bottled Flame"},{"floor":11,"key":"Ice Cream"}],"event_choices":[{"event_name":"Shining Light","player_choice":"Entered Light","floor":2,"damage_taken":0},{"event_name":"The Lab","player_choice":"Got Potions","floor":5,"damage_taken":0}],"boss_relics":[],"items_purged_floors":[],"is_endless":false,"potions_floor_spawned":[1,11],"killed_by":"Gremlin Gang","ascension_level":0}