{"gold_per_floor":[368,386,403,578,578,578,608,608,635,645,671,123,73,87,87,87],"floor_reached":16,"playtime":569,"items_purged":["Doubt"],"score":143,"play_id":"56d40e87-7a50-43b6-a7c2-11c576587f9f","local_time":"20190521111304","is_ascension_mode":true,"campfire_choices":[{"data":"Combust","floor":6,"key":"SMITH"},{"data":"Metallicize","floor":8,"key":"SMITH"},{"data":"Infernal Blade","floor":15,"key":"SMITH"}],"neow_cost":"TEN_PERCENT_HP_LOSS","seed_source_timestamp":86808472483624,"circlet_count":0,"master_deck":["Strike_R","Strike_R","Strike_R+1","Strike_R+1","Defend_R","Defend_R","Defend_R","Defend_R","Bash","Ghostly Armor","Metallicize+1","Combust+1","True Grit","Feel No Pain","Body Slam","Feel No Pain","Infernal Blade+1","Reaper","Seeing Red"],"relics":["Burning Blood","Potion Belt","Bag of Preparation","Boot","Bird Faced Urn","Whetstone"],"potions_floor_usage":[7,7,16],"damage_taken":[{"damage":11,"enemies":"2 Louse","floor":1,"turns":3},{"damage":0,"enemies":"Small Slimes","floor":2,"turns":3},{"damage":7,"enemies":"Jaw Worm","floor":3,"turns":5},{"damage":28,"enemies":"Lagavulin","floor":7,"turns":6},{"damage":8,"enemies":"2 Fungi Beasts","floor":10,"turns":3},{"damage":18,"enemies":"3 Sentries","floor":11,"turns":5},{"damage":1,"enemies":"Lots of Slimes","floor":14,"turns":1},{"damage":72,"enemies":"The Guardian","floor":16,"turns":10}],"seed_played":"-6823178192884285340","potions_obtained":[{"floor":1,"key":"AttackPotion"},{"floor":3,"key":"SteroidPotion"},{"floor":11,"key":"Weak Potion"}],"is_trial":false,"path_per_floor":["M","M","M","?","?","R","E","R","T","M","E","$","?","M","R","B"],"character_chosen":"IRONCLAD","items_purchased":["Body Slam","Whetstone","Feel No Pain","Infernal Blade","Reaper"],"campfire_rested":0,"item_purchase_floors":[12,12,12,12,12],"current_hp_per_floor":[67,72,71,71,64,64,42,42,42,40,28,28,28,60,60,0],"gold":87,"neow_bonus":"TWO_FIFTY_GOLD","is_prod":false,"is_daily":false,"chose_seed":false,"campfire_upgraded":3,"win_rate":0,"timestamp":1558451584,"path_taken":["M","M","M","?","?","R","E","R","T","M","E","$","?","M","R","BOSS"],"build_version":"2019-01-23","purchased_purges":1,"victory":false,"max_hp_per_floor":[72,72,72,72,72,72,72,72,72,72,72,72,72,72,72,72],"card_choices":[{"not_picked":["True Grit","Sentinel"],"picked":"Ghostly Armor","floor":1},{"not_picked":["Cleave","Havoc"],"picked":"Metallicize","floor":2},{"not_picked":["Sword Boomerang","Reckless Charge"],"picked":"Combust","floor":3},{"not_picked":["Carnage","Havoc","Brutality"],"picked":"SKIP","floor":7},{"not_picked":["Warcry","Cleave"],"picked":"True Grit","floor":10},{"not_picked":["Clothesline","Power Through"],"picked":"Feel No Pain","floor":11},{"not_picked":["Intimidate","Iron Wave"],"picked":"Seeing Red","floor":14}],"player_experience":1015944,"relics_obtained":[{"floor":7,"key":"Bag of Preparation"},{"floor":9,"key":"Boot"},{"floor":11,"key":"Bird Faced Urn"}],"event_choices":[{"damage_healed":0,"gold_gain":175,"player_choice":"AGREE","damage_taken":0,"max_hp_gain":0,"max_hp_loss":0,"event_name":"Liars Game","floor":4,"gold_loss":0,"cards_obtained":["Doubt"]},{"damage_healed":0,"gold_gain":0,"player_choice":"Success","damage_taken":7,"relics_obtained":["Potion Belt"],"max_hp_gain":0,"max_hp_loss":0,"event_name":"Scrap Ooze","floor":5,"gold_loss":0},{"cards_removed":["Strike_R"],"damage_healed":0,"gold_gain":0,"player_choice":"Card Removal","damage_taken":0,"max_hp_gain":0,"max_hp_loss":0,"event_name":"The Cleric","floor":13,"gold_loss":50}],"is_beta":false,"boss_relics":[],"items_purged_floors":[12],"is_endless":false,"potions_floor_spawned":[1,3,11],"killed_by":"The Guardian","ascension_level":6}