{"gold_per_floor":[114,33,46,46,46,46,72,72,72,87,97,115,40,67,67,170,170,184,204,215,24,39,39,39,70,70,96,96,110,122,122],"floor_reached":31,"playtime":1888,"items_purged":["Strike_G"],"score":405,"play_id":"f62dbbac-45d8-49a0-950f-3ac032523941","local_time":"20180724232748","is_ascension_mode":true,"campfire_choices":[{"data":"Cloak And Dagger","floor":6,"key":"SMITH"},{"data":"Footwork","floor":8,"key":"SMITH"},{"data":"Terror","floor":15,"key":"SMITH"},{"data":"Noxious Fumes","floor":23,"key":"SMITH"},{"floor":28,"key":"DIG"}],"neow_cost":"NONE","seed_source_timestamp":289577536845932,"circlet_count":0,"master_deck":["Defend_G","Defend_G","Defend_G","Defend_G","Defend_G","Strike_G","Strike_G","Strike_G","Strike_G+1","Survivor","Neutralize","Backflip","Dash","Cloak And Dagger+1","Dagger Throw+1","Footwork+1","Dagger Throw","Slice","Leg Sweep","Infinite Blades","Terror+1","Adrenaline","Clumsy","Clumsy","Flying Knee+1","Backflip","Bouncing Flask","Noxious Fumes+1","Cloak And Dagger","Dagger Throw+1","Caltrops","Tactician","Deflect","Slice"],"relics":["Ring of the Snake","NeowsBlessing","NlothsMask","Whetstone","Bottled Tornado","Calling Bell","Anchor","Shuriken","Sundial","Spirit Poop","Shovel","Paper Crane","Frozen Egg 2","Omamori"],"potions_floor_usage":[19,25,25,25,30],"damage_taken":[{"damage":0,"enemies":"Cultist","floor":1,"turns":1},{"damage":0,"enemies":"Jaw Worm","floor":3,"turns":1},{"damage":0,"enemies":"3 Sentries","floor":7,"turns":1},{"damage":0,"enemies":"Small Slimes","floor":10,"turns":3},{"damage":2,"enemies":"Blue Slaver","floor":11,"turns":3},{"damage":1,"enemies":"Looter","floor":12,"turns":3},{"damage":24,"enemies":"Gremlin Nob","floor":14,"turns":4},{"damage":21,"enemies":"Slime Boss","floor":16,"turns":12},{"damage":0,"enemies":"3 Byrds","floor":18,"turns":6},{"damage":0,"enemies":"2 Thieves","floor":19,"turns":4},{"damage":18,"enemies":"Snake Plant","floor":20,"turns":6},{"damage":4,"enemies":"Centurion and Healer","floor":22,"turns":7},{"damage":7,"enemies":"Slavers","floor":25,"turns":7},{"damage":4,"enemies":"Book of Stabbing","floor":27,"turns":7},{"damage":15,"enemies":"Chosen and Byrds","floor":29,"turns":6},{"damage":0,"enemies":"Snake Plant","floor":30,"turns":4},{"damage":13,"enemies":"Gremlin Leader","floor":31,"turns":2}],"seed_played":"-550585836916572593","potions_obtained":[{"floor":10,"key":"GamblersBrew"},{"floor":12,"key":"Swift Potion"},{"floor":14,"key":"SmokeBomb"},{"floor":16,"key":"Weak Potion"},{"floor":18,"key":"EssenceOfSteel"},{"floor":22,"key":"SteroidPotion"},{"floor":27,"key":"Strength Potion"}],"is_trial":false,"path_per_floor":["M","$","M","?","$","R","E","R","T","M","M","M","$","E","R","B",null,"M","M","M","$","M","R","?","E","T","E","R","M","M"],"character_chosen":"THE_SILENT","items_purchased":["Dash","Cloak And Dagger","Infinite Blades","Noxious Fumes","Cloak And Dagger"],"campfire_rested":0,"item_purchase_floors":[2,2,13,21,21],"current_hp_per_floor":[63,63,63,63,63,63,63,63,63,63,61,60,60,36,36,15,56,56,56,38,38,34,34,34,27,27,23,23,8,8,0],"gold":122,"neow_bonus":"THREE_ENEMY_KILL","is_prod":false,"is_daily":false,"chose_seed":false,"campfire_upgraded":4,"win_rate":0,"timestamp":1532489268,"path_taken":["M","$","M","?","?","R","E","R","T","M","?","M","?","E","R","BOSS","M","M","?","?","M","R","?","E","T","E","R","M","M","E"],"build_version":"2018-07-19v2","purchased_purges":1,"victory":false,"max_hp_per_floor":[70,70,70,70,70,70,70,70,70,70,70,70,70,70,70,70,70,70,70,70,70,70,70,67,67,67,67,67,67,67,67],"card_choices":[{"not_picked":["PiercingWail","Prepared"],"picked":"Backflip","floor":1},{"not_picked":["Flying Knee","Poisoned Stab"],"picked":"Dagger Throw","floor":3},{"not_picked":["Calculated Gamble","Escape Plan"],"picked":"Footwork","floor":7},{"not_picked":["Deadly Poison","Poisoned Stab"],"picked":"Dagger Throw","floor":10},{"not_picked":["Bane","Choke"],"picked":"Slice","floor":11},{"not_picked":["Backflip","Outmaneuver"],"picked":"Leg Sweep","floor":12},{"not_picked":["Sucker Punch","Setup"],"picked":"Terror","floor":14},{"not_picked":["Glass Knife","Phantasmal Killer"],"picked":"Adrenaline","floor":16},{"not_picked":["Backflip","Reflex"],"picked":"Flying Knee+1","floor":18},{"not_picked":["Underhanded Strike","Choke"],"picked":"Backflip","floor":19},{"not_picked":["Reflex","Skewer+1"],"picked":"Bouncing Flask","floor":20},{"not_picked":["Deadly Poison+1","Bane"],"picked":"Dagger Throw+1","floor":22},{"not_picked":["Crippling Poison","Wraith Form v2"],"picked":"Caltrops","floor":25},{"not_picked":["PiercingWail","Grand Finale"],"picked":"Tactician","floor":27},{"not_picked":["Poisoned Stab","Prepared"],"picked":"Deflect","floor":29},{"not_picked":["Cloak And Dagger","Tactician"],"picked":"Slice","floor":30}],"player_experience":304214,"relics_obtained":[{"floor":7,"key":"Whetstone"},{"floor":14,"key":"Bottled Tornado"},{"floor":17,"key":"Anchor"},{"floor":17,"key":"Shuriken"},{"floor":17,"key":"Sundial"},{"floor":25,"key":"Shovel"},{"floor":26,"key":"Paper Crane"},{"floor":27,"key":"Frozen Egg 2"},{"floor":28,"key":"Omamori"}],"event_choices":[{"event_name":"FaceTrader","player_choice":"Trade","floor":4,"damage_taken":0},{"event_name":"Bonfire Elementals","player_choice":"CURSE","floor":24,"damage_taken":0}],"is_beta":false,"boss_relics":[{"not_picked":["Eternal Feather","Coffee Dripper"],"picked":"Calling Bell"}],"items_purged_floors":[21],"is_endless":false,"potions_floor_spawned":[10,12,14,16,18,22,27],"killed_by":"Gremlin Leader","ascension_level":6}