{"gold_per_floor":[111,124,124,74,74,74,92,92,92,92,108,129,153,187,187,318,318,333,22,0,23,48,48,48,48,48,68,83,103,128,162,162,292,292,313,378,402,402,58,58,82,82,82,122,41,41,57,75,75,75,75,75,38,38],"floor_reached":54,"playtime":2987,"items_purged":["Pain"],"score":766,"play_id":"16db51f2-a83e-427f-b051-2499c09d9c03","local_time":"20190509230704","is_ascension_mode":true,"campfire_choices":[{"data":"Dualcast","floor":6.0,"key":"SMITH"},{"data":"Conserve Battery","floor":8.0,"key":"SMITH"},{"data":"Ball Lightning","floor":10.0,"key":"SMITH"},{"floor":15.0,"key":"REST"},{"data":"Buffer","floor":23.0,"key":"SMITH"},{"data":"Reinforced Body","floor":25.0,"key":"SMITH"},{"floor":32.0,"key":"RECALL"},{"data":"Storm","floor":40,"key":"SMITH"},{"data":"Seek","floor":46,"key":"SMITH"},{"data":"White Noise","floor":49,"key":"SMITH"},{"data":"White Noise","floor":52,"key":"SMITH"}],"neow_cost":"NONE","seed_source_timestamp":0,"circlet_count":0,"master_deck":["Zap","Dualcast+1","Ball Lightning+1","Conserve Battery+1","Electrodynamics","Ball Lightning","Sweeping Beam","Self Repair","Creative AI","Buffer+1","Electrodynamics","Reinforced Body+1","Static Discharge","Chaos+1","Leap","Redo","Auto Shields","Self Repair","Storm+1","Conserve Battery","Hologram+1","Melter","Reboot","White Noise+1","Panacea","Seek+1","Echo Form","Conserve Battery+1","White Noise+1","Loop"],"special_seed":0,"relics":["Cracked Core","Anchor","Golden Idol","WarpedTongs","Pen Nib","Du-Vu Doll","Pandora\u0027s Box","Chemical X","Bag of Preparation","Lizard Tail","Dead Branch","Lee\u0027s Waffle","War Paint","Blood Vial","Letter Opener"],"potions_floor_usage":[41,41,50],"damage_taken":[{"damage":7.0,"enemies":"Small Slimes","floor":1.0,"turns":3.0},{"damage":0.0,"enemies":"2 Louse","floor":2.0,"turns":1.0},{"damage":0.0,"enemies":"Cultist","floor":7.0,"turns":2.0},{"damage":2.0,"enemies":"Exordium Wildlife","floor":11.0,"turns":3.0},{"damage":3.0,"enemies":"2 Fungi Beasts","floor":12.0,"turns":2.0},{"damage":9.0,"enemies":"Lots of Slimes","floor":13.0,"turns":3.0},{"damage":21.0,"enemies":"Lagavulin","floor":14.0,"turns":4.0},{"damage":14.0,"enemies":"The Guardian","floor":16.0,"turns":8.0},{"damage":3.0,"enemies":"3 Byrds","floor":18.0,"turns":2.0},{"damage":24.0,"enemies":"2 Thieves","floor":21.0,"turns":3.0},{"damage":4.0,"enemies":"3 Cultists","floor":22.0,"turns":3.0},{"damage":18.0,"enemies":"Sentry and Sphere","floor":27.0,"turns":4.0},{"damage":8.0,"enemies":"Snecko","floor":28.0,"turns":4.0},{"damage":22.0,"enemies":"Centurion and Healer","floor":29.0,"turns":6.0},{"damage":0.0,"enemies":"3 Cultists","floor":30.0,"turns":2.0},{"damage":6.0,"enemies":"Gremlin Leader","floor":31.0,"turns":7.0},{"damage":26.0,"enemies":"Automaton","floor":33.0,"turns":5.0},{"damage":20,"enemies":"Orb Walker","floor":35,"turns":3},{"damage":30,"enemies":"2 Orb Walkers","floor":36,"turns":3},{"damage":0,"enemies":"3 Shapes","floor":37,"turns":3},{"damage":0,"enemies":"Jaw Worm Horde","floor":41,"turns":1},{"damage":1,"enemies":"Nemesis","floor":44,"turns":8},{"damage":19,"enemies":"Spire Growth","floor":47,"turns":5},{"damage":19,"enemies":"4 Shapes","floor":48,"turns":2},{"damage":35,"enemies":"Donu and Deca","floor":50,"turns":7},{"damage":138,"enemies":"Shield and Spear","floor":54,"turns":6}],"seed_played":"-2041714672081531345","potions_obtained":[{"floor":1.0,"key":"Weak Potion"},{"floor":11.0,"key":"EssenceOfSteel"},{"floor":14.0,"key":"PowerPotion"},{"floor":21.0,"key":"SkillPotion"},{"floor":22.0,"key":"Explosive Potion"},{"floor":36,"key":"Explosive Potion"},{"floor":41,"key":"Regen Potion"},{"floor":47,"key":"SteroidPotion"}],"is_trial":false,"path_per_floor":["M","M","?","?","?","R","M","R","T","R","M","M","M","E","R","B",null,"M","$","?","M","M","R","?","R","T","M","M","M","M","E","R","B",null,"M","?","M","?","$","R","M","?","T","E","$","R","M","M","R","B",null,"R","$","E"],"character_chosen":"DEFECT","items_purchased":["Chemical X","Storm","Lee\u0027s Waffle","War Paint","Echo Form","Loop"],"campfire_rested":1,"item_purchase_floors":[19,19,39,39,45,53],"current_hp_per_floor":[68,68,68,68,68,68,68,68,68,68,66,63,54,33,55,48,75,72,72,72,62,72,72,72,72,72,64,70,62,69,70,70,58,75,62,39,53,53,82,82,82,82,82,82,82,82,80,70,70,52,82,82,82,0],"gold":38,"neow_bonus":"RANDOM_COMMON_RELIC","is_prod":false,"is_daily":false,"chose_seed":false,"campfire_upgraded":9,"win_rate":0,"timestamp":1557457624,"path_taken":["M","M","?","?","?","R","M","R","T","R","M","M","?","E","R","BOSS","M","$","?","M","M","R","?","R","T","M","?","M","M","E","R","BOSS","M","?","M","?","?","R","M","?","T","E","$","R","M","M","R","BOSS","R","$","E"],"build_version":"2019-01-23","purchased_purges":1,"victory":false,"max_hp_per_floor":[75,75,75,75,75,75,75,75,75,75,75,75,75,75,75,75,75,75,75,75,75,75,75,75,75,75,75,75,75,75,75,75,75,75,75,75,75,75,82,82,82,82,82,82,82,82,82,82,82,82,82,82,82,82],"card_choices":[{"not_picked":["Chill","Hologram"],"picked":"Ball Lightning","floor":1.0},{"not_picked":["Reinforced Body","Turbo"],"picked":"Conserve Battery","floor":2.0},{"not_picked":["Sweeping Beam","Gash","Coolheaded"],"picked":"SKIP","floor":7.0},{"not_picked":["Self Repair","Chaos"],"picked":"Electrodynamics","floor":11.0},{"not_picked":["Doom and Gloom","Genetic Algorithm"],"picked":"Ball Lightning","floor":12.0},{"not_picked":["Hologram","Turbo"],"picked":"Sweeping Beam","floor":13.0},{"not_picked":["Blizzard","Beam Cell"],"picked":"Self Repair","floor":14.0},{"not_picked":["Reboot","Buffer"],"picked":"Creative AI","floor":16.0},{"not_picked":["Aggregate","Stack"],"picked":"Self Repair","floor":18.0},{"not_picked":["Rebound","Chaos"],"picked":"Conserve Battery","floor":21.0},{"not_picked":["Cold Snap+1","Streamline","Hello World"],"picked":"SKIP","floor":22.0},{"not_picked":["Compile Driver","Genetic Algorithm"],"picked":"Hologram","floor":27.0},{"not_picked":["Leap","Hologram","Streamline"],"picked":"SKIP","floor":28.0},{"not_picked":["Steam+1","Darkness"],"picked":"Melter","floor":29.0},{"not_picked":["Rebound","Hologram"],"picked":"Ball Lightning+1","floor":30.0},{"not_picked":["Leap","Streamline","Creative AI"],"picked":"SKIP","floor":31.0},{"not_picked":["Creative AI","Hyperbeam"],"picked":"Reboot","floor":33.0},{"not_picked":["Steam Power","Steam+1","Fusion+1"],"picked":"SKIP","floor":35},{"not_picked":["Gash+1","Leap","Sweeping Beam"],"picked":"SKIP","floor":37},{"not_picked":["Lockon+1","Go for the Eyes"],"picked":"White Noise","floor":41},{"not_picked":["Scrape","Rebound"],"picked":"Seek","floor":44},{"not_picked":["Compile Driver","Skim"],"picked":"Conserve Battery+1","floor":47},{"not_picked":["Stack+1","Coolheaded"],"picked":"White Noise","floor":48}],"player_experience":961183,"relics_obtained":[{"floor":9.0,"key":"Pen Nib"},{"floor":14.0,"key":"Du-Vu Doll"},{"floor":31.0,"key":"Bag of Preparation"},{"floor":36,"key":"Dead Branch"},{"floor":43,"key":"Blood Vial"},{"floor":44,"key":"Letter Opener"}],"event_choices":[{"damage_healed":0.0,"max_hp_gain":0.0,"max_hp_loss":0.0,"gold_gain":0.0,"event_name":"Golden Idol","player_choice":"Take Wound","floor":3.0,"gold_loss":0.0,"damage_taken":0.0,"relics_obtained":["Golden Idol"],"cards_obtained":["Injury"]},{"cards_removed":["Injury"],"damage_healed":0.0,"max_hp_gain":0.0,"max_hp_loss":0.0,"gold_gain":0.0,"event_name":"The Cleric","player_choice":"Card Removal","floor":4.0,"gold_loss":50.0,"damage_taken":0.0},{"damage_healed":0.0,"max_hp_gain":0.0,"max_hp_loss":0.0,"gold_gain":0.0,"event_name":"Accursed Blacksmith","player_choice":"Rummage","floor":5.0,"gold_loss":0.0,"damage_taken":0.0,"relics_obtained":["WarpedTongs"],"cards_obtained":["Pain"]},{"damage_healed":0.0,"max_hp_gain":0.0,"max_hp_loss":0.0,"gold_gain":0.0,"event_name":"Masked Bandits","player_choice":"Paid Fearfully","floor":20.0,"gold_loss":22.0,"damage_taken":0.0},{"damage_healed":0.0,"max_hp_gain":0.0,"max_hp_loss":0.0,"gold_gain":0.0,"event_name":"Lab","player_choice":"Got Potions","floor":24.0,"gold_loss":0.0,"damage_taken":0.0},{"damage_healed":0,"gold_gain":0,"player_choice":"Fight","damage_taken":0,"max_hp_gain":0,"max_hp_loss":0,"event_name":"Mysterious Sphere","floor":36,"gold_loss":0},{"cards_removed":["Ball Lightning"],"damage_healed":0,"gold_gain":0,"player_choice":"Removed Attack","damage_taken":0,"max_hp_gain":0,"max_hp_loss":0,"event_name":"Falling","floor":38,"gold_loss":0},{"damage_healed":0,"gold_gain":0,"player_choice":"1 cards matched","damage_taken":0,"max_hp_gain":0,"max_hp_loss":0,"event_name":"Match and Keep!","floor":42,"gold_loss":0,"cards_obtained":["Panacea"]}],"is_beta":false,"boss_relics":[{"not_picked":["Runic Dome","Black Star"],"picked":"Pandora\u0027s Box"},{"not_picked":["Snecko Eye","Tiny House"],"picked":"Lizard Tail"}],"items_purged_floors":[19],"is_endless":false,"potions_floor_spawned":[1,11,14,21,22,27,29,36,41,47],"killed_by":"Shield and Spear","ascension_level":3}