{"gold_per_floor":[111,124,144,209,262,297,311,311,311,330,30,65,77,10,10,113,163,182,197,197,557,574,574,92,103,103,129,139,165,565,565,565,565],"floor_reached":33,"playtime":2809,"items_purged":[],"score":361,"play_id":"c46e5bf1-cbe8-489c-9e42-50abdc0bf42c","local_time":"20190708163846","is_ascension_mode":true,"campfire_choices":[{"data":"Cleave","floor":8.0,"key":"SMITH"},{"data":"Hemokinesis","floor":15.0,"key":"SMITH"},{"floor":23.0,"key":"REST"},{"floor":32.0,"key":"REST"}],"neow_cost":"NONE","seed_source_timestamp":42017630030400,"circlet_count":0,"master_deck":["Strike_R","Strike_R","Strike_R","Strike_R","Strike_R","Defend_R","Defend_R","Defend_R","Defend_R","Bash","Cleave+1","Flex","Sever Soul","Bloodletting+1","Thunderclap","Clash","Panacea+1","Flex","Thunderclap","Hemokinesis+1","Offering","Intimidate","Clash","Heavy Blade+1","Flex","Enlightenment","Immolate","Warcry","Dual Wield+1","Whirlwind+1","Cleave","Intimidate+1"],"special_seed":0,"relics":["Burning Blood","NeowsBlessing","Omamori","Self Forming Clay","Orichalcum","Bag of Preparation","MawBank","Tiny House","Pantograph","Thread and Needle","Bronze Scales","Dream Catcher","Old Coin","Letter Opener"],"potions_floor_usage":[33,33],"damage_taken":[{"damage":0.0,"enemies":"Cultist","floor":1.0,"turns":1.0},{"damage":0.0,"enemies":"2 Louse","floor":2.0,"turns":1.0},{"damage":0.0,"enemies":"Jaw Worm","floor":3.0,"turns":1.0},{"damage":40.0,"enemies":"Lagavulin","floor":6.0,"turns":8.0},{"damage":3.0,"enemies":"Large Slime","floor":7.0,"turns":4.0},{"damage":7.0,"enemies":"Blue Slaver","floor":10.0,"turns":3.0},{"damage":15.0,"enemies":"3 Sentries","floor":12.0,"turns":4.0},{"damage":37.0,"enemies":"Hexaghost","floor":16.0,"turns":7.0},{"damage":5.0,"enemies":"Chosen","floor":18.0,"turns":3.0},{"damage":2.0,"enemies":"Spheric Guardian","floor":19.0,"turns":2.0},{"damage":19.0,"enemies":"Snecko","floor":22.0,"turns":4.0},{"damage":6.0,"enemies":"Centurion and Healer","floor":25.0,"turns":2.0},{"damage":46.0,"enemies":"Book of Stabbing","floor":27.0,"turns":6.0},{"damage":14.0,"enemies":"Shelled Parasite and Fungi","floor":28.0,"turns":2.0},{"damage":9.0,"enemies":"Slavers","floor":29.0,"turns":3.0},{"damage":15.0,"enemies":"Colosseum Slavers","floor":30.0,"turns":2.0},{"damage":26.0,"enemies":"Colosseum Nobs","floor":30.0,"turns":4.0},{"damage":72,"enemies":"Champ","floor":33,"turns":8}],"seed_played":"2944575159383277536","potions_obtained":[{"floor":1.0,"key":"BloodPotion"},{"floor":6.0,"key":"AttackPotion"},{"floor":7.0,"key":"SteroidPotion"},{"floor":10.0,"key":"AttackPotion"},{"floor":17.0,"key":"FairyPotion"},{"floor":19.0,"key":"Ancient Potion"},{"floor":22.0,"key":"Regen Potion"},{"floor":27.0,"key":"Strength Potion"},{"floor":30.0,"key":"EssenceOfSteel"}],"is_trial":false,"path_per_floor":["M","M","M","?","T","E","M","R","T","M","$","E","?","$","R","B",null,"M","M","?","?","M","R","$","M","T","E","M","E","?","?","R","B"],"character_chosen":"IRONCLAD","items_purchased":["Bag of Preparation","Panacea","Flex","Hemokinesis","Pantograph","Enlightenment","Immolate"],"campfire_rested":2,"item_purchase_floors":[11,11,11,14,24,24,24],"current_hp_per_floor":[80,80,80,80,80,66,69,69,69,68,68,59,59,59,59,28,85,85,85,85,45,32,57,57,57,57,32,24,21,14,14,39,0],"gold":565,"neow_bonus":"THREE_ENEMY_KILL","is_prod":false,"is_daily":false,"chose_seed":false,"campfire_upgraded":2,"win_rate":0,"timestamp":1562621926,"path_taken":["M","?","M","?","?","E","M","R","T","M","$","E","?","?","R","BOSS","M","M","?","?","M","R","$","M","T","E","?","E","?","?","R","BOSS"],"build_version":"2019-07-05","purchased_purges":0,"victory":false,"max_hp_per_floor":[80,80,80,80,80,80,80,80,80,80,80,80,80,80,80,80,85,85,85,85,85,85,85,85,85,85,85,85,85,85,85,85,85],"card_choices":[{"not_picked":["Warcry","Whirlwind"],"picked":"Cleave","floor":1.0},{"not_picked":["Body Slam","Shrug It Off"],"picked":"Flex","floor":2.0},{"not_picked":["Blood for Blood","Pommel Strike"],"picked":"Sever Soul","floor":3.0},{"not_picked":["Feel No Pain","True Grit"],"picked":"Bloodletting","floor":6.0},{"not_picked":["Fire Breathing","Havoc"],"picked":"Thunderclap","floor":7.0},{"not_picked":["Shrug It Off","Flex"],"picked":"Clash","floor":10.0},{"not_picked":["Barricade","Sword Boomerang"],"picked":"Thunderclap","floor":12.0},{"not_picked":["Barricade","Fiend Fire"],"picked":"Offering","floor":16.0},{"not_picked":["Perfected Strike","Havoc"],"picked":"Intimidate","floor":17.0},{"not_picked":["Body Slam+1","Carnage"],"picked":"Clash","floor":18.0},{"not_picked":["Double Tap","Thunderclap"],"picked":"Heavy Blade+1","floor":19.0},{"not_picked":["True Grit","Infernal Blade"],"picked":"Flex","floor":22.0},{"not_picked":["Pommel Strike","Thunderclap"],"picked":"Warcry","floor":25.0},{"not_picked":["Headbutt","Rage"],"picked":"Dual Wield+1","floor":27.0},{"not_picked":["Headbutt","Body Slam"],"picked":"Whirlwind+1","floor":28.0},{"not_picked":["Battle Trance+1","Thunderclap"],"picked":"Cleave","floor":29.0},{"not_picked":["Metallicize","Headbutt"],"picked":"Intimidate+1","floor":30.0}],"player_experience":66106,"relics_obtained":[{"floor":5.0,"key":"Omamori"},{"floor":6.0,"key":"Self Forming Clay"},{"floor":9.0,"key":"Orichalcum"},{"floor":12.0,"key":"MawBank"},{"floor":26.0,"key":"Thread and Needle"},{"floor":27.0,"key":"Bronze Scales"},{"floor":29.0,"key":"Dream Catcher"},{"floor":30.0,"key":"Old Coin"},{"floor":30.0,"key":"Letter Opener"}],"event_choices":[{"damage_healed":0.0,"max_hp_gain":0.0,"max_hp_loss":0.0,"gold_gain":65.0,"event_name":"Golden Wing","player_choice":"Gained Gold","floor":4.0,"gold_loss":0.0,"damage_taken":0.0},{"damage_healed":0.0,"max_hp_gain":0.0,"max_hp_loss":0.0,"gold_gain":0.0,"event_name":"Living Wall","player_choice":"Grow","floor":13.0,"gold_loss":0.0,"damage_taken":0.0,"cards_upgraded":["Panacea"]},{"damage_healed":0.0,"max_hp_gain":0.0,"max_hp_loss":0.0,"gold_gain":0.0,"event_name":"Forgotten Altar","player_choice":"Smashed Altar","floor":20.0,"gold_loss":0.0,"damage_taken":0.0,"cards_obtained":["Decay"]},{"damage_healed":0.0,"max_hp_gain":0.0,"max_hp_loss":0.0,"gold_gain":360.0,"event_name":"Knowing Skull","player_choice":"GOLD GOLD GOLD GOLD ","floor":21.0,"potions_obtained":[],"gold_loss":0.0,"damage_taken":40.0,"cards_obtained":[]},{"damage_healed":0.0,"max_hp_gain":0.0,"max_hp_loss":0.0,"gold_gain":0.0,"event_name":"Colosseum","player_choice":"Fight","floor":30.0,"gold_loss":0.0,"damage_taken":0.0},{"damage_healed":0.0,"max_hp_gain":0.0,"max_hp_loss":0.0,"gold_gain":0.0,"event_name":"Colosseum","player_choice":"Fought Nobs","floor":30.0,"gold_loss":0.0,"damage_taken":0.0},{"damage_healed":0.0,"max_hp_gain":0.0,"max_hp_loss":0.0,"gold_gain":0.0,"event_name":"Vampires","player_choice":"Ignored","floor":31.0,"gold_loss":0.0,"damage_taken":0.0}],"is_beta":false,"boss_relics":[{"not_picked":["White Beast Statue","Ectoplasm"],"picked":"Tiny House"}],"items_purged_floors":[],"is_endless":false,"potions_floor_spawned":[1,6,7,10,19,22,27,30],"killed_by":"Champ","ascension_level":1}