{"gold_per_floor":[114,132,207,207,10,10,40,59,59,75,75,3,3,19,19,92,92,104,19,31,44,44,44,319,351,351,351,369,380,380,398,398,398],"floor_reached":33,"playtime":1308,"items_purged":["Strike_R"],"score":492,"play_id":"3f97e0da-425f-4db4-adad-2dfcd03ab6da","local_time":"20190803024639","is_ascension_mode":true,"campfire_choices":[{"data":"Evolve","floor":6,"key":"SMITH"},{"data":"Uppercut","floor":11,"key":"SMITH"},{"data":"True Grit","floor":13,"key":"SMITH"},{"data":"Spot Weakness","floor":15,"key":"SMITH"},{"data":"Clothesline","floor":23,"key":"SMITH"},{"data":"Battle Trance","floor":27,"key":"SMITH"},{"data":"Metallicize","floor":30,"key":"SMITH"},{"data":"Exhume","floor":32,"key":"SMITH"}],"neow_cost":"NONE","seed_source_timestamp":612996483361583,"circlet_count":0,"master_deck":["AscendersBane","Defend_R","Defend_R","Defend_R","Defend_R","Bash+1","Clothesline+1","Battle Trance+1","Evolve+1","Shrug It Off","True Grit+1","Reaper","Uppercut+1","Spot Weakness+1","Reaper","Body Slam+1","Body Slam+1","Bite","Bite","Bite","Bite","Bite","Regret","Uppercut+1","Metallicize+1","Exhume+1","True Grit+1"],"relics":["Burning Blood","Self Forming Clay","Singing Bowl","Mark of Pain","Bag of Marbles","PreservedInsect","Happy Flower"],"potions_floor_usage":[10,14,16,25,33],"damage_taken":[{"damage":3,"enemies":"Jaw Worm","floor":1,"turns":5},{"damage":6,"enemies":"2 Louse","floor":2,"turns":2},{"damage":31,"enemies":"3 Sentries","floor":7,"turns":15},{"damage":0,"enemies":"Cultist","floor":8,"turns":5},{"damage":35,"enemies":"Gremlin Gang","floor":10,"turns":7},{"damage":16,"enemies":"Exordium Thugs","floor":14,"turns":6},{"damage":21,"enemies":"Hexaghost","floor":16,"turns":10},{"damage":24,"enemies":"Shell Parasite","floor":18,"turns":7},{"damage":21,"enemies":"2 Thieves","floor":20,"turns":4},{"damage":36,"enemies":"Snake Plant","floor":21,"turns":6},{"damage":33,"enemies":"Book of Stabbing","floor":25,"turns":5},{"damage":22,"enemies":"Shelled Parasite and Fungi","floor":28,"turns":6},{"damage":27,"enemies":"Cultist and Chosen","floor":29,"turns":6},{"damage":9,"enemies":"Snake Plant","floor":31,"turns":4},{"damage":92,"enemies":"Automaton","floor":33,"turns":6}],"seed_played":"-2624157487757171676","potions_obtained":[{"floor":7,"key":"LiquidBronze"},{"floor":8,"key":"SteroidPotion"},{"floor":10,"key":"Regen Potion"},{"floor":18,"key":"LiquidBronze"},{"floor":29,"key":"Dexterity Potion"},{"floor":31,"key":"Poison Potion"}],"is_trial":false,"path_per_floor":["M","M","?","?","$","R","E","M","T","M","R","$","R","M","R","B",null,"M","?","M","M","?","R","?","E","T","R","M","M","R","M","R","B"],"character_chosen":"IRONCLAD","items_purchased":["Evolve","Shrug It Off","Spot Weakness"],"campfire_rested":0,"item_purchase_floors":[5,5,12],"current_hp_per_floor":[78,78,67,42,42,42,17,23,23,17,17,17,17,36,36,51,76,79,79,80,58,58,58,58,49,49,49,47,44,44,49,49,0],"gold":398,"neow_bonus":"TEN_PERCENT_HP_BONUS","is_prod":false,"is_daily":false,"chose_seed":false,"campfire_upgraded":8,"win_rate":0,"timestamp":1564814799,"path_taken":["M","M","?","?","?","R","E","M","T","M","R","$","R","M","R","BOSS","M","?","M","M","?","R","?","E","T","R","?","M","R","?","R","BOSS"],"build_version":"2019-07-17","purchased_purges":1,"victory":false,"max_hp_per_floor":[82,82,82,82,82,82,82,82,82,82,82,82,82,84,84,84,84,84,84,86,86,60,60,60,60,60,60,60,60,60,60,60,60],"card_choices":[{"not_picked":["Heavy Blade","Twin Strike"],"picked":"Clothesline","floor":1},{"not_picked":["Body Slam","Sword Boomerang"],"picked":"Battle Trance","floor":2},{"not_picked":["Warcry","Combust"],"picked":"True Grit","floor":7},{"not_picked":["Body Slam","Blood for Blood"],"picked":"Reaper","floor":8},{"not_picked":["Body Slam","Combust"],"picked":"Uppercut","floor":10},{"not_picked":["Warcry","Havoc","Cleave"],"picked":"Singing Bowl","floor":14},{"not_picked":["Impervious","Dark Embrace"],"picked":"Reaper","floor":16},{"not_picked":["Dual Wield","Warcry"],"picked":"Body Slam+1","floor":18},{"not_picked":["Sword Boomerang","True Grit","Heavy Blade"],"picked":"Singing Bowl","floor":20},{"not_picked":["True Grit","Thunderclap"],"picked":"Body Slam+1","floor":21},{"not_picked":["Fire Breathing","Combust"],"picked":"Uppercut+1","floor":25},{"not_picked":["Dual Wield","Warcry"],"picked":"Metallicize","floor":28},{"not_picked":["Dropkick+1","Iron Wave"],"picked":"Exhume","floor":29},{"not_picked":["Wild Strike+1","Clash"],"picked":"True Grit+1","floor":31}],"player_experience":1658981,"relics_obtained":[{"floor":7,"key":"Self Forming Clay"},{"floor":9,"key":"Singing Bowl"},{"floor":25,"key":"PreservedInsect"},{"floor":26,"key":"Happy Flower"}],"event_choices":[{"damage_healed":0,"gold_gain":75,"player_choice":"Gather Gold","damage_taken":11,"max_hp_gain":0,"max_hp_loss":0,"event_name":"World of Goop","floor":3,"gold_loss":0},{"damage_healed":0,"gold_gain":0,"player_choice":"Entered Light","damage_taken":25,"max_hp_gain":0,"max_hp_loss":0,"event_name":"Shining Light","floor":4,"gold_loss":0,"cards_upgraded":["Strike_R","Bash"]},{"damage_healed":0,"gold_gain":0,"player_choice":"Obtained Relic","damage_taken":0,"relics_obtained":["Bag of Marbles"],"max_hp_gain":0,"max_hp_loss":0,"event_name":"Addict","floor":19,"gold_loss":85},{"damage_healed":0,"gold_gain":0,"player_choice":"Became a vampire","damage_taken":0,"max_hp_gain":0,"max_hp_loss":26,"event_name":"Vampires","floor":22,"gold_loss":0,"cards_obtained":["Bite","Bite","Bite","Bite","Bite"]},{"damage_healed":0,"gold_gain":275,"player_choice":"Desecrate","damage_taken":0,"max_hp_gain":0,"max_hp_loss":0,"event_name":"Golden Shrine","floor":24,"gold_loss":0,"cards_obtained":["Regret"]}],"is_beta":false,"boss_relics":[{"not_picked":["Pandora\u0027s Box","Black Blood"],"picked":"Mark of Pain"}],"items_purged_floors":[5],"is_endless":false,"potions_floor_spawned":[7,8,10,18,29,31],"killed_by":"Automaton","ascension_level":15}