{"gold_per_floor":[110,121,121,133,133,160,190,218,243,290,302,389,416,15,15,112,112,130,147,147,167,167,167,200,200,200,216,216,18,33,46,46,148,148,165,165,175,0,0,29,29,3,3,37,37,55,66,83,83,83],"floor_reached":50,"playtime":5200,"items_purged":[],"score":592,"play_id":"14a9083f-139b-42e8-848f-dbb757e41a59","local_time":"20190710004514","is_ascension_mode":true,"campfire_choices":[{"data":"Clash","floor":11.0,"key":"SMITH"},{"data":"Rage","floor":15.0,"key":"SMITH"},{"floor":23,"key":"REST"},{"floor":25,"key":"REST"},{"floor":32,"key":"REST"},{"floor":41,"key":"REST"},{"floor":45,"key":"REST"},{"floor":49,"key":"REST"}],"neow_cost":"NONE","seed_source_timestamp":0,"circlet_count":0,"master_deck":["Strike_R+1","Strike_R+1","Strike_R+1","Strike_R+1","Defend_R+1","Defend_R+1","Defend_R+1","Defend_R+1","Bash","Clothesline","Wild Strike","Cleave","Whirlwind","Anger","Clash+1","Pommel Strike","Hemokinesis","Flex","Rage+1","Impervious","Inflame","Spot Weakness","RitualDagger","Pommel Strike+1","Wild Strike+1","Flex","Ghostly Armor+1","Fire Breathing+1","Intimidate+1","Shrug It Off+1","Clash+1","Pommel Strike","Flex","Whirlwind+1","Body Slam+1","Anger+1","Twin Strike+1"],"special_seed":0,"relics":["Burning Blood","NeowsBlessing","Boot","Bag of Preparation","Odd Mushroom","Dream Catcher","MawBank","Oddly Smooth Stone","Lantern","Fusion Hammer","Potion Belt","Dodecahedron","Red Skull","Lizard Tail","Red Mask","Paper Frog","Unceasing Top","Anchor"],"potions_floor_usage":[21,24,33,33,33,33,44,46,50,50],"damage_taken":[{"damage":0.0,"enemies":"Small Slimes","floor":1.0,"turns":1.0},{"damage":0.0,"enemies":"2 Louse","floor":2.0,"turns":1.0},{"damage":0.0,"enemies":"Jaw Worm","floor":4.0,"turns":1.0},{"damage":9.0,"enemies":"Gremlin Nob","floor":6.0,"turns":4.0},{"damage":21.0,"enemies":"The Mushroom Lair","floor":7.0,"turns":4.0},{"damage":11.0,"enemies":"Lagavulin","floor":8.0,"turns":5.0},{"damage":21.0,"enemies":"3 Sentries","floor":10.0,"turns":5.0},{"damage":0.0,"enemies":"Blue Slaver","floor":13.0,"turns":3.0},{"damage":8.0,"enemies":"Hexaghost","floor":16.0,"turns":9.0},{"damage":3,"enemies":"Shell Parasite","floor":18,"turns":3},{"damage":3,"enemies":"Chosen","floor":19,"turns":3},{"damage":26,"enemies":"3 Cultists","floor":21,"turns":6},{"damage":14,"enemies":"Slavers","floor":24,"turns":4},{"damage":0,"enemies":"Centurion and Healer","floor":27,"turns":3},{"damage":3,"enemies":"Shelled Parasite and Fungi","floor":30,"turns":3},{"damage":0,"enemies":"Sentry and Sphere","floor":31,"turns":3},{"damage":45,"enemies":"Champ","floor":33,"turns":10},{"damage":18,"enemies":"3 Shapes","floor":35,"turns":3},{"damage":4,"enemies":"Orb Walker","floor":37,"turns":3},{"damage":42,"enemies":"Nemesis","floor":40,"turns":5},{"damage":78,"enemies":"Reptomancer","floor":44,"turns":5},{"damage":3,"enemies":"3 Darklings","floor":46,"turns":5},{"damage":8,"enemies":"Sphere and 2 Shapes","floor":47,"turns":2},{"damage":0,"enemies":"Jaw Worm Horde","floor":48,"turns":2},{"damage":95,"enemies":"Time Eater","floor":50,"turns":8}],"seed_played":"-6698190214126167251","potions_obtained":[{"floor":1.0,"key":"Fire Potion"},{"floor":4.0,"key":"Poison Potion"},{"floor":6.0,"key":"BloodPotion"},{"floor":8.0,"key":"SpeedPotion"},{"floor":16.0,"key":"Swift Potion"},{"floor":21,"key":"Dexterity Potion"},{"floor":27,"key":"Dexterity Potion"},{"floor":31,"key":"FearPotion"},{"floor":40,"key":"Weak Potion"},{"floor":44,"key":"Regen Potion"},{"floor":46,"key":"Ancient Potion"},{"floor":48,"key":"Weak Potion"}],"is_trial":false,"path_per_floor":["M","M","?","M","?","E","?","E","T","E","R","?","M","$","R","B",null,"M","M","?","M","?","R","E","R","T","M","?","$","M","M","R","B",null,"M","?","M","?","$","E","R","$","T","E","R","M","M","M","R","B"],"character_chosen":"IRONCLAD","items_purchased":["Lantern","Explosive Potion","Flex","Rage","EssenceOfSteel","Red Skull","Block Potion","Pommel Strike"],"campfire_rested":6,"item_purchase_floors":[14,14,14,14,14,29,29,42],"current_hp_per_floor":[80,80,80,80,73,70,75,70,70,55,55,44,50,50,50,48,80,80,80,74,54,54,78,70,80,80,80,80,80,80,80,80,41,80,68,68,70,70,70,34,58,58,58,43,67,80,78,80,80,0],"gold":83,"neow_bonus":"THREE_ENEMY_KILL","is_prod":false,"is_daily":false,"chose_seed":false,"campfire_upgraded":2,"win_rate":0,"timestamp":1562737514,"path_taken":["M","M","?","M","?","E","?","E","T","E","R","?","M","$","R","BOSS","M","M","?","M","?","R","E","R","T","M","?","?","M","?","R","BOSS","M","?","M","?","?","E","R","$","T","E","R","M","M","M","R","BOSS"],"build_version":"2019-07-05","purchased_purges":0,"victory":false,"max_hp_per_floor":[80,80,80,80,80,80,80,80,80,80,80,80,80,80,80,80,80,80,80,80,80,80,80,80,80,80,80,80,80,80,80,80,80,80,80,80,80,80,80,80,80,80,80,80,80,80,80,80,80,80],"card_choices":[{"not_picked":["Rupture","Pummel","Combust"],"picked":"SKIP","floor":1.0},{"not_picked":["Hemokinesis","Disarm"],"picked":"Clothesline","floor":2.0},{"not_picked":["Pommel Strike","Shrug It Off"],"picked":"Cleave","floor":4.0},{"not_picked":["Rupture","True Grit"],"picked":"Whirlwind","floor":6.0},{"not_picked":["Bloodletting","Rampage"],"picked":"Anger","floor":7.0},{"not_picked":["Burning Pact","Shockwave"],"picked":"Clash","floor":8.0},{"not_picked":["Fire Breathing","Thunderclap"],"picked":"Pommel Strike","floor":10.0},{"not_picked":["Havoc","Body Slam"],"picked":"Hemokinesis","floor":13.0},{"not_picked":["Juggernaut","Berserk"],"picked":"Impervious","floor":16.0},{"not_picked":["Perfected Strike","Evolve"],"picked":"Inflame","floor":18},{"not_picked":["Sword Boomerang","Iron Wave+1"],"picked":"Spot Weakness","floor":19},{"not_picked":["Ghostly Armor","Battle Trance"],"picked":"Pommel Strike+1","floor":21},{"not_picked":["Armaments","Ghostly Armor"],"picked":"Flex","floor":23},{"not_picked":["Sentinel+1","Second Wind","Corruption"],"picked":"SKIP","floor":24},{"not_picked":["Metallicize","Combust+1"],"picked":"Wild Strike+1","floor":27},{"not_picked":["Armaments","Headbutt"],"picked":"Flex","floor":30},{"not_picked":["True Grit","Hemokinesis","Cleave"],"picked":"SKIP","floor":31},{"not_picked":["Hemokinesis+1","Cleave"],"picked":"Ghostly Armor+1","floor":32},{"not_picked":["Pommel Strike","Twin Strike"],"picked":"Fire Breathing+1","floor":35},{"not_picked":["Blood for Blood+1","Pummel"],"picked":"Intimidate+1","floor":37},{"not_picked":["Battle Trance+1","Sword Boomerang"],"picked":"Shrug It Off+1","floor":40},{"not_picked":["Juggernaut","Rupture"],"picked":"Clash+1","floor":41},{"not_picked":["Reaper","Reckless Charge"],"picked":"Flex","floor":44},{"not_picked":["Cleave","Headbutt"],"picked":"Whirlwind+1","floor":46},{"not_picked":["Wild Strike","Perfected Strike+1"],"picked":"Body Slam+1","floor":47},{"not_picked":["Pummel","True Grit"],"picked":"Anger+1","floor":48},{"not_picked":["Armaments","Metallicize"],"picked":"Twin Strike+1","floor":49}],"player_experience":75242,"relics_obtained":[{"floor":6.0,"key":"Bag of Preparation"},{"floor":7.0,"key":"Odd Mushroom"},{"floor":8.0,"key":"Dream Catcher"},{"floor":9.0,"key":"MawBank"},{"floor":10.0,"key":"Oddly Smooth Stone"},{"floor":24,"key":"Potion Belt"},{"floor":26,"key":"Dodecahedron"},{"floor":40,"key":"Paper Frog"},{"floor":43,"key":"Unceasing Top"},{"floor":44,"key":"Anchor"}],"event_choices":[{"damage_healed":0.0,"max_hp_gain":0.0,"max_hp_loss":0.0,"gold_gain":0.0,"cards_transformed":["Strike_R"],"event_name":"Living Wall","player_choice":"Change","floor":3.0,"gold_loss":0.0,"damage_taken":0.0,"cards_obtained":["Wild Strike"]},{"damage_healed":0.0,"max_hp_gain":0.0,"max_hp_loss":0.0,"gold_gain":0.0,"event_name":"Scrap Ooze","player_choice":"Success","floor":5.0,"gold_loss":0.0,"damage_taken":7.0,"relics_obtained":["Boot"]},{"damage_healed":0.0,"max_hp_gain":0.0,"max_hp_loss":0.0,"gold_gain":0.0,"event_name":"Mushrooms","player_choice":"Fought Mushrooms","floor":7.0,"gold_loss":0.0,"damage_taken":0.0},{"damage_healed":0.0,"max_hp_gain":0.0,"max_hp_loss":0.0,"gold_gain":75.0,"event_name":"World of Goop","player_choice":"Gather Gold","floor":12.0,"gold_loss":0.0,"damage_taken":11.0},{"damage_healed":0,"gold_gain":0,"player_choice":"Joined the Cult","damage_taken":6,"max_hp_gain":0,"max_hp_loss":0,"event_name":"Nest","floor":20,"gold_loss":0,"cards_obtained":["RitualDagger"]},{"damage_healed":0,"gold_gain":0,"player_choice":"Simplicity","damage_taken":0,"max_hp_gain":0,"max_hp_loss":0,"event_name":"Back to Basics","floor":22,"gold_loss":0,"cards_upgraded":["Strike_R","Strike_R","Strike_R","Strike_R","Defend_R","Defend_R","Defend_R","Defend_R"]},{"damage_healed":0,"gold_gain":0,"player_choice":"Ignored","damage_taken":0,"max_hp_gain":0,"max_hp_loss":0,"event_name":"Vampires","floor":28,"gold_loss":0},{"cards_removed":["Flex"],"damage_healed":0,"gold_gain":0,"player_choice":"Removed Skill","damage_taken":0,"max_hp_gain":0,"max_hp_loss":0,"event_name":"Falling","floor":36,"gold_loss":0},{"damage_healed":0,"gold_gain":0,"player_choice":"Paid","damage_taken":0,"relics_obtained":["Red Mask"],"max_hp_gain":0,"max_hp_loss":0,"event_name":"Tomb of Lord Red Mask","floor":38,"gold_loss":175}],"is_beta":false,"boss_relics":[{"not_picked":["Orrery","White Beast Statue"],"picked":"Fusion Hammer"},{"not_picked":["Tiny House","Runic Pyramid"],"picked":"Lizard Tail"}],"items_purged_floors":[],"is_endless":false,"potions_floor_spawned":[1,4,6,8,16,21,27,31,40,44,46,48],"killed_by":"Time Eater","ascension_level":1}