{"gold_per_floor":[114,28,43,58,73,103,103,133,133,133,163,163,193,208,208,308,308,323,96,96],"floor_reached":20,"playtime":1412,"items_purged":[],"score":252,"play_id":"81b36f63-9cb8-409b-95dd-dbdae5e22373","local_time":"20180828201724","daily_mods":["Diverse","Time Dilation","Terminal"],"is_ascension_mode":false,"campfire_choices":[{"data":"Regret","floor":15,"key":"PURGE"}],"neow_cost":"","seed_source_timestamp":0,"circlet_count":0,"master_deck":["Strike_B","Strike_B","Strike_B","Strike_B","Defend_B","Defend_B","Defend_B","Defend_B+1","Zap","Dualcast+1","Sunder","Footwork","Chaos","True Grit","Metallicize","Fission","Loop","Self Repair","Stack","Phantasmal Killer","Echo Form","True Grit","Reinforced Body"],"special_seed":17771,"relics":["Cracked Core","Question Card","Bag of Preparation","Blood Vial","Peace Pipe","Boot","Pen Nib","Vajra","War Paint","Sozu","Oddly Smooth Stone"],"potions_floor_usage":[8,8,8],"damage_taken":[{"damage":0,"enemies":"Jaw Worm","floor":1,"turns":3},{"damage":0,"enemies":"Small Slimes","floor":3,"turns":2},{"damage":1,"enemies":"Cultist","floor":4,"turns":3},{"damage":8,"enemies":"3 Louse","floor":5,"turns":3},{"damage":0,"enemies":"Lagavulin","floor":6,"turns":9},{"damage":0,"enemies":"Gremlin Nob","floor":8,"turns":4},{"damage":3,"enemies":"Lagavulin","floor":11,"turns":7},{"damage":5,"enemies":"Gremlin Nob","floor":13,"turns":5},{"damage":0,"enemies":"2 Fungi Beasts","floor":14,"turns":2},{"damage":24,"enemies":"The Guardian","floor":16,"turns":14},{"damage":0,"enemies":"3 Byrds","floor":18,"turns":5},{"damage":3,"enemies":"Colosseum Slavers","floor":20,"turns":9},{"damage":63,"enemies":"Colosseum Nobs","floor":20,"turns":5}],"seed_played":"-1305355615776414321","potions_obtained":[{"floor":3,"key":"SpeedPotion"},{"floor":4,"key":"Strength Potion"},{"floor":6,"key":"Poison Potion"},{"floor":14,"key":"SteroidPotion"}],"is_trial":false,"path_per_floor":["M","$","M","M","M","E","?","E","T","?","E","?","E","M","R","B",null,"M","$"],"character_chosen":"DEFECT","items_purchased":["Cloak And Dagger","Footwork","Reinforced Body","Oddly Smooth Stone"],"campfire_rested":0,"item_purchase_floors":[2,2,19,19],"current_hp_per_floor":[73,72,71,70,62,62,59,59,59,59,58,58,55,57,57,42,57,56,55,0],"gold":96,"neow_bonus":"","is_prod":false,"is_daily":true,"chose_seed":false,"campfire_upgraded":0,"win_rate":0,"timestamp":1535455044,"path_taken":["M","$","M","M","M","E","?","E","T","?","E","?","E","M","R","BOSS","M","$","?"],"build_version":"2018-08-23v2","purchased_purges":0,"victory":false,"max_hp_per_floor":[73,72,71,70,69,68,67,66,65,64,63,62,61,60,59,58,57,56,55,55],"card_choices":[{"not_picked":["Anger","Sword Boomerang"],"picked":"Sunder","floor":1},{"not_picked":["Outmaneuver","Footwork"],"picked":"Chaos","floor":3},{"not_picked":["Cold Snap","Capacitor"],"picked":"True Grit","floor":4},{"not_picked":["Streamline","Cold Snap"],"picked":"Metallicize","floor":5},{"not_picked":["Coolheaded","Clash"],"picked":"Fission","floor":6},{"not_picked":["Sword Boomerang","Blade Dance","Poisoned Stab"],"picked":"Loop","floor":8},{"not_picked":["Cloak And Dagger","Body Slam","Dodge and Roll"],"picked":"Self Repair","floor":11},{"not_picked":["Blade Dance","Calculated Gamble","Sentinel"],"picked":"Stack","floor":13},{"not_picked":["Sweeping Beam","Flying Knee","Rupture"],"picked":"Phantasmal Killer","floor":14},{"not_picked":["After Image","Amplify","Berserk"],"picked":"Echo Form","floor":16},{"not_picked":["Blade Dance","Sword Boomerang","Thunderclap"],"picked":"True Grit","floor":18}],"player_experience":234082,"relics_obtained":[{"floor":6,"key":"Question Card"},{"floor":8,"key":"Blood Vial"},{"floor":9,"key":"Peace Pipe"},{"floor":11,"key":"Pen Nib"},{"floor":13,"key":"War Paint"}],"event_choices":[{"event_name":"Scrap Ooze","player_choice":"success","floor":7,"damage_taken":3},{"event_name":"WeMeetAgain","player_choice":"Card","floor":10,"damage_taken":0},{"event_name":"Big Fish","player_choice":"Box","floor":12,"damage_taken":0},{"event_name":"Colosseum","player_choice":"Fight","floor":20,"damage_taken":0},{"event_name":"Colosseum","player_choice":"Fought Nobs","floor":20,"damage_taken":0}],"is_beta":false,"boss_relics":[{"not_picked":["White Beast Statue","Velvet Choker"],"picked":"Sozu"}],"items_purged_floors":[],"is_endless":false,"potions_floor_spawned":[3,4,6,14,20],"killed_by":"Colosseum Nobs","ascension_level":0}