{"gold_per_floor":[18,30,180,199,199,199,199,199,199,225,225,235,160,160,160,250,250,269,282,282,282,282,282],"floor_reached":23,"playtime":646,"items_purged":["Doubt"],"score":331,"play_id":"aa09e299-fbb5-4306-9c06-13d2fe793592","local_time":"20181009003059","is_ascension_mode":true,"campfire_choices":[{"data":"Zap","floor":6.0,"key":"SMITH"},{"data":"Sunder","floor":7.0,"key":"SMITH"},{"data":"Conserve Battery","floor":11.0,"key":"SMITH"},{"floor":15.0,"key":"REST"}],"neow_cost":"NO_GOLD","seed_source_timestamp":2103276939840694,"circlet_count":0,"master_deck":["Strike_B","Strike_B","Strike_B","Strike_B","Defend_B","Defend_B","Defend_B","Defend_B","Zap+1","Dualcast","AscendersBane","Cold Snap","Conserve Battery+1","Sunder+1","Cold Snap","Creative AI","Machine Learning","White Noise","Cold Snap","Regret"],"special_seed":0,"relics":["Cracked Core","WingedGreaves","Symbiotic Virus","Sundial","Kunai","Question Card","Bloody Idol","Cursed Key","Emotion Chip"],"potions_floor_usage":[16,21],"damage_taken":[{"damage":1.0,"enemies":"Cultist","floor":1.0,"turns":3.0},{"damage":5.0,"enemies":"Jaw Worm","floor":2.0,"turns":3.0},{"damage":8.0,"enemies":"2 Louse","floor":4.0,"turns":2.0},{"damage":16.0,"enemies":"Gremlin Nob","floor":10.0,"turns":4.0},{"damage":0.0,"enemies":"Blue Slaver","floor":12.0,"turns":3.0},{"damage":21,"enemies":"The Guardian","floor":16,"turns":10},{"damage":14,"enemies":"Spheric Guardian","floor":18,"turns":5},{"damage":11,"enemies":"Shell Parasite","floor":19,"turns":4},{"damage":7,"enemies":"Snake Plant","floor":21,"turns":3},{"damage":32,"enemies":"Slavers","floor":23,"turns":1}],"seed_played":"4766169900822934297","potions_obtained":[{"floor":1.0,"key":"Swift Potion"},{"floor":2.0,"key":"SmokeBomb"},{"floor":12.0,"key":"SpeedPotion"}],"is_trial":false,"path_per_floor":["M","M","?","M","?","R","R","T","T","E","R","M","$","?","R","B",null,"M","M","?","M","T"],"character_chosen":"DEFECT","items_purchased":[],"campfire_rested":1,"item_purchase_floors":[],"current_hp_per_floor":[63,58,58,50,45,45,45,45,45,29,29,29,29,5,26,5,55,41,30,30,23,23,0],"gold":282,"neow_bonus":"ONE_RARE_RELIC","is_prod":false,"is_daily":false,"chose_seed":false,"campfire_upgraded":3,"win_rate":0,"timestamp":1539059459,"path_taken":["M","M","?","M","?","R","R","?","T","E","R","?","$","?","R","BOSS","M","M","?","?","?","E"],"build_version":"2018-10-04v2","purchased_purges":1,"victory":false,"max_hp_per_floor":[71,71,71,71,71,71,71,71,71,71,71,71,71,71,71,71,71,71,71,71,71,71,71],"card_choices":[{"not_picked":["Leap","Darkness"],"picked":"Cold Snap","floor":1.0},{"not_picked":["Blizzard","Leap"],"picked":"Conserve Battery","floor":2.0},{"not_picked":["Steam Power","Hologram"],"picked":"Sunder","floor":4.0},{"not_picked":["Loop","FTL"],"picked":"Cold Snap","floor":10.0},{"not_picked":["Hello World","Cold Snap","Rip and Tear"],"picked":"Creative AI","floor":12.0},{"not_picked":["Hyperbeam","Meteor Strike","Reboot"],"picked":"Machine Learning","floor":16},{"not_picked":["Barrage","Leap","Redo"],"picked":"White Noise","floor":18},{"not_picked":["White Noise","Redo","Gash"],"picked":"Cold Snap","floor":19}],"player_experience":837849,"relics_obtained":[{"floor":8.0,"key":"Sundial"},{"floor":9.0,"key":"Kunai"},{"floor":10.0,"key":"Question Card"},{"floor":22,"key":"Emotion Chip"}],"event_choices":[{"event_name":"Liars Game","player_choice":"agreed","floor":3.0,"damage_taken":0.0},{"event_name":"Scrap Ooze","player_choice":"success","floor":5.0,"damage_taken":5.0},{"event_name":"Golden Idol","player_choice":"Take Damage","floor":14.0,"damage_taken":0.0},{"event_name":"Forgotten Altar","player_choice":"Gave Idol","floor":20,"damage_taken":0}],"is_beta":false,"boss_relics":[{"not_picked":["Black Star","Lizard Tail"],"picked":"Cursed Key"}],"items_purged_floors":[13],"is_endless":false,"potions_floor_spawned":[1,2,12],"killed_by":"Slavers","ascension_level":15}