{"gold_per_floor":[110,110,124,138,150,183,197,208,255,255],"floor_reached":10,"playtime":752,"items_purged":[],"score":86,"play_id":"be68b8ed-c086-407f-b4ee-937da2c8e1a9","local_time":"20180720221744","is_ascension_mode":true,"campfire_choices":[],"neow_cost":"","seed_source_timestamp":119625979269682,"circlet_count":0,"master_deck":["Strike_R","Strike_R","Strike_R","Strike_R+1","Strike_R","Defend_R","Defend_R","Defend_R","Defend_R","Bash+1","Headbutt+1","Warcry","Thunderclap","Armaments","Spot Weakness","Pommel Strike","Intimidate"],"relics":["Burning Blood","Whetstone","Juzu Bracelet"],"potions_floor_usage":[5,7],"damage_taken":[{"damage":14,"enemies":"Jaw Worm","floor":1,"turns":5},{"damage":1,"enemies":"Cultist","floor":3,"turns":4},{"damage":0,"enemies":"2 Louse","floor":4,"turns":2},{"damage":13,"enemies":"Red Slaver","floor":5,"turns":5},{"damage":50,"enemies":"Lagavulin","floor":6,"turns":11},{"damage":27,"enemies":"Large Slime","floor":7,"turns":7},{"damage":2,"enemies":"2 Fungi Beasts","floor":8,"turns":4},{"damage":25,"enemies":"Gremlin Nob","floor":10,"turns":3}],"seed_played":"7961546719579255499","potions_obtained":[{"floor":1,"key":"Swift Potion"},{"floor":4,"key":"Block Potion"},{"floor":6,"key":"Ancient Potion"},{"floor":7,"key":"Explosive Potion"}],"is_trial":false,"path_per_floor":["M","?","M","M","M","E","M","M","T"],"character_chosen":"IRONCLAD","items_purchased":[],"campfire_rested":0,"item_purchase_floors":[],"current_hp_per_floor":[72,72,77,80,73,29,8,12,12,0],"gold":255,"neow_bonus":"","is_prod":false,"is_daily":false,"chose_seed":false,"campfire_upgraded":0,"win_rate":0,"timestamp":1532139464,"path_taken":["M","?","M","M","M","E","M","M","T","E"],"build_version":"2018-07-19v2","purchased_purges":0,"victory":false,"max_hp_per_floor":[80,80,80,80,80,80,80,80,80,80],"card_choices":[{"not_picked":["Combust","Fire Breathing"],"picked":"Headbutt","floor":1},{"not_picked":["Headbutt","Carnage"],"picked":"Warcry","floor":3},{"not_picked":["Twin Strike","Perfected Strike"],"picked":"Thunderclap","floor":4},{"not_picked":["Cleave","Headbutt"],"picked":"Armaments","floor":5},{"not_picked":["Demon Form","Reckless Charge"],"picked":"Spot Weakness","floor":6},{"not_picked":["Clothesline","Reckless Charge"],"picked":"Pommel Strike","floor":7},{"not_picked":["Fire Breathing","Clothesline"],"picked":"Intimidate","floor":8}],"player_experience":209893,"relics_obtained":[{"floor":6,"key":"Whetstone"},{"floor":9,"key":"Juzu Bracelet"}],"event_choices":[{"event_name":"Upgrade Shrine","player_choice":"Upgraded","floor":2,"damage_taken":0}],"is_beta":false,"boss_relics":[],"items_purged_floors":[],"is_endless":false,"potions_floor_spawned":[1,4,6,7],"killed_by":"Gremlin Nob","ascension_level":4}