{"gold_per_floor":[117,129,79,98,118,153,163,163,163,182,202,220,220,251,251,352,352,364,80,80,80,97,97,108,108,156,156,175,175,90,108,108,207,207,227,240,27,1026,1039,1039,1067,1067,1121,1121,1135,1154,1169,568,568,568],"floor_reached":51,"playtime":6088,"items_purged":["Normality","Clumsy"],"score":785,"play_id":"86ec3c77-a4e0-4b8b-8793-e7fc21e6c958","local_time":"20181127142633","is_ascension_mode":true,"campfire_choices":[{"data":"1","floor":8.0,"key":"LIFT"},{"data":"2","floor":13.0,"key":"LIFT"},{"data":"3","floor":15.0,"key":"LIFT"},{"data":"Armaments","floor":23.0,"key":"SMITH"},{"data":"Heavy Blade","floor":25.0,"key":"SMITH"},{"data":"Heavy Blade","floor":27.0,"key":"SMITH"},{"data":"Whirlwind","floor":29.0,"key":"SMITH"},{"floor":32.0,"key":"REST"},{"data":"Heavy Blade","floor":40.0,"key":"SMITH"},{"data":"Flex","floor":42,"key":"SMITH"},{"floor":44,"key":"REST"},{"floor":49,"key":"REST"}],"neow_cost":"TEN_PERCENT_HP_LOSS","seed_source_timestamp":0,"circlet_count":0,"master_deck":["Strike_R","Strike_R","Strike_R","Strike_R","Defend_R","Defend_R","Defend_R+1","Defend_R","Bash","Heavy Blade+1","Combust","Flame Barrier","Corruption","Offering+1","Armaments+1","Shrug It Off","Cleave","Heavy Blade+1","Metallicize","Berserk","Whirlwind+1","Spot Weakness","Cleave","Iron Wave+1","Seeing Red+1","Fiend Fire","Heavy Blade+1","Disarm+1","Panacea","Flex+1","Whirlwind+1","Shrug It Off+1","Armaments+1","Flex+1","Shrug It Off+1"],"special_seed":0,"relics":["Burning Blood","Girya","Blood Vial","Meat on the Bone","Darkstone Periapt","Cursed Key","OrangePellets","Omamori","War Paint","Black Star","Toxic Egg 2","Kunai","Orichalcum","DollysMirror"],"potions_floor_usage":[41,45,46,50,50,50],"damage_taken":[{"damage":6.0,"enemies":"Jaw Worm","floor":1.0,"turns":5.0},{"damage":0.0,"enemies":"Small Slimes","floor":2.0,"turns":3.0},{"damage":2.0,"enemies":"2 Louse","floor":4.0,"turns":3.0},{"damage":12.0,"enemies":"Exordium Wildlife","floor":5.0,"turns":5.0},{"damage":54.0,"enemies":"Gremlin Nob","floor":6.0,"turns":6.0},{"damage":7.0,"enemies":"3 Louse","floor":7.0,"turns":3.0},{"damage":7.0,"enemies":"Blue Slaver","floor":10.0,"turns":4.0},{"damage":23.0,"enemies":"Lots of Slimes","floor":11.0,"turns":3.0},{"damage":12.0,"enemies":"Looter","floor":12.0,"turns":4.0},{"damage":11.0,"enemies":"Lagavulin","floor":14.0,"turns":4.0},{"damage":42.0,"enemies":"Hexaghost","floor":16.0,"turns":10.0},{"damage":15.0,"enemies":"2 Thieves","floor":18.0,"turns":3.0},{"damage":0.0,"enemies":"3 Byrds","floor":22.0,"turns":2.0},{"damage":1.0,"enemies":"Shelled Parasite and Fungi","floor":24.0,"turns":3.0},{"damage":31.0,"enemies":"Centurion and Healer","floor":28.0,"turns":3.0},{"damage":10.0,"enemies":"Cultist and Chosen","floor":31.0,"turns":4.0},{"damage":53.0,"enemies":"Champ","floor":33.0,"turns":9.0},{"damage":0.0,"enemies":"3 Darklings","floor":35.0,"turns":1.0},{"damage":14.0,"enemies":"Orb Walker","floor":36.0,"turns":3.0},{"damage":38.0,"enemies":"Maw","floor":39.0,"turns":8.0},{"damage":48,"enemies":"Nemesis","floor":41,"turns":5},{"damage":0,"enemies":"Jaw Worm Horde","floor":45,"turns":1},{"damage":28,"enemies":"Spire Growth","floor":46,"turns":3},{"damage":20,"enemies":"4 Shapes","floor":47,"turns":1},{"damage":71,"enemies":"Awakened One","floor":50,"turns":8}],"seed_played":"-6409443408247692704","potions_obtained":[{"floor":1.0,"key":"SmokeBomb"},{"floor":2.0,"key":"Block Potion"},{"floor":10.0,"key":"Swift Potion"},{"floor":12.0,"key":"Energy Potion"},{"floor":14.0,"key":"GamblersBrew"},{"floor":16.0,"key":"Energy Potion"},{"floor":22.0,"key":"Energy Potion"},{"floor":31.0,"key":"Explosive Potion"},{"floor":33.0,"key":"PowerPotion"},{"floor":35.0,"key":"Ancient Potion"},{"floor":45,"key":"Swift Potion"}],"is_trial":false,"path_per_floor":["M","M","?","M","M","E","M","R","T","M","M","M","R","E","R","B",null,"M","$","?","?","M","R","M","R","T","R","M","R","?","M","R","B",null,"M","M","$","?","M","R","E","R","T","R","M","M","M","$","R","B",null],"character_chosen":"IRONCLAD","items_purchased":["OrangePellets","Spot Weakness","Panacea","Flex","Orichalcum","DollysMirror","Weak Potion","SteroidPotion","Shrug It Off+1"],"campfire_rested":3,"item_purchase_floors":[19,19,37,37,48,48,48,48,48],"current_hp_per_floor":[72,72,72,72,66,18,19,19,19,32,29,37,37,46,46,24,72,63,63,63,63,71,71,72,72,78,78,53,53,53,51,74,41,78,78,70,70,70,52,52,24,24,30,55,63,55,55,55,80,29],"gold":568,"neow_bonus":"ONE_RARE_RELIC","is_prod":false,"is_daily":false,"chose_seed":false,"campfire_upgraded":6,"win_rate":0,"timestamp":1543346793,"path_taken":["M","M","?","M","M","E","M","R","T","M","M","M","R","E","R","BOSS","M","$","?","?","M","R","M","R","T","R","M","R","?","M","R","BOSS","M","M","$","?","M","R","E","R","T","R","M","M","M","$","R","BOSS"],"build_version":"2018-11-15","purchased_purges":2,"victory":true,"max_hp_per_floor":[72,72,72,72,72,72,72,72,72,72,72,72,72,72,72,72,72,72,72,72,72,72,72,72,72,78,78,78,78,78,78,78,78,78,78,78,78,78,78,78,78,78,84,84,84,84,84,84,84,84],"card_choices":[{"not_picked":["Dropkick","Twin Strike"],"picked":"Heavy Blade","floor":1.0},{"not_picked":["Pommel Strike","Havoc"],"picked":"Combust","floor":2.0},{"not_picked":["Fiend Fire","Corruption"],"picked":"Flame Barrier","floor":4.0},{"not_picked":["Headbutt","Flame Barrier"],"picked":"Corruption","floor":5.0},{"not_picked":["Burning Pact","Flame Barrier"],"picked":"Offering","floor":6.0},{"not_picked":["Feel No Pain","Twin Strike"],"picked":"Armaments","floor":7.0},{"not_picked":["Carnage","Uppercut"],"picked":"Shrug It Off","floor":10.0},{"not_picked":["Armaments","Clash"],"picked":"Cleave","floor":11.0},{"not_picked":["Perfected Strike","Corruption"],"picked":"Heavy Blade","floor":12.0},{"not_picked":["Twin Strike","Shrug It Off"],"picked":"Metallicize","floor":14.0},{"not_picked":["Offering","Bludgeon"],"picked":"Berserk","floor":16.0},{"not_picked":["Body Slam+1","Headbutt+1"],"picked":"Whirlwind","floor":18.0},{"not_picked":["Armaments","Sword Boomerang"],"picked":"Iron Wave+1","floor":22.0},{"not_picked":["Clash","Rage","Entrench"],"picked":"SKIP","floor":24.0},{"not_picked":["Exhume","Sentinel"],"picked":"Seeing Red+1","floor":28.0},{"not_picked":["Clothesline","Wild Strike+1","Twin Strike"],"picked":"SKIP","floor":31.0},{"not_picked":["Berserk","Exhume"],"picked":"Fiend Fire","floor":33.0},{"not_picked":["Burning Pact","Armaments"],"picked":"Heavy Blade","floor":35.0},{"not_picked":["Clash","Second Wind"],"picked":"Disarm+1","floor":36.0},{"not_picked":["True Grit","Armaments","Perfected Strike"],"picked":"SKIP","floor":39.0},{"not_picked":["Clothesline+1","Evolve+1"],"picked":"Whirlwind+1","floor":41},{"not_picked":["Bloodletting+1","Clothesline","Second Wind+1"],"picked":"SKIP","floor":45},{"not_picked":["Wild Strike","Clothesline+1"],"picked":"Shrug It Off+1","floor":46},{"not_picked":["Pummel+1","Rage+1"],"picked":"Armaments+1","floor":47}],"player_experience":379411,"relics_obtained":[{"floor":6.0,"key":"Blood Vial"},{"floor":9.0,"key":"Meat on the Bone"},{"floor":14.0,"key":"Darkstone Periapt"},{"floor":26.0,"key":"Omamori"},{"floor":41,"key":"Toxic Egg 2"},{"floor":41,"key":"Kunai"}],"event_choices":[{"cards_removed":["Strike_R"],"damage_healed":0.0,"max_hp_gain":0.0,"max_hp_loss":0.0,"gold_gain":0.0,"event_name":"The Cleric","player_choice":"Card Removal","floor":3.0,"gold_loss":50.0,"damage_taken":0.0},{"damage_healed":0.0,"max_hp_gain":0.0,"max_hp_loss":0.0,"gold_gain":0.0,"event_name":"The Library","player_choice":"Read","floor":20.0,"gold_loss":0.0,"damage_taken":0.0,"cards_obtained":["Cleave"]},{"damage_healed":0.0,"max_hp_gain":0.0,"max_hp_loss":0.0,"gold_gain":0.0,"event_name":"Beggar","player_choice":"Ignored","floor":21.0,"gold_loss":0.0,"damage_taken":0.0},{"damage_healed":0.0,"max_hp_gain":0.0,"max_hp_loss":0.0,"gold_gain":0.0,"event_name":"Addict","player_choice":"Obtained Relic","floor":30.0,"gold_loss":85.0,"damage_taken":0.0,"relics_obtained":["War Paint"]},{"damage_healed":0.0,"max_hp_gain":0.0,"max_hp_loss":0.0,"gold_gain":999.0,"event_name":"MindBloom","player_choice":"Gold","floor":38.0,"gold_loss":0.0,"damage_taken":0.0,"cards_obtained":["Normality","Normality"]}],"is_beta":false,"boss_relics":[{"not_picked":["Black Blood","Lizard Tail"],"picked":"Cursed Key"},{"not_picked":["White Beast Statue","Pandora\u0027s Box"],"picked":"Black Star"}],"items_purged_floors":[37,48],"is_endless":false,"potions_floor_spawned":[1,2,10,12,14,16,22,31,33,35,36,39,45],"ascension_level":2}