{"gold_per_floor":[115,189,189,114,18,18,43,43,125,25,25,25,49,92,92,190,190,214,114,114,114,31,62,62,93,105,117,4,4,45,61,61,157,157,180,30,46,46,66,66,66,84,84,84,84,122,122,138,138,138,138,138,138,52,91,91],"floor_reached":57,"playtime":2064,"items_purged":["Strike_G","Strike_G","Strike_G","Defend_G"],"score":3210,"play_id":"80d93c2e-8043-4f85-a443-90f3c2c7294a","local_time":"20190531181951","is_ascension_mode":true,"campfire_choices":[{"data":"Neutralize","floor":6.0,"key":"SMITH"},{"data":"Finisher","floor":8.0,"key":"SMITH"},{"data":"Blade Dance","floor":11.0,"key":"SMITH"},{"data":"Purity","floor":15.0,"key":"SMITH"},{"data":"Acrobatics","floor":24.0,"key":"SMITH"},{"data":"Ghostly","floor":27.0,"key":"SMITH"},{"floor":29.0,"key":"RECALL"},{"data":"Adrenaline","floor":32.0,"key":"SMITH"},{"data":"Escape Plan","floor":40.0,"key":"SMITH"},{"data":"Escape Plan","floor":44,"key":"SMITH"},{"data":"Night Terror","floor":49,"key":"SMITH"},{"data":"Backflip","floor":53,"key":"SMITH"}],"neow_cost":"NONE","seed_source_timestamp":84277460343307,"circlet_count":0,"master_deck":["AscendersBane","Defend_G","Defend_G","Defend_G","Survivor","Neutralize+1","Finisher+1","Purity+1","Escape Plan+1","Blade Dance+1","Backstab","After Image","Ghostly","Ghostly","Ghostly+1","Backflip+1","Acrobatics+1","Adrenaline+1","Calculated Gamble","After Image","Escape Plan+1","Night Terror+1"],"special_seed":0,"relics":["Runic Pyramid","Shuriken","Golden Idol","Pocketwatch","Orichalcum","Cursed Key","Bronze Scales","MawBank","Letter Opener","Coffee Dripper","Ice Cream","Question Card","Bag of Preparation"],"potions_floor_usage":[56],"damage_taken":[{"damage":5.0,"enemies":"Cultist","floor":1.0,"turns":5.0},{"damage":2.0,"enemies":"2 Louse","floor":7.0,"turns":3.0},{"damage":2.0,"enemies":"Jaw Worm","floor":13.0,"turns":3.0},{"damage":6.0,"enemies":"Gremlin Nob","floor":14.0,"turns":3.0},{"damage":31.0,"enemies":"Slime Boss","floor":16.0,"turns":6.0},{"damage":6.0,"enemies":"2 Thieves","floor":18.0,"turns":3.0},{"damage":0.0,"enemies":"Book of Stabbing","floor":23.0,"turns":4.0},{"damage":3.0,"enemies":"Gremlin Leader","floor":25.0,"turns":5.0},{"damage":0.0,"enemies":"Book of Stabbing","floor":30.0,"turns":4.0},{"damage":0.0,"enemies":"3 Byrds","floor":31.0,"turns":3.0},{"damage":0.0,"enemies":"Automaton","floor":33.0,"turns":6.0},{"damage":0.0,"enemies":"3 Darklings","floor":35.0,"turns":3.0},{"damage":0.0,"enemies":"Orb Walker","floor":37.0,"turns":3.0},{"damage":4.0,"enemies":"Transient","floor":39.0,"turns":6.0},{"damage":0.0,"enemies":"Writhing Mass","floor":42.0,"turns":4.0},{"damage":4,"enemies":"Reptomancer","floor":46,"turns":5},{"damage":0,"enemies":"Spire Growth","floor":48,"turns":3},{"damage":0,"enemies":"Awakened One","floor":50,"turns":6},{"damage":0,"enemies":"Donu and Deca","floor":51,"turns":5},{"damage":0,"enemies":"Shield and Spear","floor":55,"turns":5},{"damage":0,"enemies":"The Heart","floor":56,"turns":7}],"seed_played":"2578425346535605884","potions_obtained":[{"floor":7.0,"key":"AttackPotion"},{"floor":14.0,"key":"Regen Potion"},{"floor":25.0,"key":"GhostInAJar"},{"floor":30.0,"key":"Block Potion"},{"floor":46,"key":"Block Potion"}],"is_trial":false,"path_per_floor":["M","T","?","?","$","R","M","R","T","$","R","?","M","E","R","B",null,"M","$","?","?","$","E","R","E","T","R","$","R","E","M","R","B",null,"M","$","M","?","M","R","$","M","T","R","?","E","?","M","R","B","B",null,"R","$","E","B",null],"character_chosen":"THE_SILENT","items_purchased":["Purity","Blade Dance","Backflip","Acrobatics","GamblersBrew"],"campfire_rested":0,"item_purchase_floors":[5,10,22,22,54],"current_hp_per_floor":[54,54,54,54,54,54,52,52,52,52,52,52,50,44,44,13,48,42,42,30,30,30,30,30,27,27,27,27,27,27,27,27,27,29,29,29,29,29,25,25,25,25,25,25,25,21,21,21,21,21,21,28,28,28,28,28],"gold":91,"neow_bonus":"BOSS_RELIC","is_prod":false,"is_daily":false,"chose_seed":false,"campfire_upgraded":11,"win_rate":0,"timestamp":1559297991,"path_taken":["M","?","?","?","$","R","M","R","T","?","R","?","?","E","R","BOSS","M","$","?","?","$","E","R","E","T","R","?","R","E","M","R","BOSS","M","$","M","?","?","R","$","M","T","R","?","E","?","M","R","BOSS","BOSS","R","$","E","BOSS"],"build_version":"2019-01-23","purchased_purges":4,"victory":true,"max_hp_per_floor":[66,66,60,60,60,60,60,60,60,60,60,60,60,60,60,60,60,60,60,30,30,30,30,30,30,30,30,30,30,30,30,30,30,30,30,30,30,30,30,30,30,30,30,30,30,30,30,30,30,30,30,30,30,30,30,30],"card_choices":[{"not_picked":["Backflip","Sucker Punch"],"picked":"Finisher","floor":1.0},{"not_picked":["Slice","Concentrate"],"picked":"Escape Plan","floor":7.0},{"not_picked":["Dodge and Roll","Distraction"],"picked":"Backstab","floor":13.0},{"not_picked":["Slice","Skewer","Bane"],"picked":"SKIP","floor":14.0},{"not_picked":["Envenom","Venomology"],"picked":"After Image","floor":16.0},{"not_picked":["Leg Sweep","Accuracy","Slice"],"picked":"SKIP","floor":18.0},{"not_picked":["Prepared","Infinite Blades","Skewer"],"picked":"SKIP","floor":23.0},{"not_picked":["Infinite Blades","Outmaneuver","Concentrate"],"picked":"SKIP","floor":25.0},{"not_picked":["Infinite Blades","Outmaneuver","Concentrate"],"picked":"SKIP","floor":25.0},{"not_picked":["Deflect","Backflip"],"picked":"Adrenaline","floor":30.0},{"not_picked":["Sucker Punch","Quick Slash+1"],"picked":"Calculated Gamble","floor":31.0},{"not_picked":["Burst","Night Terror"],"picked":"After Image","floor":33.0},{"not_picked":["Dagger Spray","Blade Dance+1","Underhanded Strike"],"picked":"SKIP","floor":35.0},{"not_picked":["Blade Dance","Prepared","Acrobatics+1"],"picked":"SKIP","floor":37.0},{"not_picked":["Poisoned Stab+1","Crippling Poison"],"picked":"Escape Plan","floor":39.0},{"not_picked":["Underhanded Strike","Reflex","Choke"],"picked":"SKIP","floor":42.0},{"not_picked":["Reflex","Acrobatics+1","Flechettes"],"picked":"SKIP","floor":46},{"not_picked":["Setup","Noxious Fumes","Deadly Poison"],"picked":"Night Terror","floor":48},{"not_picked":["Dash","Slice+1","Leg Sweep","Deadly Poison"],"picked":"SKIP","floor":55}],"player_experience":1806159,"relics_obtained":[{"floor":2.0,"key":"Shuriken"},{"floor":14.0,"key":"Orichalcum"},{"floor":23.0,"key":"Bronze Scales"},{"floor":25.0,"key":"MawBank"},{"floor":30.0,"key":"Letter Opener"},{"floor":46,"key":"Question Card"},{"floor":55,"key":"Bag of Preparation"}],"event_choices":[{"damage_healed":0.0,"max_hp_gain":0.0,"max_hp_loss":6.0,"gold_gain":0.0,"event_name":"Golden Idol","player_choice":"Lose Max HP","floor":3.0,"gold_loss":0.0,"damage_taken":0.0,"relics_obtained":["Golden Idol"]},{"cards_removed":["Strike_G"],"damage_healed":0.0,"max_hp_gain":0.0,"max_hp_loss":0.0,"gold_gain":0.0,"event_name":"The Cleric","player_choice":"Card Removal","floor":4.0,"gold_loss":75.0,"damage_taken":0.0},{"damage_healed":0.0,"max_hp_gain":0.0,"max_hp_loss":0.0,"gold_gain":0.0,"event_name":"Dead Adventurer","player_choice":"Searched \u00271\u0027 times","floor":12.0,"gold_loss":0.0,"damage_taken":0.0,"relics_obtained":["Pocketwatch"]},{"damage_healed":0.0,"max_hp_gain":0.0,"max_hp_loss":30.0,"gold_gain":0.0,"event_name":"Ghosts","player_choice":"Became a Ghost","floor":20.0,"gold_loss":0.0,"damage_taken":0.0,"cards_obtained":["Ghostly","Ghostly","Ghostly"]},{"cards_removed":["Strike_G"],"damage_healed":0.0,"max_hp_gain":0.0,"max_hp_loss":0.0,"gold_gain":0.0,"event_name":"Back to Basics","player_choice":"Elegance","floor":21.0,"gold_loss":0.0,"damage_taken":0.0},{"damage_healed":0.0,"max_hp_gain":0.0,"max_hp_loss":0.0,"gold_gain":0.0,"event_name":"WeMeetAgain","player_choice":"Gave Potion","floor":38.0,"gold_loss":0.0,"damage_taken":0.0,"relics_obtained":["Ice Cream"]},{"damage_healed":0,"gold_gain":0,"player_choice":"Ignored","damage_taken":0,"max_hp_gain":0,"max_hp_loss":0,"event_name":"Tomb of Lord Red Mask","floor":45,"gold_loss":0},{"cards_removed":["Defend_G"],"damage_healed":0,"gold_gain":0,"player_choice":"Removed Skill","damage_taken":0,"max_hp_gain":0,"max_hp_loss":0,"event_name":"Falling","floor":47,"gold_loss":0}],"is_beta":false,"boss_relics":[{"not_picked":["Busted Crown","Lizard Tail"],"picked":"Cursed Key"},{"not_picked":["Philosopher\u0027s Stone","Calling Bell"],"picked":"Coffee Dripper"}],"items_purged_floors":[10,19,28,36],"is_endless":false,"potions_floor_spawned":[7,14,25,30,35,37,46],"ascension_level":20}