{"gold_per_floor":[367,442,461,461,485,485,524,524,524,524,177,198,198,231,231,326,326,347,347,397,397,423,423],"floor_reached":23,"playtime":843,"items_purged":["Strike_R"],"score":341,"play_id":"5112de26-0588-4688-b1c1-1b337dba8c22","local_time":"20190801214234","is_ascension_mode":true,"campfire_choices":[{"data":"Combust","floor":6,"key":"SMITH"},{"data":"Bash","floor":8,"key":"SMITH"},{"data":"Disarm","floor":10,"key":"SMITH"},{"data":"Inflame","floor":13,"key":"SMITH"},{"data":"Body Slam","floor":15,"key":"SMITH"}],"neow_cost":"TEN_PERCENT_HP_LOSS","seed_source_timestamp":508816424566906,"circlet_count":0,"master_deck":["AscendersBane","Strike_R+1","Strike_R+1","Strike_R+1","Strike_R+1","Defend_R+1","Defend_R+1","Defend_R+1","Defend_R+1","Bash+1","Shrug It Off","Combust+1","Disarm+1","Rage","Inflame+1","Body Slam+1","Immolate","Flame Barrier","Shockwave","Evolve","Spot Weakness"],"relics":["Burning Blood","Golden Idol","Unceasing Top","Gremlin Horn","Lee\u0027s Waffle","Singing Bowl","Orrery"],"potions_floor_usage":[7,18],"damage_taken":[{"damage":8,"enemies":"2 Louse","floor":1,"turns":4},{"damage":3,"enemies":"Small Slimes","floor":3,"turns":3},{"damage":8,"enemies":"Jaw Worm","floor":5,"turns":5},{"damage":23,"enemies":"Lagavulin","floor":7,"turns":9},{"damage":12,"enemies":"3 Louse","floor":12,"turns":3},{"damage":15,"enemies":"3 Sentries","floor":14,"turns":6},{"damage":37,"enemies":"The Guardian","floor":16,"turns":16},{"damage":22,"enemies":"Chosen","floor":18,"turns":6},{"damage":57,"enemies":"Book of Stabbing","floor":23,"turns":7}],"seed_played":"-1299060745808152058","potions_obtained":[{"floor":5,"key":"Weak Potion"},{"floor":14,"key":"Dexterity Potion"},{"floor":16,"key":"SteroidPotion"}],"is_trial":false,"path_per_floor":["M","?","M","?","M","R","E","R","T","R","$","M","R","E","R","B",null,"M","?","?","?","T","E"],"character_chosen":"IRONCLAD","items_purchased":["Lee\u0027s Waffle","Inflame"],"campfire_rested":0,"item_purchase_floors":[11,11],"current_hp_per_floor":[66,55,58,35,33,33,16,16,16,16,75,69,69,60,60,29,70,54,54,54,54,54,0],"gold":423,"neow_bonus":"TWO_FIFTY_GOLD","is_prod":false,"is_daily":false,"chose_seed":false,"campfire_upgraded":5,"win_rate":0,"timestamp":1564710154,"path_taken":["M","?","M","?","M","R","E","R","T","R","$","M","R","E","R","BOSS","M","?","?","?","?","E"],"build_version":"2019-07-17","purchased_purges":1,"victory":false,"max_hp_per_floor":[68,68,68,68,68,68,68,68,68,68,75,75,75,75,75,75,81,81,81,81,81,81,81],"card_choices":[{"not_picked":["Twin Strike","Pummel"],"picked":"Shrug It Off","floor":1},{"not_picked":["Armaments","Entrench"],"picked":"Combust","floor":3},{"not_picked":["True Grit","Infernal Blade"],"picked":"Disarm","floor":5},{"not_picked":["Burning Pact","Sword Boomerang"],"picked":"Rage","floor":7},{"not_picked":["Rage","Dual Wield","Infernal Blade"],"picked":"SKIP","floor":12},{"not_picked":["Second Wind","Cleave"],"picked":"Body Slam","floor":14},{"not_picked":["Offering","Reaper"],"picked":"Immolate","floor":16},{"not_picked":["Flex","Headbutt"],"picked":"Flame Barrier","floor":17},{"not_picked":["Iron Wave","Anger"],"picked":"Shockwave","floor":17},{"not_picked":["Perfected Strike","Wild Strike","Heavy Blade"],"picked":"Singing Bowl","floor":17},{"not_picked":["Flex","Sever Soul","Blood for Blood"],"picked":"Singing Bowl","floor":17},{"not_picked":["Reckless Charge","Immolate","Headbutt"],"picked":"Singing Bowl","floor":17},{"not_picked":["Dual Wield","Pommel Strike"],"picked":"Evolve","floor":18}],"player_experience":1633408,"relics_obtained":[{"floor":7,"key":"Unceasing Top"},{"floor":9,"key":"Gremlin Horn"},{"floor":14,"key":"Singing Bowl"}],"event_choices":[{"damage_healed":0,"gold_gain":75,"player_choice":"Gather Gold","damage_taken":11,"max_hp_gain":0,"max_hp_loss":0,"event_name":"World of Goop","floor":2,"gold_loss":0},{"damage_healed":0,"gold_gain":0,"player_choice":"Take Damage","damage_taken":23,"relics_obtained":["Golden Idol"],"max_hp_gain":0,"max_hp_loss":0,"event_name":"Golden Idol","floor":4,"gold_loss":0},{"damage_healed":0,"gold_gain":0,"player_choice":"Read","damage_taken":0,"max_hp_gain":0,"max_hp_loss":0,"event_name":"The Library","floor":19,"gold_loss":0,"cards_obtained":["Spot Weakness"]},{"damage_healed":0,"gold_gain":50,"player_choice":"Stole From Cult","damage_taken":0,"max_hp_gain":0,"max_hp_loss":0,"event_name":"Nest","floor":20,"gold_loss":0},{"damage_healed":0,"gold_gain":0,"player_choice":"Simplicity","damage_taken":0,"max_hp_gain":0,"max_hp_loss":0,"event_name":"Back to Basics","floor":21,"gold_loss":0,"cards_upgraded":["Strike_R","Strike_R","Strike_R","Strike_R","Defend_R","Defend_R","Defend_R","Defend_R"]}],"is_beta":false,"boss_relics":[{"not_picked":["Empty Cage","Calling Bell"],"picked":"Orrery"}],"items_purged_floors":[11],"is_endless":false,"potions_floor_spawned":[5,14,16],"killed_by":"Book of Stabbing","ascension_level":15}