{"gold_per_floor":[112,122,142,142,67,67,81,81,81,93,103,136,36,46,46,150,150,122,47,47,67,44,44,58,58,58,58,76,53,69,97,97,201,201,220,274,274,274,285,285,299,309,335,354,354,366,81,33,33,33],"floor_reached":51,"playtime":2577,"items_purged":["Seeing Red","Strike_R"],"score":721,"play_id":"03e6380d-000c-4d9b-b952-4110dabd9d02","local_time":"20190805090209","is_ascension_mode":false,"campfire_choices":[{"data":"Body Slam","floor":6.0,"key":"SMITH"},{"data":"Warcry","floor":8.0,"key":"SMITH"},{"data":"True Grit","floor":15.0,"key":"SMITH"},{"data":"Pommel Strike","floor":23.0,"key":"SMITH"},{"data":"Warcry","floor":25.0,"key":"SMITH"},{"floor":32.0,"key":"REST"},{"data":"Clothesline","floor":40,"key":"SMITH"},{"data":"Shrug It Off","floor":45,"key":"SMITH"},{"floor":49,"key":"REST"}],"neow_cost":"PERCENT_DAMAGE","seed_source_timestamp":21216435811541,"circlet_count":0,"master_deck":["Strike_R","Strike_R","Defend_R+1","Defend_R","Defend_R+1","Defend_R","Bash","Flex","Warcry+1","Body Slam+1","Warcry+1","Iron Wave","True Grit+1","Clash","Shrug It Off+1","Body Slam+1","Pommel Strike+1","Clothesline+1","Shrug It Off","True Grit+1","Wild Strike"],"special_seed":0,"relics":["Burning Blood","FossilizedHelix","Darkstone Periapt","Mango","Mark of Pain","Enchiridion","Boot","Happy Flower","Runic Pyramid","Torii","War Paint","Calipers"],"potions_floor_usage":[41,44],"damage_taken":[{"damage":0.0,"enemies":"Jaw Worm","floor":1.0,"turns":2.0},{"damage":0.0,"enemies":"Cultist","floor":2.0,"turns":3.0},{"damage":2.0,"enemies":"Small Slimes","floor":3.0,"turns":4.0},{"damage":0.0,"enemies":"Looter","floor":7.0,"turns":3.0},{"damage":0.0,"enemies":"2 Fungi Beasts","floor":10.0,"turns":4.0},{"damage":5.0,"enemies":"3 Louse","floor":11.0,"turns":4.0},{"damage":10.0,"enemies":"Lagavulin","floor":12.0,"turns":7.0},{"damage":14.0,"enemies":"Exordium Thugs","floor":14.0,"turns":5.0},{"damage":59.0,"enemies":"Hexaghost","floor":16.0,"turns":11.0},{"damage":0.0,"enemies":"2 Thieves","floor":18.0,"turns":5.0},{"damage":7.0,"enemies":"Shell Parasite","floor":21.0,"turns":6.0},{"damage":27.0,"enemies":"Snake Plant","floor":24.0,"turns":5.0},{"damage":10.0,"enemies":"3 Cultists","floor":28.0,"turns":6.0},{"damage":0.0,"enemies":"Chosen and Byrds","floor":30.0,"turns":6.0},{"damage":31.0,"enemies":"Slavers","floor":31.0,"turns":6.0},{"damage":32.0,"enemies":"Collector","floor":33.0,"turns":10.0},{"damage":0.0,"enemies":"3 Darklings","floor":35.0,"turns":11.0},{"damage":56.0,"enemies":"2 Orb Walkers","floor":36.0,"turns":6.0},{"damage":0,"enemies":"3 Shapes","floor":39,"turns":5},{"damage":0,"enemies":"Maw","floor":41,"turns":10},{"damage":6,"enemies":"3 Darklings","floor":42,"turns":8},{"damage":2,"enemies":"Jaw Worm Horde","floor":44,"turns":4},{"damage":5,"enemies":"4 Shapes","floor":46,"turns":6},{"damage":23,"enemies":"Awakened One","floor":50,"turns":19}],"seed_played":"6236139704327191396","potions_obtained":[{"floor":2.0,"key":"EntropicBrew"},{"floor":12.0,"key":"LiquidBronze"},{"floor":14.0,"key":"Strength Potion"},{"floor":16.0,"key":"Swift Potion"},{"floor":21.0,"key":"PowerPotion"},{"floor":30.0,"key":"FairyPotion"},{"floor":33.0,"key":"Ancient Potion"},{"floor":41,"key":"AttackPotion"}],"is_trial":false,"path_per_floor":["M","M","M","?","$","R","M","R","T","M","M","E","$","M","R","B",null,"M","?","?","M","$","R","M","R","T","?","M","$","M","E","R","B",null,"M","?","?","?","M","R","M","M","T","M","R","M","$","$","R","B",null],"character_chosen":"IRONCLAD","items_purchased":["Pommel Strike","Shrug It Off","Calipers","Wild Strike"],"campfire_rested":2,"item_purchase_floors":[22,29,47,48],"current_hp_per_floor":[62,68,72,72,72,72,78,78,78,80,80,90,90,82,82,29,94,94,94,78,77,77,77,56,56,56,56,52,52,58,33,61,35,94,94,44,44,44,50,50,56,56,56,60,60,61,61,61,89,72],"gold":33,"neow_bonus":"ONE_RARE_RELIC","is_prod":false,"is_daily":false,"chose_seed":false,"campfire_upgraded":7,"win_rate":0,"timestamp":1564963329,"path_taken":["M","M","M","?","?","R","M","R","T","M","?","E","$","M","R","BOSS","M","?","?","M","?","R","M","R","T","?","M","?","M","E","R","BOSS","M","?","?","?","M","R","M","M","T","M","R","M","?","$","R","BOSS"],"build_version":"2019-07-17","purchased_purges":2,"victory":true,"max_hp_per_floor":[80,80,80,80,80,80,80,80,80,80,80,94,94,94,94,94,94,94,94,94,94,94,94,94,94,94,94,94,94,94,94,94,94,94,94,94,94,94,94,94,94,94,94,94,94,94,94,94,94,94],"card_choices":[{"not_picked":["Wild Strike","Power Through"],"picked":"Flex","floor":1.0},{"not_picked":["Pummel","Seeing Red"],"picked":"Warcry","floor":2.0},{"not_picked":["Havoc","Fire Breathing"],"picked":"Body Slam","floor":3.0},{"not_picked":["Intimidate","Carnage"],"picked":"Warcry","floor":7.0},{"not_picked":["Reckless Charge","Cleave"],"picked":"Iron Wave","floor":10.0},{"not_picked":["Wild Strike","Burning Pact"],"picked":"True Grit","floor":11.0},{"not_picked":["Pummel","Seeing Red"],"picked":"Clash","floor":12.0},{"not_picked":["Berserk","Body Slam"],"picked":"Shrug It Off","floor":14.0},{"not_picked":["Iron Wave","Dual Wield","Infernal Blade"],"picked":"SKIP","floor":18.0},{"not_picked":["Warcry","Thunderclap+1"],"picked":"Body Slam+1","floor":21.0},{"not_picked":["Body Slam","Carnage","Fire Breathing"],"picked":"SKIP","floor":24.0},{"not_picked":["Body Slam","Carnage","Fire Breathing"],"picked":"SKIP","floor":24.0},{"not_picked":["Rupture","Rage","Anger"],"picked":"SKIP","floor":28.0},{"not_picked":["Dual Wield","Heavy Blade"],"picked":"True Grit+1","floor":30.0},{"not_picked":["Immolate","Sword Boomerang","Flex"],"picked":"SKIP","floor":31.0},{"not_picked":["Havoc","Corruption+1","Power Through"],"picked":"SKIP","floor":35.0},{"not_picked":["Sword Boomerang","Body Slam","Blood for Blood+1"],"picked":"SKIP","floor":39},{"not_picked":["Cleave","Searing Blow","Clothesline+1"],"picked":"SKIP","floor":41},{"not_picked":["Demon Form","Blood for Blood","Wild Strike"],"picked":"SKIP","floor":42},{"not_picked":["Entrench","Disarm","Heavy Blade"],"picked":"SKIP","floor":44},{"not_picked":["Body Slam+1","Corruption+1","Thunderclap+1"],"picked":"SKIP","floor":46}],"player_experience":266609,"relics_obtained":[{"floor":9.0,"key":"Darkstone Periapt"},{"floor":12.0,"key":"Mango"},{"floor":20.0,"key":"Enchiridion"},{"floor":26.0,"key":"Boot"},{"floor":31.0,"key":"Happy Flower"},{"floor":36.0,"key":"Torii"},{"floor":43,"key":"War Paint"}],"event_choices":[{"damage_healed":0.0,"max_hp_gain":0.0,"max_hp_loss":0.0,"gold_gain":0.0,"cards_transformed":["Strike_R"],"event_name":"Transmorgrifier","player_choice":"Transformed","floor":4.0,"gold_loss":0.0,"damage_taken":0.0,"cards_obtained":["Seeing Red"]},{"cards_removed":["Strike_R"],"damage_healed":0.0,"max_hp_gain":0.0,"max_hp_loss":0.0,"gold_gain":0.0,"event_name":"Beggar","player_choice":"Gave Gold","floor":19.0,"gold_loss":75.0,"damage_taken":0.0},{"damage_healed":0.0,"max_hp_gain":0.0,"max_hp_loss":0.0,"gold_gain":0.0,"event_name":"Cursed Tome","player_choice":"Obtained Book","floor":20.0,"gold_loss":0.0,"damage_taken":16.0},{"damage_healed":0.0,"max_hp_gain":0.0,"max_hp_loss":0.0,"gold_gain":0.0,"event_name":"The Library","player_choice":"Read","floor":27.0,"gold_loss":0.0,"damage_taken":0.0,"cards_obtained":["Clothesline"]},{"damage_healed":0.0,"max_hp_gain":0.0,"max_hp_loss":0.0,"gold_gain":0.0,"event_name":"Mysterious Sphere","player_choice":"Fight","floor":36.0,"gold_loss":0.0,"damage_taken":0.0},{"damage_healed":0.0,"max_hp_gain":0.0,"max_hp_loss":0.0,"gold_gain":0.0,"event_name":"Tomb of Lord Red Mask","player_choice":"Ignored","floor":37.0,"gold_loss":0.0,"damage_taken":0.0},{"damage_healed":0,"gold_gain":0,"player_choice":"Memory 1","damage_taken":0,"max_hp_gain":0,"max_hp_loss":0,"event_name":"SensoryStone","floor":38,"gold_loss":0}],"is_beta":false,"boss_relics":[{"not_picked":["Busted Crown","Snecko Eye"],"picked":"Mark of Pain"},{"not_picked":["Fusion Hammer","Calling Bell"],"picked":"Runic Pyramid"}],"items_purged_floors":[5,13],"is_endless":false,"potions_floor_spawned":[2,12,14,16,21,30,33,39,41,42],"ascension_level":0}