{"gold_per_floor":[116,36,36,49,63,63,88,88,165,192,192],"floor_reached":11,"playtime":356,"items_purged":[],"score":96,"play_id":"6515ada9-2773-47e0-8886-4a72725a3244","local_time":"20190719194727","is_ascension_mode":true,"campfire_choices":[{"data":"True Grit","floor":6,"key":"SMITH"},{"data":"Armaments","floor":8,"key":"SMITH"}],"neow_cost":"NONE","seed_source_timestamp":358803677922520,"circlet_count":0,"master_deck":["Strike_R","Strike_R","Strike_R","Strike_R","Strike_R","Defend_R","Defend_R","Defend_R","Defend_R","Bash","True Grit+1","Feel No Pain","Reaper","Clothesline","Armaments+1","Disarm"],"special_seed":0,"relics":["Burning Blood","Dream Catcher","Ancient Tea Set","Tiny Chest","Anchor"],"potions_floor_usage":[11],"damage_taken":[{"damage":11.0,"enemies":"Cultist","floor":1.0,"turns":4.0},{"damage":13,"enemies":"Jaw Worm","floor":4,"turns":5},{"damage":17,"enemies":"Small Slimes","floor":5,"turns":5},{"damage":40,"enemies":"Lagavulin","floor":7,"turns":9},{"damage":33,"enemies":"Gremlin Nob","floor":11,"turns":4}],"seed_played":"-7644671835786299201","potions_obtained":[{"floor":4,"key":"LiquidBronze"}],"is_trial":false,"path_per_floor":["M","$","?","M","M","R","E","R","T","T","E"],"character_chosen":"IRONCLAD","items_purchased":["Feel No Pain"],"campfire_rested":0,"item_purchase_floors":[2],"current_hp_per_floor":[67,67,67,66,63,63,33,33,33,33,0],"gold":192,"neow_bonus":"RANDOM_COMMON_RELIC","is_prod":false,"is_daily":false,"chose_seed":false,"campfire_upgraded":2,"win_rate":0,"timestamp":1563533247,"path_taken":["M","?","?","M","?","R","E","R","T","?","E"],"build_version":"2019-07-17","purchased_purges":0,"victory":false,"max_hp_per_floor":[80,80,80,80,80,80,80,80,80,80,80],"card_choices":[{"not_picked":["Intimidate","Heavy Blade"],"picked":"True Grit","floor":1.0},{"not_picked":["True Grit","Heavy Blade"],"picked":"Clothesline","floor":4},{"not_picked":["Headbutt","Shrug It Off"],"picked":"Armaments","floor":5},{"not_picked":["Perfected Strike","Searing Blow"],"picked":"Disarm","floor":7}],"player_experience":242253,"relics_obtained":[{"floor":7,"key":"Ancient Tea Set"},{"floor":9,"key":"Tiny Chest"},{"floor":10,"key":"Anchor"}],"event_choices":[{"damage_healed":0,"gold_gain":0,"player_choice":"1 cards matched","damage_taken":0,"max_hp_gain":0,"max_hp_loss":0,"event_name":"Match and Keep!","floor":3,"gold_loss":0,"cards_obtained":["Reaper"]}],"is_beta":false,"boss_relics":[],"items_purged_floors":[],"is_endless":false,"potions_floor_spawned":[4],"killed_by":"Gremlin Nob","ascension_level":7}