{"gold_per_floor":[114,126,126,126,126,126,161,177,177,201,219,219,69,112,112,201,201,216,239,255,255,255,299,299,335,361,361],"floor_reached":27,"playtime":1236,"items_purged":["Pain"],"score":692,"play_id":"5aa58e9e-de10-41d4-be85-7708d45bf903","local_time":"20190621184334","is_ascension_mode":true,"campfire_choices":[{"data":"Neutralize","floor":6.0,"key":"SMITH"},{"data":"Well Laid Plans","floor":15.0,"key":"SMITH"},{"floor":24.0,"key":"REST"}],"neow_cost":"NONE","seed_source_timestamp":1652148150592729,"circlet_count":0,"master_deck":["AscendersBane","Survivor","Neutralize+1","Well Laid Plans+1","PiercingWail","Deadly Poison","Venomology","Dash","Footwork","After Image","Wraith Form v2","Storm of Steel","Noxious Fumes","Phantasmal Killer","Choke","Bane","Blur","Distraction","Tactician","Storm of Steel","Acrobatics","Well Laid Plans"],"special_seed":0,"relics":["Ring of the Snake","NeowsBlessing","Golden Idol","WarpedTongs","Prayer Wheel","Shovel","Happy Flower","Pandora\u0027s Box","Bronze Scales","The Courier"],"potions_floor_usage":[27],"damage_taken":[{"damage":0.0,"enemies":"Jaw Worm","floor":1.0,"turns":1.0},{"damage":0.0,"enemies":"2 Louse","floor":2.0,"turns":1.0},{"damage":3.0,"enemies":"3 Sentries","floor":7.0,"turns":1.0},{"damage":2.0,"enemies":"Cultist","floor":8.0,"turns":3.0},{"damage":22.0,"enemies":"Lots of Slimes","floor":10.0,"turns":6.0},{"damage":18.0,"enemies":"Gremlin Gang","floor":11.0,"turns":6.0},{"damage":0.0,"enemies":"Lagavulin","floor":12.0,"turns":1.0},{"damage":11.0,"enemies":"Gremlin Nob","floor":14.0,"turns":4.0},{"damage":0.0,"enemies":"The Guardian","floor":16.0,"turns":13.0},{"damage":11.0,"enemies":"3 Byrds","floor":18.0,"turns":7.0},{"damage":14.0,"enemies":"Chosen","floor":19.0,"turns":5.0},{"damage":16.0,"enemies":"Shelled Parasite and Fungi","floor":20.0,"turns":7.0},{"damage":2.0,"enemies":"Colosseum Slavers","floor":21.0,"turns":5.0},{"damage":18.0,"enemies":"Gremlin Leader","floor":23.0,"turns":8.0},{"damage":19,"enemies":"Book of Stabbing","floor":25,"turns":6},{"damage":6,"enemies":"Slavers","floor":27,"turns":2}],"seed_played":"-6125688356324184088","potions_obtained":[{"floor":1.0,"key":"GhostInAJar"},{"floor":2.0,"key":"FearPotion"},{"floor":25,"key":"Regen Potion"}],"is_trial":false,"path_per_floor":["M","M","?","?","?","R","E","M","T","M","M","E","$","E","R","B",null,"M","M","M","?","?","E","R","E","T","E"],"character_chosen":"THE_SILENT","items_purchased":["Footwork"],"campfire_rested":1,"item_purchase_floors":[13],"current_hp_per_floor":[59,59,59,64,64,64,61,59,59,37,19,19,19,8,8,8,51,40,26,25,23,23,5,24,5,5,4],"gold":361,"neow_bonus":"THREE_ENEMY_KILL","is_prod":false,"is_daily":false,"chose_seed":false,"campfire_upgraded":2,"win_rate":0,"timestamp":1561113814,"path_taken":["M","M","?","?","?","R","E","?","T","?","M","E","$","E","R","BOSS","M","M","?","?","?","E","R","E","T","E"],"build_version":"2019-01-23","purchased_purges":1,"victory":false,"max_hp_per_floor":[66,66,60,65,65,65,65,65,65,65,65,65,65,65,65,65,65,65,65,65,65,65,65,65,65,65,65],"card_choices":[{"not_picked":["Bane","Outmaneuver","Underhanded Strike"],"picked":"SKIP","floor":1.0},{"not_picked":["Slice","Deflect"],"picked":"Well Laid Plans","floor":2.0},{"not_picked":["Cloak And Dagger","Acrobatics"],"picked":"PiercingWail","floor":7.0},{"not_picked":["Blur","Outmaneuver"],"picked":"Deadly Poison","floor":8.0},{"not_picked":["Underhanded Strike","Bane","Cloak And Dagger"],"picked":"SKIP","floor":8.0},{"not_picked":["Setup","Poisoned Stab"],"picked":"Venomology","floor":10.0},{"not_picked":["Leg Sweep","Dagger Spray","Cloak And Dagger"],"picked":"SKIP","floor":10.0},{"not_picked":["All Out Attack","Doppelganger"],"picked":"Dash","floor":11.0},{"not_picked":["Backflip","Quick Slash","Deflect"],"picked":"SKIP","floor":11.0},{"not_picked":["Cloak And Dagger","Reflex","Flying Knee"],"picked":"SKIP","floor":14.0},{"not_picked":["Venomology","Glass Knife"],"picked":"After Image","floor":16.0},{"not_picked":["Sucker Punch","Deadly Poison"],"picked":"Acrobatics","floor":18.0},{"not_picked":["Outmaneuver","Cloak And Dagger","Skewer+1"],"picked":"SKIP","floor":18.0},{"not_picked":["Blur","Sucker Punch+1","Deflect"],"picked":"SKIP","floor":19.0},{"not_picked":["PiercingWail","Quick Slash","Deadly Poison"],"picked":"SKIP","floor":19.0},{"not_picked":["Blade Dance","Dagger Throw"],"picked":"Well Laid Plans","floor":20.0},{"not_picked":["Backstab","Dagger Throw","A Thousand Cuts"],"picked":"SKIP","floor":20.0},{"not_picked":["A Thousand Cuts","Setup","Poisoned Stab"],"picked":"SKIP","floor":23.0},{"not_picked":["Terror","PiercingWail","Dagger Throw"],"picked":"SKIP","floor":25}],"player_experience":1961203,"relics_obtained":[{"floor":7.0,"key":"Prayer Wheel"},{"floor":9.0,"key":"Shovel"},{"floor":14.0,"key":"Happy Flower"},{"floor":23.0,"key":"Bronze Scales"},{"floor":25,"key":"The Courier"}],"event_choices":[{"damage_healed":0.0,"max_hp_gain":0.0,"max_hp_loss":6.0,"gold_gain":0.0,"event_name":"Golden Idol","player_choice":"Lose Max HP","floor":3.0,"gold_loss":0.0,"damage_taken":0.0,"relics_obtained":["Golden Idol"]},{"damage_healed":0.0,"max_hp_gain":5.0,"max_hp_loss":0.0,"gold_gain":0.0,"event_name":"Big Fish","player_choice":"Donut","floor":4.0,"gold_loss":0.0,"damage_taken":0.0},{"damage_healed":0.0,"max_hp_gain":0.0,"max_hp_loss":0.0,"gold_gain":0.0,"event_name":"Accursed Blacksmith","player_choice":"Rummage","floor":5.0,"gold_loss":0.0,"damage_taken":0.0,"relics_obtained":["WarpedTongs"],"cards_obtained":["Pain"]},{"damage_healed":0.0,"max_hp_gain":0.0,"max_hp_loss":0.0,"gold_gain":0.0,"event_name":"Colosseum","player_choice":"Fight","floor":21.0,"gold_loss":0.0,"damage_taken":0.0},{"damage_healed":0.0,"max_hp_gain":0.0,"max_hp_loss":0.0,"gold_gain":0.0,"event_name":"Colosseum","player_choice":"Fled From Nobs","floor":21.0,"gold_loss":0.0,"damage_taken":0.0},{"damage_healed":0.0,"max_hp_gain":0.0,"max_hp_loss":0.0,"gold_gain":0.0,"event_name":"The Mausoleum","player_choice":"Ignored","floor":22.0,"gold_loss":0.0,"damage_taken":0.0}],"is_beta":false,"boss_relics":[{"not_picked":["Eternal Feather","Snecko Eye"],"picked":"Pandora\u0027s Box"}],"items_purged_floors":[13],"is_endless":false,"potions_floor_spawned":[1,2,10,12,25],"killed_by":"Slavers","ascension_level":20}