{"gold_per_floor":[15,15,27,46,46,46,81,95,95,121,135,149,149,159,159,263,263,280,280,295,315,315,315],"floor_reached":23,"playtime":1656,"items_purged":[],"score":292,"play_id":"2d5004b2-e382-4f70-ae8b-1e6be22ee076","local_time":"20180724002645","is_ascension_mode":true,"campfire_choices":[{"data":"Zap","floor":6.0,"key":"SMITH"},{"floor":13.0,"key":"REST"},{"data":"Dualcast","floor":15.0,"key":"SMITH"}],"neow_cost":"NO_GOLD","seed_source_timestamp":0,"circlet_count":0,"master_deck":["Defend_B+1","Defend_B+1","Defend_B+1","Defend_B","Zap+1","Dualcast+1","Biased Cognition","Leap","Ball Lightning","Glacier","Streamline","White Noise","Glacier","Echo Form","Go for the Eyes","Compile Driver","Creative AI","Barrage+1","Barrage+1","Leap","Bite","Bite","Bite","Bite","Bite"],"special_seed":0,"relics":["Cracked Core","War Paint","Pen Nib","Letter Opener","Nuclear Battery"],"potions_floor_usage":[18],"damage_taken":[{"damage":6.0,"enemies":"Cultist","floor":1.0,"turns":3.0},{"damage":2.0,"enemies":"2 Louse","floor":3.0,"turns":2.0},{"damage":0.0,"enemies":"Small Slimes","floor":4.0,"turns":3.0},{"damage":16.0,"enemies":"Gremlin Nob","floor":7.0,"turns":3.0},{"damage":1.0,"enemies":"Exordium Wildlife","floor":8.0,"turns":5.0},{"damage":12.0,"enemies":"3 Sentries","floor":10.0,"turns":8.0},{"damage":0.0,"enemies":"3 Louse","floor":11.0,"turns":3.0},{"damage":3.0,"enemies":"Large Slime","floor":12.0,"turns":6.0},{"damage":0.0,"enemies":"Red Slaver","floor":14.0,"turns":3.0},{"damage":4.0,"enemies":"Hexaghost","floor":16.0,"turns":10.0},{"damage":6,"enemies":"3 Byrds","floor":18,"turns":3},{"damage":39,"enemies":"2 Thieves","floor":20,"turns":5},{"damage":15,"enemies":"Snecko","floor":21,"turns":8},{"damage":21,"enemies":"Gremlin Leader","floor":23,"turns":5}],"seed_played":"4490079178775274906","potions_obtained":[{"floor":1.0,"key":"Ancient Potion"},{"floor":3.0,"key":"Swift Potion"},{"floor":7.0,"key":"PowerPotion"},{"floor":12.0,"key":"FairyPotion"},{"floor":16.0,"key":"Explosive Potion"},{"floor":20,"key":"SmokeBomb"}],"is_trial":false,"path_per_floor":["M","?","M","M","?","R","E","M","T","E","M","M","R","M","R","B",null,"M","?","M","M","?"],"character_chosen":"DEFECT","items_purchased":[],"campfire_rested":1,"item_purchase_floors":[],"current_hp_per_floor":[62,47,45,45,38,38,22,21,21,9,9,6,28,28,28,24,62,56,56,17,2,2,0],"gold":315,"neow_bonus":"THREE_RARE_CARDS","is_prod":false,"is_daily":false,"chose_seed":false,"campfire_upgraded":2,"win_rate":0,"timestamp":1532406405,"path_taken":["M","?","M","M","?","R","E","M","T","E","?","M","R","M","R","BOSS","M","?","M","M","?","E"],"build_version":"2018-07-19v2","purchased_purges":0,"victory":false,"max_hp_per_floor":[75,75,75,75,75,75,75,75,75,75,75,75,75,75,75,75,75,75,75,75,75,52,52],"card_choices":[{"not_picked":["Amplify","Reboot"],"picked":"Biased Cognition","floor":0.0},{"not_picked":["Doom and Gloom","Reprogram"],"picked":"Leap","floor":1.0},{"not_picked":["Genetic Algorithm","Rebound"],"picked":"Ball Lightning","floor":3.0},{"not_picked":["Ball Lightning","Stack"],"picked":"Glacier","floor":4.0},{"not_picked":["Barrage","Gash"],"picked":"Streamline","floor":7.0},{"not_picked":["Stack","Darkness"],"picked":"White Noise","floor":8.0},{"not_picked":["Auto Shields","Beam Cell"],"picked":"Glacier","floor":10.0},{"not_picked":["Stack","Barrage"],"picked":"Echo Form","floor":11.0},{"not_picked":["Glacier","Reinforced Body"],"picked":"Go for the Eyes","floor":12.0},{"not_picked":["Barrage","Tempest"],"picked":"Compile Driver","floor":14.0},{"not_picked":["Buffer","Machine Learning"],"picked":"Creative AI","floor":16.0},{"not_picked":["Steam","Auto Shields"],"picked":"Barrage+1","floor":18},{"not_picked":["Double Energy","Cold Snap+1"],"picked":"Barrage+1","floor":20},{"not_picked":["Rebound+1","Streamline"],"picked":"Leap","floor":21}],"player_experience":276419,"relics_obtained":[{"floor":7.0,"key":"War Paint"},{"floor":9.0,"key":"Pen Nib"},{"floor":10.0,"key":"Letter Opener"}],"event_choices":[{"event_name":"Shining Light","player_choice":"Entered Light","floor":2.0,"damage_taken":0.0},{"event_name":"Golden Wing","player_choice":"Card Removal","floor":5.0,"damage_taken":0.0},{"event_name":"Back to Basics","player_choice":"Elegance","floor":19,"damage_taken":0},{"event_name":"Vampires","player_choice":"Became a vampire","floor":22,"damage_taken":0}],"is_beta":false,"boss_relics":[{"not_picked":["White Beast Statue","Eternal Feather"],"picked":"Nuclear Battery"}],"items_purged_floors":[],"is_endless":false,"potions_floor_spawned":[1,3,7,12,16,20],"killed_by":"Gremlin Leader","ascension_level":6}