{"gold_per_floor":[112,127,139,64,75,75,106,106,106,125,151,151,151,16,16,16],"floor_reached":16,"playtime":352,"items_purged":["Strike_R"],"score":220,"play_id":"827aeacd-3a1a-4435-ad12-e587d23dcbfb","local_time":"20190603210719","is_ascension_mode":true,"campfire_choices":[{"data":"Flex","floor":6.0,"key":"SMITH"},{"data":"Pommel Strike","floor":8.0,"key":"SMITH"},{"data":"Sword Boomerang","floor":13,"key":"SMITH"},{"data":"True Grit","floor":15,"key":"SMITH"}],"neow_cost":"NONE","seed_source_timestamp":107061316409218,"circlet_count":0,"master_deck":["AscendersBane","Strike_R","Strike_R","Defend_R","Defend_R","Defend_R","Defend_R","Bash","Shrug It Off","Pommel Strike+1","Flex+1","Sword Boomerang+1","Battle Trance","True Grit+1","Dropkick"],"special_seed":0,"relics":["Burning Blood","NeowsBlessing","Mummified Hand","The Courier","PreservedInsect"],"potions_floor_usage":[],"damage_taken":[{"damage":0.0,"enemies":"Cultist","floor":1.0,"turns":1.0},{"damage":0.0,"enemies":"Jaw Worm","floor":2.0,"turns":1.0},{"damage":0.0,"enemies":"Small Slimes","floor":3.0,"turns":1.0},{"damage":14.0,"enemies":"Blue Slaver","floor":5.0,"turns":7.0},{"damage":13.0,"enemies":"Gremlin Nob","floor":7.0,"turns":3.0},{"damage":7.0,"enemies":"3 Louse","floor":10.0,"turns":3.0},{"damage":34.0,"enemies":"3 Sentries","floor":11.0,"turns":10.0},{"damage":17,"enemies":"Hexaghost","floor":16,"turns":7}],"seed_played":"1173865563940990167","potions_obtained":[{"floor":2.0,"key":"SpeedPotion"},{"floor":5.0,"key":"SpeedPotion"}],"is_trial":false,"path_per_floor":["M","M","M","?","M","R","E","R","T","M","E","?","R","$","R","B"],"character_chosen":"IRONCLAD","items_purchased":["True Grit","Dropkick"],"campfire_rested":0,"item_purchase_floors":[14,14],"current_hp_per_floor":[74,75,75,75,67,67,60,60,60,59,31,31,31,31,31,14],"gold":16,"neow_bonus":"THREE_ENEMY_KILL","is_prod":false,"is_daily":false,"chose_seed":false,"campfire_upgraded":4,"win_rate":0,"timestamp":1559567239,"path_taken":["M","M","?","?","M","R","E","R","T","M","E","?","R","?","R","BOSS"],"build_version":"2019-01-23","purchased_purges":1,"victory":false,"max_hp_per_floor":[75,75,75,75,75,75,75,75,75,75,75,75,75,75,75,75],"card_choices":[{"not_picked":["Clash","Headbutt"],"picked":"Shrug It Off","floor":1.0},{"not_picked":["Rage","Headbutt","Hemokinesis"],"picked":"SKIP","floor":2.0},{"not_picked":["Iron Wave","True Grit"],"picked":"Pommel Strike","floor":3.0},{"not_picked":["Infernal Blade","Havoc"],"picked":"Flex","floor":5.0},{"not_picked":["Berserk","Rupture","Iron Wave"],"picked":"SKIP","floor":7.0},{"not_picked":["Infernal Blade","Cleave"],"picked":"Sword Boomerang","floor":10.0},{"not_picked":["Carnage","Dual Wield"],"picked":"Battle Trance","floor":11.0}],"player_experience":1849978,"relics_obtained":[{"floor":7.0,"key":"Mummified Hand"},{"floor":9.0,"key":"The Courier"},{"floor":11.0,"key":"PreservedInsect"}],"event_choices":[{"cards_removed":["Strike_R"],"damage_healed":0.0,"max_hp_gain":0.0,"max_hp_loss":0.0,"gold_gain":0.0,"event_name":"The Cleric","player_choice":"Card Removal","floor":4.0,"gold_loss":75.0,"damage_taken":0.0},{"cards_removed":["Strike_R"],"damage_healed":0,"gold_gain":0,"player_choice":"Forget","damage_taken":0,"max_hp_gain":0,"max_hp_loss":0,"event_name":"Living Wall","floor":12,"gold_loss":0}],"is_beta":false,"boss_relics":[],"items_purged_floors":[14],"is_endless":false,"potions_floor_spawned":[2,5,7],"killed_by":"Hexaghost","ascension_level":20}