{"gold_per_floor":[118,138,61,72,72,72,133,133,156,182,182,182],"floor_reached":12,"playtime":642,"items_purged":[],"score":172,"play_id":"2f13f5f6-58ab-4888-a918-fde08115494f","local_time":"20190606012007","is_ascension_mode":true,"campfire_choices":[{"data":"Armaments","floor":6,"key":"SMITH"},{"data":"True Grit","floor":8,"key":"SMITH"}],"neow_cost":"NONE","seed_source_timestamp":294753857508015,"circlet_count":0,"master_deck":["AscendersBane","Strike_R","Strike_R","Strike_R","Strike_R","Strike_R","Defend_R","Defend_R","Defend_R","Defend_R","Bash","Sword Boomerang","Shockwave","True Grit+1","Armaments+1","Body Slam"],"relics":["Burning Blood","NeowsBlessing","Tiny Chest","PreservedInsect"],"potions_floor_usage":[10,10],"damage_taken":[{"damage":0,"enemies":"Jaw Worm","floor":1,"turns":1},{"damage":0,"enemies":"Small Slimes","floor":2,"turns":2},{"damage":0,"enemies":"Cultist","floor":4,"turns":1},{"damage":50,"enemies":"Lagavulin","floor":7,"turns":8},{"damage":23,"enemies":"3 Sentries","floor":10,"turns":6},{"damage":17,"enemies":"Lots of Slimes","floor":12,"turns":4}],"seed_played":"-5132388376452212465","potions_obtained":[{"floor":1,"key":"FearPotion"},{"floor":4,"key":"Poison Potion"}],"is_trial":false,"path_per_floor":["M","M","$","M","?","R","E","R","T","E","?","M"],"character_chosen":"IRONCLAD","items_purchased":["True Grit","Armaments"],"campfire_rested":0,"item_purchase_floors":[3,3],"current_hp_per_floor":[74,75,75,75,75,75,31,31,31,14,14,0],"gold":182,"neow_bonus":"THREE_ENEMY_KILL","is_prod":false,"is_daily":false,"chose_seed":false,"campfire_upgraded":2,"win_rate":0,"timestamp":1559755207,"path_taken":["M","M","$","M","?","R","E","R","T","E","?","M"],"build_version":"2019-01-23","purchased_purges":0,"victory":false,"max_hp_per_floor":[75,75,75,75,75,75,75,75,75,75,75,75],"card_choices":[{"not_picked":["Seeing Red","Entrench"],"picked":"Sword Boomerang","floor":1},{"not_picked":["Entrench","Rage"],"picked":"Shockwave","floor":2},{"not_picked":["Intimidate","Headbutt","Perfected Strike"],"picked":"SKIP","floor":4},{"not_picked":["Clash","True Grit","Whirlwind"],"picked":"SKIP","floor":7},{"not_picked":["Sword Boomerang","Juggernaut"],"picked":"Body Slam","floor":10}],"player_experience":1882240,"relics_obtained":[{"floor":7,"key":"Tiny Chest"},{"floor":9,"key":"PreservedInsect"}],"event_choices":[{"damage_healed":0,"gold_gain":0,"player_choice":"Leave","damage_taken":0,"max_hp_gain":0,"max_hp_loss":0,"event_name":"The Cleric","floor":5,"gold_loss":0},{"damage_healed":0,"gold_gain":0,"player_choice":"Ignored","damage_taken":0,"max_hp_gain":0,"max_hp_loss":0,"event_name":"Liars Game","floor":11,"gold_loss":0}],"is_beta":false,"boss_relics":[],"items_purged_floors":[],"is_endless":false,"potions_floor_spawned":[1,4],"killed_by":"Lots of Slimes","ascension_level":20}