{"gold_per_floor":[17,17,17,17,32,32,32,64,110,110,125,150,150,166,166,239,239,249,249,249,265,279,279,305,305,332,41,41,41,41,60,60,135,135,154,204,37,87,47,47,109,136,136,150,185,235,507,523,523,523,523,523,523,55,87,87],"floor_reached":56,"playtime":2343,"items_purged":["Strike_B"],"score":2118,"play_id":"a00f6272-6894-48b9-83e5-ffc03c4eb5f4","local_time":"20190727164132","is_ascension_mode":true,"campfire_choices":[{"data":"Zap","floor":6.0,"key":"SMITH"},{"data":"Defragment","floor":10.0,"key":"SMITH"},{"data":"Coolheaded","floor":13.0,"key":"SMITH"},{"data":"Sunder","floor":15.0,"key":"SMITH"},{"data":"Recycle","floor":23.0,"key":"SMITH"},{"data":"Turbo","floor":28.0,"key":"SMITH"},{"data":"Dualcast","floor":30.0,"key":"SMITH"},{"data":"Loop","floor":32.0,"key":"SMITH"},{"floor":40.0,"key":"RECALL"},{"data":"Defragment","floor":49.0,"key":"SMITH"},{"data":"Coolheaded","floor":53.0,"key":"SMITH"}],"neow_cost":"NO_GOLD","seed_source_timestamp":770846795050762,"circlet_count":0,"master_deck":["AscendersBane","Defend_B+1","Defend_B+1","Defend_B+1","Zap+1","Dualcast+1","Conserve Battery+1","Coolheaded+1","Defragment+1","Turbo+1","Ball Lightning+1","Sunder+1","Amplify+1","BootSequence+1","Ghostly+1","Ghostly+1","Ghostly+1","Multi-Cast+1","Recycle+1","Self Repair+1","Loop+1","All For One+1","Hologram+1","Tempest","Coolheaded+1","Defragment+1","Glacier"],"special_seed":0,"relics":["Cracked Core","Mummified Hand","Question Card","Happy Flower","Bag of Marbles","Nuclear Battery","Red Mask","Lantern","TheAbacus","SsserpentHead","Runic Pyramid","Mark of the Bloom","Orichalcum","Pen Nib","Oddly Smooth Stone","Medical Kit","Anchor","Incense Burner"],"potions_floor_usage":[56],"damage_taken":[{"damage":0.0,"enemies":"2 Louse","floor":1.0,"turns":3.0},{"damage":0.0,"enemies":"Jaw Worm","floor":5.0,"turns":3.0},{"damage":32.0,"enemies":"3 Sentries","floor":8.0,"turns":11.0},{"damage":0.0,"enemies":"Small Slimes","floor":11.0,"turns":3.0},{"damage":2.0,"enemies":"Lagavulin","floor":12.0,"turns":8.0},{"damage":9.0,"enemies":"Exordium Thugs","floor":14.0,"turns":4.0},{"damage":0.0,"enemies":"Slime Boss","floor":16.0,"turns":6.0},{"damage":11.0,"enemies":"Spheric Guardian","floor":18.0,"turns":4.0},{"damage":0.0,"enemies":"Chosen","floor":21.0,"turns":6.0},{"damage":10.0,"enemies":"3 Cultists","floor":22.0,"turns":5.0},{"damage":0.0,"enemies":"Masked Bandits","floor":24.0,"turns":3.0},{"damage":0.0,"enemies":"Snake Plant","floor":31.0,"turns":2.0},{"damage":9.0,"enemies":"Collector","floor":33.0,"turns":13.0},{"damage":5.0,"enemies":"3 Darklings","floor":35.0,"turns":5.0},{"damage":0.0,"enemies":"3 Shapes","floor":41.0,"turns":3.0},{"damage":0.0,"enemies":"Giant Head","floor":42.0,"turns":6.0},{"damage":0.0,"enemies":"Maw","floor":44.0,"turns":7.0},{"damage":0.0,"enemies":"Reptomancer","floor":45.0,"turns":5.0},{"damage":0.0,"enemies":"Sphere and 2 Shapes","floor":48.0,"turns":5.0},{"damage":0.0,"enemies":"Awakened One","floor":50.0,"turns":15.0},{"damage":1.0,"enemies":"Time Eater","floor":51.0,"turns":9.0},{"damage":5.0,"enemies":"Shield and Spear","floor":55.0,"turns":9.0},{"damage":0,"enemies":"The Heart","floor":56,"turns":2}],"seed_played":"-375997556209609756","potions_obtained":[{"floor":8.0,"key":"Weak Potion"},{"floor":11.0,"key":"Explosive Potion"},{"floor":12.0,"key":"GamblersBrew"},{"floor":21.0,"key":"AttackPotion"},{"floor":42.0,"key":"EssenceOfSteel"},{"floor":45.0,"key":"Explosive Potion"}],"is_trial":false,"path_per_floor":["M","?","T","$","M","R","?","E","T","R","M","E","R","M","R","B",null,"M","?","?","M","M","R","?","?","T","$","R","?","R","M","R","B",null,"M","?","$","?","$","R","M","E","T","M","E","?","?","M","R","B","B",null,"R","$","E","B"],"character_chosen":"DEFECT","items_purchased":["TheAbacus","Orichalcum","Tempest","Medical Kit","FocusPotion","Anchor"],"campfire_rested":0,"item_purchase_floors":[27,37,39,54,54,54],"current_hp_per_floor":[64,64,64,64,64,64,57,25,25,25,25,23,23,14,14,14,57,46,35,35,35,25,25,25,25,25,25,25,25,25,25,25,23,32,34,34,34,34,34,34,34,34,34,34,34,33,33,33,33,33,32,32,32,32,27,27],"gold":87,"neow_bonus":"REMOVE_TWO","is_prod":false,"is_daily":false,"chose_seed":false,"campfire_upgraded":10,"win_rate":0,"timestamp":1564216892,"path_taken":["M","?","?","?","M","R","?","E","T","R","M","E","R","?","R","BOSS","M","?","?","?","M","R","?","?","T","$","R","?","R","M","R","BOSS","M","?","$","?","$","R","?","E","T","M","E","?","?","M","R","BOSS","BOSS","R","$","E","BOSS"],"build_version":"2019-07-17","purchased_purges":1,"victory":false,"max_hp_per_floor":[71,71,71,71,71,71,71,71,71,71,71,71,71,71,71,71,71,71,35,35,35,35,35,35,35,35,35,35,35,35,35,35,35,35,35,35,35,35,35,35,35,35,35,35,35,33,33,33,33,33,33,33,33,33,33,33],"card_choices":[{"not_picked":["Barrage","Redo"],"picked":"Conserve Battery","floor":1.0},{"not_picked":["Leap","Rebound"],"picked":"Coolheaded","floor":5.0},{"not_picked":["Auto Shields","Creative AI"],"picked":"Defragment","floor":8.0},{"not_picked":["Melter","Rebound","Leap"],"picked":"Turbo","floor":11.0},{"not_picked":["Steam","Leap","Rebound"],"picked":"Ball Lightning","floor":12.0},{"not_picked":["Compile Driver","Go for the Eyes","Creative AI"],"picked":"Sunder","floor":14.0},{"not_picked":["Thunder Strike","Seek","Rainbow"],"picked":"Amplify","floor":16.0},{"not_picked":["Hologram","Redo","Conserve Battery"],"picked":"BootSequence+1","floor":18.0},{"not_picked":["Redo","Barrage","Cold Snap"],"picked":"Multi-Cast","floor":21.0},{"not_picked":["Coolheaded","Compile Driver","Echo Form"],"picked":"Recycle","floor":22.0},{"not_picked":["BootSequence","Hello World","Steam"],"picked":"Self Repair","floor":24.0},{"not_picked":["Leap","Cold Snap","Sweeping Beam"],"picked":"Loop","floor":31.0},{"not_picked":["Amplify","Hyperbeam","Creative AI"],"picked":"All For One","floor":33.0},{"not_picked":["Rebound","Ball Lightning","Redo"],"picked":"Hologram+1","floor":35.0},{"not_picked":["Chaos","Hologram+1","Cold Snap"],"picked":"Coolheaded","floor":41.0},{"not_picked":["Hello World","Coolheaded","Sweeping Beam","Steam"],"picked":"SKIP","floor":42.0},{"not_picked":["Reinforced Body","Reboot","FTL","Ball Lightning"],"picked":"SKIP","floor":44.0},{"not_picked":["Genetic Algorithm+1","Rebound+1","Force Field+1"],"picked":"Defragment","floor":45.0},{"not_picked":["Cold Snap+1","Static Discharge","Rebound","Ball Lightning"],"picked":"SKIP","floor":48.0},{"not_picked":["Lockon+1","Hologram+1","Melter"],"picked":"Glacier","floor":55.0}],"player_experience":2083620,"relics_obtained":[{"floor":3.0,"key":"Mummified Hand"},{"floor":8.0,"key":"Question Card"},{"floor":9.0,"key":"Happy Flower"},{"floor":12.0,"key":"Bag of Marbles"},{"floor":24.0,"key":"Red Mask"},{"floor":26.0,"key":"Lantern"},{"floor":42.0,"key":"Pen Nib"},{"floor":45.0,"key":"Oddly Smooth Stone"},{"floor":55.0,"key":"Incense Burner"}],"event_choices":[{"damage_healed":0.0,"max_hp_gain":0.0,"max_hp_loss":0.0,"gold_gain":0.0,"cards_transformed":["Strike_B"],"event_name":"Living Wall","player_choice":"Change","floor":2.0,"gold_loss":0.0,"damage_taken":0.0,"cards_obtained":["Machine Learning"]},{"cards_removed":["Defend_B"],"damage_healed":0.0,"max_hp_gain":0.0,"max_hp_loss":0.0,"gold_gain":0.0,"event_name":"Golden Wing","player_choice":"Card Removal","floor":7.0,"gold_loss":0.0,"damage_taken":7.0},{"damage_healed":0.0,"max_hp_gain":0.0,"max_hp_loss":36.0,"gold_gain":0.0,"event_name":"Ghosts","player_choice":"Became a Ghost","floor":19.0,"gold_loss":0.0,"damage_taken":0.0,"cards_obtained":["Ghostly","Ghostly","Ghostly"]},{"damage_healed":0.0,"max_hp_gain":0.0,"max_hp_loss":0.0,"gold_gain":0.0,"event_name":"N\u0027loth","player_choice":"Ignored","floor":20.0,"gold_loss":0.0,"damage_taken":0.0},{"damage_healed":0.0,"max_hp_gain":0.0,"max_hp_loss":0.0,"gold_gain":0.0,"event_name":"Masked Bandits","player_choice":"Fought Bandits","floor":24.0,"gold_loss":0.0,"damage_taken":0.0},{"damage_healed":0.0,"max_hp_gain":0.0,"max_hp_loss":0.0,"gold_gain":0.0,"event_name":"The Mausoleum","player_choice":"Ignored","floor":25.0,"gold_loss":0.0,"damage_taken":0.0},{"damage_healed":0.0,"max_hp_gain":0.0,"max_hp_loss":0.0,"gold_gain":0.0,"event_name":"FaceTrader","player_choice":"Trade","floor":29.0,"gold_loss":0.0,"damage_taken":0.0,"relics_obtained":["SsserpentHead"]},{"damage_healed":0.0,"max_hp_gain":0.0,"max_hp_loss":0.0,"gold_gain":0.0,"event_name":"MindBloom","player_choice":"Upgrade","floor":36.0,"gold_loss":0.0,"damage_taken":0.0,"cards_upgraded":["Defend_B","Defend_B","Defend_B","Conserve Battery","Machine Learning","Ball Lightning","Amplify","Ghostly","Ghostly","Ghostly","Multi-Cast","Self Repair","All For One"],"relics_obtained":["Mark of the Bloom"]},{"cards_removed":["Machine Learning"],"damage_healed":0.0,"max_hp_gain":0.0,"max_hp_loss":0.0,"gold_gain":0.0,"event_name":"Falling","player_choice":"Removed Power","floor":38.0,"gold_loss":0.0,"damage_taken":0.0},{"damage_healed":0.0,"max_hp_gain":0.0,"max_hp_loss":2.0,"gold_gain":0.0,"event_name":"Winding Halls","player_choice":"Max HP","floor":46.0,"gold_loss":0.0,"damage_taken":0.0},{"damage_healed":0.0,"max_hp_gain":0.0,"max_hp_loss":0.0,"gold_gain":222.0,"event_name":"Tomb of Lord Red Mask","player_choice":"Wore Mask","floor":47.0,"gold_loss":0.0,"damage_taken":0.0}],"is_beta":false,"boss_relics":[{"not_picked":["Empty Cage","Calling Bell"],"picked":"Nuclear Battery"},{"not_picked":["Sozu","Eternal Feather"],"picked":"Runic Pyramid"}],"items_purged_floors":[27],"is_endless":false,"potions_floor_spawned":[8,11,12,14,18,21,22,42,45],"killed_by":"The Heart","ascension_level":20}