{"gold_per_floor":[116,116,131,34,49,49,69,69,69,96,106,106,281,315,315,411,411,422,15,35,45,60,60,77,107,159,191,34,34,53,78,78,176,176,194,211,8,26,36,65,78,108,160,175,175,0,18,33,33,33],"floor_reached":50,"playtime":5385,"items_purged":["Doubt"],"score":607,"play_id":"0f026a4e-ef0b-4d40-89d0-591244c394e3","local_time":"20190710213954","is_ascension_mode":true,"campfire_choices":[{"data":"Infernal Blade","floor":6,"key":"SMITH"},{"data":"Thunderclap","floor":8,"key":"SMITH"},{"floor":15,"key":"REST"},{"data":"Clash","floor":23,"key":"SMITH"},{"floor":32,"key":"REST"},{"floor":49,"key":"REST"}],"neow_cost":"NONE","seed_source_timestamp":230493253300800,"circlet_count":0,"master_deck":["Strike_R","Strike_R","Strike_R","Strike_R","Strike_R","Defend_R","Defend_R+1","Defend_R","Defend_R+1","Bash","Clash","Infernal Blade+1","Swift Strike","Clash+1","Thunderclap+1","Shockwave+1","Pummel","Double Tap+1","Bludgeon","Battle Trance+1","Flash of Steel","Shrug It Off+1","Heavy Blade","Flex+1","Battle Trance+1","Double Tap+1","Uppercut","Cleave","Hemokinesis+1","Infernal Blade+1","Armaments+1"],"relics":["Burning Blood","Dodecahedron","Toxic Egg 2","Darkstone Periapt","Kunai","Busted Crown","Toy Ornithopter","Boot","Happy Flower","Juzu Bracelet","Bag of Marbles","Blue Candle","Fusion Hammer","Orichalcum","Calipers","Ancient Tea Set","War Paint","Red Mask"],"potions_floor_usage":[1,10,10,14,21,22,22,25,30,36,39,40,40,40],"damage_taken":[{"damage":3,"enemies":"Jaw Worm","floor":1,"turns":4},{"damage":0,"enemies":"2 Louse","floor":3,"turns":2},{"damage":2,"enemies":"Small Slimes","floor":5,"turns":3},{"damage":7,"enemies":"Blue Slaver","floor":7,"turns":2},{"damage":21,"enemies":"Lagavulin","floor":10,"turns":4},{"damage":0,"enemies":"2 Fungi Beasts","floor":11,"turns":3},{"damage":24,"enemies":"3 Sentries","floor":14,"turns":7},{"damage":26,"enemies":"Slime Boss","floor":16,"turns":10},{"damage":0,"enemies":"Shell Parasite","floor":18,"turns":1},{"damage":4,"enemies":"Spheric Guardian","floor":20,"turns":3},{"damage":18,"enemies":"Snake Plant","floor":21,"turns":3},{"damage":6,"enemies":"Snecko","floor":22,"turns":3},{"damage":6,"enemies":"Cultist and Chosen","floor":24,"turns":3},{"damage":14,"enemies":"Slavers","floor":25,"turns":3},{"damage":16,"enemies":"Book of Stabbing","floor":27,"turns":2},{"damage":15,"enemies":"Shelled Parasite and Fungi","floor":30,"turns":2},{"damage":23,"enemies":"Slavers","floor":31,"turns":4},{"damage":44,"enemies":"Champ","floor":33,"turns":6},{"damage":6,"enemies":"Orb Walker","floor":35,"turns":2},{"damage":18,"enemies":"3 Darklings","floor":36,"turns":3},{"damage":10,"enemies":"Writhing Mass","floor":38,"turns":2},{"damage":1,"enemies":"4 Shapes","floor":39,"turns":2},{"damage":26,"enemies":"Giant Head","floor":40,"turns":6},{"damage":15,"enemies":"Spire Growth","floor":41,"turns":3},{"damage":26,"enemies":"Reptomancer","floor":42,"turns":5},{"damage":29,"enemies":"Writhing Mass","floor":44,"turns":3},{"damage":3,"enemies":"Maw","floor":47,"turns":5},{"damage":0,"enemies":"Transient","floor":48,"turns":5},{"damage":83,"enemies":"Time Eater","floor":50,"turns":7}],"seed_played":"5961038472933581969","potions_obtained":[{"floor":0,"key":"Strength Potion"},{"floor":0,"key":"Dexterity Potion"},{"floor":0,"key":"Weak Potion"},{"floor":1,"key":"Explosive Potion"},{"floor":7,"key":"Fruit Juice"},{"floor":16,"key":"EssenceOfSteel"},{"floor":18,"key":"Fire Potion"},{"floor":21,"key":"EssenceOfSteel"},{"floor":27,"key":"PowerPotion"},{"floor":33,"key":"LiquidBronze"},{"floor":35,"key":"FearPotion"},{"floor":38,"key":"Swift Potion"},{"floor":39,"key":"LiquidBronze"}],"is_trial":false,"path_per_floor":["M","?","M","$","M","R","M","R","T","E","M","?","?","E","R","B",null,"M","$","M","M","M","R","M","E","T","E","$","?","M","E","R","B",null,"M","M","$","M","M","E","M","E","T","M","?","?","M","M","R","B"],"character_chosen":"IRONCLAD","items_purchased":["Swift Strike","Toy Ornithopter","Energy Potion","Flash of Steel","Bag of Marbles","Orichalcum","Poison Potion"],"campfire_rested":3,"item_purchase_floors":[4,19,19,19,28,37,37],"current_hp_per_floor":[80,80,80,80,80,80,79,79,79,69,75,68,74,56,83,63,91,91,91,91,84,91,91,91,88,88,78,78,78,74,57,84,46,91,91,84,84,80,90,85,76,56,56,33,33,33,36,42,69,0],"gold":33,"neow_bonus":"THREE_SMALL_POTIONS","is_prod":false,"is_daily":false,"chose_seed":false,"campfire_upgraded":3,"win_rate":0,"timestamp":1562812794,"path_taken":["M","?","M","$","M","R","M","R","T","E","M","?","?","E","R","BOSS","M","$","M","M","M","R","M","E","T","E","$","?","M","E","R","BOSS","M","M","$","M","M","E","M","E","T","M","?","?","M","M","R","BOSS"],"build_version":"2019-07-05","purchased_purges":1,"victory":false,"max_hp_per_floor":[80,80,80,80,80,80,80,80,80,85,85,85,91,91,91,91,91,91,91,91,91,91,91,91,91,91,91,91,91,91,91,91,91,91,91,91,91,91,91,91,91,91,91,91,91,91,91,91,91,91],"card_choices":[{"not_picked":["Corruption","Heavy Blade"],"picked":"Clash","floor":1},{"not_picked":["Evolve","Bloodletting"],"picked":"Infernal Blade","floor":3},{"not_picked":["Corruption","Rage"],"picked":"Clash","floor":5},{"not_picked":["Uppercut","Perfected Strike"],"picked":"Thunderclap","floor":7},{"not_picked":["Rampage","Metallicize"],"picked":"Shockwave","floor":10},{"not_picked":["Berserk","Clothesline"],"picked":"Pummel","floor":11},{"not_picked":["Clothesline","Thunderclap"],"picked":"Double Tap+1","floor":14},{"not_picked":["Barricade","Juggernaut"],"picked":"Bludgeon","floor":16},{"not_picked":[],"picked":"Battle Trance+1","floor":18},{"not_picked":[],"picked":"Shrug It Off+1","floor":20},{"not_picked":["Blood for Blood"],"picked":"SKIP","floor":21},{"not_picked":[],"picked":"Heavy Blade","floor":22},{"not_picked":["Sentinel+1"],"picked":"SKIP","floor":24},{"not_picked":[],"picked":"Flex+1","floor":25},{"not_picked":[],"picked":"Battle Trance+1","floor":27},{"not_picked":["Power Through+1"],"picked":"SKIP","floor":30},{"not_picked":["Berserk"],"picked":"SKIP","floor":31},{"not_picked":[],"picked":"Double Tap+1","floor":33},{"not_picked":["Wild Strike+1"],"picked":"SKIP","floor":35},{"not_picked":[],"picked":"Uppercut","floor":36},{"not_picked":[],"picked":"Cleave","floor":38},{"not_picked":["Metallicize"],"picked":"SKIP","floor":39},{"not_picked":["Bloodletting+1"],"picked":"SKIP","floor":40},{"not_picked":[],"picked":"Hemokinesis+1","floor":41},{"not_picked":["Heavy Blade"],"picked":"SKIP","floor":42},{"not_picked":[],"picked":"Infernal Blade+1","floor":44},{"not_picked":[],"picked":"Armaments+1","floor":47},{"not_picked":["Armaments+1"],"picked":"SKIP","floor":48}],"player_experience":80442,"relics_obtained":[{"floor":9,"key":"Dodecahedron"},{"floor":10,"key":"Toxic Egg 2"},{"floor":14,"key":"Kunai"},{"floor":25,"key":"Boot"},{"floor":26,"key":"Happy Flower"},{"floor":27,"key":"Juzu Bracelet"},{"floor":31,"key":"Blue Candle"},{"floor":40,"key":"Calipers"},{"floor":42,"key":"Ancient Tea Set"},{"floor":43,"key":"War Paint"}],"event_choices":[{"damage_healed":0,"gold_gain":0,"player_choice":"Leave","damage_taken":0,"max_hp_gain":0,"max_hp_loss":0,"event_name":"The Cleric","floor":2,"gold_loss":0},{"damage_healed":0,"gold_gain":0,"player_choice":"Success","damage_taken":7,"relics_obtained":["Darkstone Periapt"],"max_hp_gain":0,"max_hp_loss":0,"event_name":"Scrap Ooze","floor":12,"gold_loss":0},{"damage_healed":0,"gold_gain":175,"player_choice":"AGREE","damage_taken":0,"max_hp_gain":0,"max_hp_loss":0,"event_name":"Liars Game","floor":13,"gold_loss":0,"cards_obtained":["Doubt"]},{"damage_healed":0,"gold_gain":0,"player_choice":"Memory 1","damage_taken":0,"max_hp_gain":0,"max_hp_loss":0,"event_name":"SensoryStone","floor":45,"gold_loss":0},{"damage_healed":0,"gold_gain":0,"player_choice":"Paid","damage_taken":0,"relics_obtained":["Red Mask"],"max_hp_gain":0,"max_hp_loss":0,"event_name":"Tomb of Lord Red Mask","floor":46,"gold_loss":175}],"is_beta":false,"boss_relics":[{"not_picked":["Mark of Pain","Ectoplasm"],"picked":"Busted Crown"},{"not_picked":["Runic Pyramid","Velvet Choker"],"picked":"Fusion Hammer"}],"items_purged_floors":[19],"is_endless":false,"potions_floor_spawned":[1,7,16,18,20,21,27,33,35,38,39],"killed_by":"Time Eater","ascension_level":1}