{"gold_per_floor":[114,33,33,33,52,84,28,40,40,40,40,57,7,26,26,26],"floor_reached":16,"playtime":317,"items_purged":["Strike_B"],"score":250,"play_id":"64b247f0-8eb1-4016-9f79-bbdc2de1c42f","local_time":"20190527173130","is_ascension_mode":true,"campfire_choices":[{"data":"Zap","floor":10,"key":"SMITH"},{"data":"Chaos","floor":15,"key":"SMITH"}],"neow_cost":"NONE","seed_source_timestamp":169484707338068,"circlet_count":0,"master_deck":["AscendersBane","Strike_B","Strike_B","Defend_B","Defend_B","Defend_B","Defend_B","Zap+1","Dualcast","Compile Driver","Heatsinks","Hologram","Auto Shields","Turbo","Skim","Chaos+1","Conserve Battery"],"special_seed":0,"relics":["Cracked Core","NeowsBlessing","Matryoshka","Ornamental Fan","Frozen Egg 2","Smiling Mask"],"potions_floor_usage":[16,16],"damage_taken":[{"damage":0.0,"enemies":"Jaw Worm","floor":1.0,"turns":1.0},{"damage":0,"enemies":"Cultist","floor":5,"turns":1},{"damage":0,"enemies":"Lagavulin","floor":6,"turns":1},{"damage":10,"enemies":"2 Louse","floor":8,"turns":4},{"damage":8,"enemies":"Gremlin Gang","floor":12,"turns":6},{"damage":25,"enemies":"Large Slime","floor":14,"turns":5},{"damage":8,"enemies":"Hexaghost","floor":16,"turns":9}],"seed_played":"7198135422196580931","potions_obtained":[{"floor":5,"key":"SpeedPotion"},{"floor":6,"key":"Weak Potion"},{"floor":14,"key":"AttackPotion"}],"is_trial":false,"path_per_floor":["M","$","?","?","M","E","$","M","T","R","?","M","$","M","R","B"],"character_chosen":"DEFECT","items_purchased":["Heatsinks","Turbo"],"campfire_rested":0,"item_purchase_floors":[2,7],"current_hp_per_floor":[64,64,64,64,64,64,64,54,54,54,36,28,28,3,3,0],"gold":26,"neow_bonus":"THREE_ENEMY_KILL","is_prod":false,"is_daily":false,"chose_seed":false,"campfire_upgraded":2,"win_rate":0,"timestamp":1558949490,"path_taken":["M","$","?","?","?","E","?","M","T","R","?","M","$","M","R","BOSS"],"build_version":"2019-01-23","purchased_purges":1,"victory":false,"max_hp_per_floor":[71,71,71,71,71,71,71,71,71,71,71,71,71,71,71,71],"card_choices":[{"not_picked":["Steam","Stack"],"picked":"Compile Driver","floor":1.0},{"not_picked":["Sweeping Beam","Hologram","Leap"],"picked":"SKIP","floor":5},{"not_picked":["Gash","Doom and Gloom"],"picked":"Auto Shields","floor":6},{"not_picked":["Leap","Redo"],"picked":"Skim","floor":8},{"not_picked":["Tempest","Coolheaded"],"picked":"Chaos","floor":12},{"not_picked":["Force Field","BootSequence"],"picked":"Conserve Battery","floor":14}],"player_experience":1776025,"relics_obtained":[{"floor":6,"key":"Matryoshka"},{"floor":9,"key":"Ornamental Fan"},{"floor":9,"key":"Frozen Egg 2"}],"event_choices":[{"damage_healed":0.0,"max_hp_gain":0.0,"max_hp_loss":0.0,"gold_gain":0.0,"event_name":"Liars Game","player_choice":"Ignored","floor":3.0,"gold_loss":0.0,"damage_taken":0.0},{"damage_healed":0,"gold_gain":0,"cards_transformed":["Strike_B"],"player_choice":"Transformed","damage_taken":0,"max_hp_gain":0,"max_hp_loss":0,"event_name":"Transmorgrifier","floor":4,"gold_loss":0,"cards_obtained":["Hologram"]},{"damage_healed":0,"gold_gain":0,"player_choice":"Success","damage_taken":18,"relics_obtained":["Smiling Mask"],"max_hp_gain":0,"max_hp_loss":0,"event_name":"Scrap Ooze","floor":11,"gold_loss":0}],"is_beta":false,"boss_relics":[],"items_purged_floors":[13],"is_endless":false,"potions_floor_spawned":[5,6,14],"killed_by":"Hexaghost","ascension_level":20}