{"gold_per_floor":[10,10,28,28,41,41,41,68,68,68,103,119,44,44],"floor_reached":14,"playtime":281,"items_purged":[],"score":196,"play_id":"fa4525ea-c245-4f2b-908d-d70deeea9b93","local_time":"20190604031144","is_ascension_mode":true,"campfire_choices":[{"data":"Zap","floor":6,"key":"SMITH"},{"data":"Heatsinks","floor":10,"key":"SMITH"}],"neow_cost":"NO_GOLD","seed_source_timestamp":0,"circlet_count":0,"master_deck":["AscendersBane","Strike_B","Strike_B","Strike_B","Defend_B","Defend_B","Defend_B","Defend_B","Zap+1","Dualcast","Electrodynamics","Heatsinks+1","White Noise","Cold Snap","Hologram","Echo Form","Defragment"],"special_seed":0,"relics":["Cracked Core","Emotion Chip","Mummified Hand","Question Card","Lantern"],"potions_floor_usage":[14],"damage_taken":[{"damage":0,"enemies":"Cultist","floor":1,"turns":3},{"damage":5,"enemies":"2 Louse","floor":3,"turns":2},{"damage":1,"enemies":"Small Slimes","floor":5,"turns":3},{"damage":23,"enemies":"Gremlin Nob","floor":8,"turns":4},{"damage":1,"enemies":"Lagavulin","floor":11,"turns":6},{"damage":20,"enemies":"3 Louse","floor":12,"turns":2},{"damage":0,"enemies":"Gremlin Gang","floor":14,"turns":1}],"seed_played":"-2035193106742474994","potions_obtained":[{"floor":8,"key":"SpeedPotion"},{"floor":12,"key":"Regen Potion"}],"is_trial":false,"path_per_floor":["M","?","M","?","M","R","?","E","T","R","E","M","$","M"],"character_chosen":"DEFECT","items_purchased":["Defragment"],"campfire_rested":0,"item_purchase_floors":[13],"current_hp_per_floor":[64,69,64,46,45,45,45,22,22,22,21,1,1,6],"gold":44,"neow_bonus":"THREE_RARE_CARDS","is_prod":false,"is_daily":false,"chose_seed":false,"campfire_upgraded":2,"win_rate":0,"timestamp":1559589104,"path_taken":["M","?","M","?","M","R","?","E","T","R","E","M","$","M"],"build_version":"2019-01-23","purchased_purges":0,"victory":false,"max_hp_per_floor":[71,76,76,76,76,76,76,76,76,76,76,76,76,76],"card_choices":[{"not_picked":["Creative AI","Seek"],"picked":"Electrodynamics","floor":0},{"not_picked":["Steam","Gash"],"picked":"Heatsinks","floor":1},{"not_picked":["Reprogram","Leap"],"picked":"White Noise","floor":3},{"not_picked":["Fusion","Sweeping Beam"],"picked":"Cold Snap","floor":5},{"not_picked":["Go for the Eyes","Scrape","Hologram"],"picked":"SKIP","floor":8},{"not_picked":["Leap","Go for the Eyes","Hologram"],"picked":"Echo Form","floor":11},{"not_picked":["Streamline","Beam Cell","Cold Snap","Sweeping Beam"],"picked":"SKIP","floor":12}],"player_experience":1863609,"relics_obtained":[{"floor":8,"key":"Mummified Hand"},{"floor":9,"key":"Question Card"},{"floor":11,"key":"Lantern"}],"event_choices":[{"damage_healed":0,"gold_gain":0,"player_choice":"Donut","damage_taken":0,"max_hp_gain":5,"max_hp_loss":0,"event_name":"Big Fish","floor":2,"gold_loss":0},{"damage_healed":0,"gold_gain":0,"player_choice":"Success","damage_taken":18,"relics_obtained":["Emotion Chip"],"max_hp_gain":0,"max_hp_loss":0,"event_name":"Scrap Ooze","floor":4,"gold_loss":0},{"damage_healed":0,"gold_gain":0,"cards_transformed":["Strike_B"],"player_choice":"Change","damage_taken":0,"max_hp_gain":0,"max_hp_loss":0,"event_name":"Living Wall","floor":7,"gold_loss":0,"cards_obtained":["Hologram"]}],"is_beta":false,"boss_relics":[],"items_purged_floors":[],"is_endless":false,"potions_floor_spawned":[8,12],"killed_by":"Gremlin Gang","ascension_level":20}