{"gold_per_floor":[117,117,134,153,173,207,217,217,242,257,257,312,312,338,338,437,437,455,455,470,470,487,487,487],"floor_reached":24,"playtime":1315,"items_purged":[],"score":322,"play_id":"006569a0-e62c-4bd0-a4c7-2d5d9805bc32","local_time":"20180720191754","is_ascension_mode":true,"campfire_choices":[{"data":"Dualcast","floor":8,"key":"SMITH"},{"floor":11,"key":"REST"},{"data":"Turbo","floor":13,"key":"SMITH"},{"data":"Coolheaded","floor":15,"key":"SMITH"},{"data":"Coolheaded","floor":23,"key":"SMITH"}],"neow_cost":"","seed_source_timestamp":108268039713774,"circlet_count":0,"master_deck":["Strike_B","Strike_B","Strike_B","Strike_B+1","Defend_B","Defend_B","Defend_B","Defend_B","Zap+1","Dualcast+1","Cold Snap","Turbo+1","FTL","Conserve Battery","Ball Lightning","Ball Lightning","Sweeping Beam","Core Surge","Coolheaded+1","Echo Form","Loop+1","Auto Shields","Coolheaded+1"],"relics":["Cracked Core","Bag of Marbles","Omamori","Tiny Chest","Lantern","Cursed Key","Symbiotic Virus","Ornamental Fan"],"potions_floor_usage":[5,6,16,24],"damage_taken":[{"damage":2,"enemies":"Jaw Worm","floor":1,"turns":3},{"damage":0,"enemies":"Small Slimes","floor":3,"turns":2},{"damage":0,"enemies":"Cultist","floor":4,"turns":2},{"damage":4,"enemies":"Red Slaver","floor":5,"turns":3},{"damage":17,"enemies":"Gremlin Nob","floor":6,"turns":3},{"damage":11,"enemies":"Blue Slaver","floor":7,"turns":2},{"damage":11,"enemies":"Looter","floor":10,"turns":2},{"damage":8,"enemies":"Lagavulin","floor":12,"turns":4},{"damage":11,"enemies":"3 Sentries","floor":14,"turns":4},{"damage":0,"enemies":"Slime Boss","floor":16,"turns":6},{"damage":32,"enemies":"2 Thieves","floor":18,"turns":3},{"damage":7,"enemies":"Shell Parasite","floor":20,"turns":3},{"damage":10,"enemies":"Snecko","floor":22,"turns":5},{"damage":36,"enemies":"Gremlin Leader","floor":24,"turns":5}],"seed_played":"6746526607305425120","potions_obtained":[{"floor":3,"key":"FocusPotion"},{"floor":4,"key":"Fire Potion"},{"floor":14,"key":"PowerPotion"},{"floor":20,"key":"Ancient Potion"},{"floor":22,"key":"Fruit Juice"}],"is_trial":false,"path_per_floor":["M","?","M","M","M","E","M","R","T","M","R","E","R","E","R","B",null,"M","T","M","?","M","R"],"character_chosen":"DEFECT","items_purchased":[],"campfire_rested":1,"item_purchase_floors":[],"current_hp_per_floor":[73,58,58,58,54,37,26,26,26,15,37,29,29,18,18,18,75,43,43,36,36,26,26,0],"gold":487,"neow_bonus":"","is_prod":false,"is_daily":false,"chose_seed":false,"campfire_upgraded":4,"win_rate":0,"timestamp":1532128674,"path_taken":["M","?","M","M","M","E","M","R","T","?","R","E","R","E","R","BOSS","M","?","M","?","M","R","E"],"build_version":"2018-07-19v2","purchased_purges":0,"victory":false,"max_hp_per_floor":[75,75,75,75,75,75,75,75,75,75,75,75,75,75,75,75,75,75,75,75,75,75,75,80],"card_choices":[{"not_picked":["Gash","Barrage"],"picked":"Cold Snap","floor":1},{"not_picked":["Streamline","Sweeping Beam"],"picked":"Turbo","floor":3},{"not_picked":["Scrape","Barrage"],"picked":"FTL","floor":4},{"not_picked":["Rebound","Steam"],"picked":"Conserve Battery","floor":5},{"not_picked":["Amplify","Doom and Gloom"],"picked":"Ball Lightning","floor":6},{"not_picked":["Compile Driver","Consume"],"picked":"Ball Lightning","floor":7},{"not_picked":["Loop","Barrage"],"picked":"Sweeping Beam","floor":10},{"not_picked":["Force Field","Fusion"],"picked":"Core Surge","floor":12},{"not_picked":["Steam","Blizzard"],"picked":"Coolheaded","floor":14},{"not_picked":["All For One","Hyperbeam"],"picked":"Echo Form","floor":16},{"not_picked":["Sweeping Beam","Sunder"],"picked":"Loop+1","floor":18},{"not_picked":["Gash","Fusion"],"picked":"Auto Shields","floor":20},{"not_picked":["Darkness+1","Go for the Eyes"],"picked":"Coolheaded","floor":22}],"player_experience":202739,"relics_obtained":[{"floor":6,"key":"Bag of Marbles"},{"floor":9,"key":"Omamori"},{"floor":12,"key":"Tiny Chest"},{"floor":14,"key":"Lantern"},{"floor":19,"key":"Symbiotic Virus"}],"event_choices":[{"event_name":"Shining Light","player_choice":"Entered Light","floor":2,"damage_taken":0},{"event_name":"The Mausoleum","player_choice":"Yes","floor":21,"damage_taken":0}],"is_beta":false,"boss_relics":[{"not_picked":["Tiny House","Snecko Eye"],"picked":"Cursed Key"}],"items_purged_floors":[],"is_endless":false,"potions_floor_spawned":[3,4,14,20,22],"killed_by":"Gremlin Leader","ascension_level":4}