{"gold_per_floor":[110,110,110,125,145,145,176,195,195,195,195,83,98,70,70,70],"floor_reached":16,"playtime":453,"items_purged":["Strike_G"],"score":200,"play_id":"d887e8cf-a789-4424-9776-a2758dfd74f3","local_time":"20190526130916","is_ascension_mode":true,"campfire_choices":[{"data":"Malaise","floor":6,"key":"SMITH"},{"data":"Deadly Poison","floor":11,"key":"SMITH"},{"floor":15,"key":"REST"}],"neow_cost":"NONE","seed_source_timestamp":43800580426208,"circlet_count":0,"master_deck":["AscendersBane","Defend_G","Defend_G","Defend_G","Defend_G","Defend_G","Strike_G","Strike_G","Strike_G","Strike_G","Survivor","Neutralize","Backflip","Malaise+1","Deadly Poison+1","Backstab","All Out Attack","Backflip","Footwork+1","Poisoned Stab","Deflect"],"relics":["Ring of the Snake","NeowsBlessing","Golden Idol","Shuriken","Frozen Egg 2","NlothsMask"],"potions_floor_usage":[16],"damage_taken":[{"damage":0,"enemies":"Jaw Worm","floor":1,"turns":1},{"damage":0,"enemies":"2 Louse","floor":4,"turns":1},{"damage":0,"enemies":"Cultist","floor":5,"turns":1},{"damage":26,"enemies":"Lagavulin","floor":7,"turns":10},{"damage":0,"enemies":"3 Louse","floor":8,"turns":2},{"damage":2,"enemies":"Lots of Slimes","floor":13,"turns":4},{"damage":38,"enemies":"Slime Boss","floor":16,"turns":9}],"seed_played":"-880604962731570302","potions_obtained":[{"floor":1,"key":"GamblersBrew"},{"floor":4,"key":"Ancient Potion"}],"is_trial":false,"path_per_floor":["M","?","?","M","M","R","E","M","T","?","R","$","M","$","R","B"],"character_chosen":"THE_SILENT","items_purchased":["Footwork+1","Deflect"],"campfire_rested":1,"item_purchase_floors":[12,14],"current_hp_per_floor":[59,36,36,36,36,36,10,10,10,10,10,10,8,8,27,0],"gold":70,"neow_bonus":"THREE_ENEMY_KILL","is_prod":false,"is_daily":false,"chose_seed":false,"campfire_upgraded":2,"win_rate":0,"timestamp":1558890556,"path_taken":["M","?","?","M","?","R","E","M","T","?","R","$","?","$","R","BOSS"],"build_version":"2019-01-23","purchased_purges":1,"victory":false,"max_hp_per_floor":[66,66,66,66,66,66,66,66,66,66,66,66,66,66,66,66],"card_choices":[{"not_picked":["Catalyst","Outmaneuver"],"picked":"Backflip","floor":1},{"not_picked":["Escape Plan","Infinite Blades"],"picked":"Deadly Poison","floor":4},{"not_picked":["Slice","Deflect"],"picked":"Backstab","floor":5},{"not_picked":["Acrobatics","Endless Agony"],"picked":"All Out Attack","floor":7},{"not_picked":["Finisher","Quick Slash"],"picked":"Backflip","floor":8},{"not_picked":["Infinite Blades+1","Dagger Spray"],"picked":"Poisoned Stab","floor":13}],"player_experience":1441556,"relics_obtained":[{"floor":7,"key":"Shuriken"},{"floor":9,"key":"Frozen Egg 2"}],"event_choices":[{"damage_healed":0,"gold_gain":0,"player_choice":"Take Damage","damage_taken":23,"relics_obtained":["Golden Idol"],"max_hp_gain":0,"max_hp_loss":0,"event_name":"Golden Idol","floor":2,"gold_loss":0},{"damage_healed":0,"gold_gain":0,"player_choice":"1 cards matched","damage_taken":0,"max_hp_gain":0,"max_hp_loss":0,"event_name":"Match and Keep!","floor":3,"gold_loss":0,"cards_obtained":["Malaise"]},{"damage_healed":0,"gold_gain":0,"player_choice":"Trade","damage_taken":0,"relics_obtained":["NlothsMask"],"max_hp_gain":0,"max_hp_loss":0,"event_name":"FaceTrader","floor":10,"gold_loss":0}],"is_beta":false,"boss_relics":[],"items_purged_floors":[12],"is_endless":false,"potions_floor_spawned":[1,4],"killed_by":"Slime Boss","ascension_level":20}