{"gold_per_floor":[16,16,35,110,130,130,149,182,182,22,41,41,67,367,367,438,438,454,474,493,14,64,64,64,81,104,84,84,102,102,102,102,176,176,186,205,205,205,217,217,247,247,247,273,14,14,14,25,25,25,25],"floor_reached":51,"playtime":1974,"items_purged":["Strike_B","Defend_B","Ball Lightning+1"],"score":1501,"play_id":"c08c1146-337f-476d-90e3-f114c013e9aa","local_time":"20190719111144","is_ascension_mode":true,"campfire_choices":[{"data":"Fission","floor":6.0,"key":"SMITH"},{"data":"Coolheaded","floor":12.0,"key":"SMITH"},{"data":"Recycle","floor":15.0,"key":"SMITH"},{"data":"Fusion","floor":23.0,"key":"SMITH"},{"data":"Defragment","floor":28.0,"key":"SMITH"},{"data":"Heatsinks","floor":30.0,"key":"SMITH"},{"data":"Turbo","floor":32.0,"key":"SMITH"},{"floor":40.0,"key":"RECALL"},{"floor":42.0,"key":"REST"},{"data":"Recycle","floor":47.0,"key":"SMITH"},{"data":"Skim","floor":49.0,"key":"SMITH"}],"neow_cost":"NO_GOLD","seed_source_timestamp":0,"circlet_count":0,"master_deck":["AscendersBane","Defend_B+1","Zap+1","Dualcast+1","Chill+1","Fission+1","Compile Driver+1","Self Repair+1","Coolheaded+1","Lockon+1","Multi-Cast+1","Recycle+1","Sunder+1","Turbo+1","Double Energy+1","Core Surge+1","Go for the Eyes+1","Cold Snap+1","Fusion+1","Defragment+1","White Noise+1","Compile Driver+1","Heatsinks+1","Machine Learning+1","Amplify+1","Creative AI+1","Ball Lightning+1","Reinforced Body+1","Discovery+1","Compile Driver+1","Compile Driver+1","Recycle+1","Hologram","Skim+1"],"special_seed":0,"relics":["Cracked Core","Molten Egg 2","Gremlin Horn","Old Coin","Orrery","Calipers","Centennial Puzzle","Astrolabe","Mark of the Bloom","Lantern","Ornamental Fan","Regal Pillow","Oddly Smooth Stone"],"potions_floor_usage":[],"damage_taken":[{"damage":5.0,"enemies":"2 Louse","floor":1.0,"turns":2.0},{"damage":0.0,"enemies":"Jaw Worm","floor":3.0,"turns":4.0},{"damage":12.0,"enemies":"Small Slimes","floor":5.0,"turns":3.0},{"damage":2.0,"enemies":"Red Slaver","floor":7.0,"turns":3.0},{"damage":23.0,"enemies":"Lagavulin","floor":8.0,"turns":7.0},{"damage":9.0,"enemies":"Looter","floor":11.0,"turns":3.0},{"damage":6.0,"enemies":"3 Sentries","floor":13.0,"turns":7.0},{"damage":27.0,"enemies":"Slime Boss","floor":16.0,"turns":10.0},{"damage":1.0,"enemies":"Spheric Guardian","floor":18.0,"turns":3.0},{"damage":0.0,"enemies":"Chosen","floor":19.0,"turns":6.0},{"damage":28.0,"enemies":"Snake Plant","floor":20.0,"turns":4.0},{"damage":17.0,"enemies":"Snecko","floor":25.0,"turns":4.0},{"damage":9.0,"enemies":"3 Cultists","floor":29.0,"turns":3.0},{"damage":0.0,"enemies":"Automaton","floor":33.0,"turns":8.0},{"damage":0.0,"enemies":"3 Shapes","floor":35.0,"turns":1.0},{"damage":2.0,"enemies":"Orb Walker","floor":36.0,"turns":2.0},{"damage":10.0,"enemies":"Writhing Mass","floor":39.0,"turns":6.0},{"damage":7.0,"enemies":"Nemesis","floor":41.0,"turns":3.0},{"damage":3.0,"enemies":"Giant Head","floor":44.0,"turns":4.0},{"damage":0.0,"enemies":"Spire Growth","floor":48.0,"turns":3.0},{"damage":2.0,"enemies":"Donu and Deca","floor":50.0,"turns":5.0},{"damage":36,"enemies":"Time Eater","floor":51,"turns":3}],"seed_played":"8740165418215480115","potions_obtained":[{"floor":3.0,"key":"Regen Potion"},{"floor":5.0,"key":"LiquidBronze"},{"floor":16.0,"key":"Fire Potion"},{"floor":19.0,"key":"AttackPotion"},{"floor":25.0,"key":"Fire Potion"},{"floor":27.0,"key":"FocusPotion"},{"floor":39.0,"key":"EssenceOfSteel"},{"floor":41.0,"key":"Fruit Juice"},{"floor":44.0,"key":"Explosive Potion"},{"floor":48.0,"key":"Explosive Potion"}],"is_trial":false,"path_per_floor":["M","?","M","?","M","R","M","E","T","$","M","R","E","T","R","B",null,"M","M","M","$","?","R","?","M","T","?","R","M","R","?","R","B",null,"M","M","?","?","M","R","E","R","T","E","$","T","R","M","R","B","B"],"character_chosen":"DEFECT","items_purchased":["Sunder+1","Heatsinks","Calipers","Recycle","Hologram"],"campfire_rested":1,"item_purchase_floors":[10,21,21,45,45],"current_hp_per_floor":[59,59,66,55,50,50,55,39,39,39,37,37,53,53,53,33,62,61,68,47,47,47,47,47,37,37,37,37,35,35,35,35,42,64,64,69,64,64,54,54,47,47,47,44,44,44,44,44,44,42,6],"gold":25,"neow_bonus":"TRANSFORM_TWO_CARDS","is_prod":false,"is_daily":false,"chose_seed":false,"campfire_upgraded":9,"win_rate":0,"timestamp":1563505904,"path_taken":["M","?","M","?","M","R","M","E","T","$","M","R","E","?","R","BOSS","M","M","M","$","?","R","?","M","T","?","R","?","R","?","R","BOSS","M","M","?","?","M","R","E","R","T","E","$","?","R","?","R","BOSS","BOSS"],"build_version":"2019-07-17","purchased_purges":3,"victory":false,"max_hp_per_floor":[71,71,71,71,71,71,71,71,71,71,71,71,71,71,71,71,71,71,71,71,71,71,71,71,71,71,71,71,71,71,71,71,71,71,71,71,71,71,71,71,76,76,76,76,76,76,76,76,76,76,76],"card_choices":[{"not_picked":["Streamline","Beam Cell"],"picked":"Compile Driver","floor":1.0},{"not_picked":["Rebound","Beam Cell"],"picked":"Coolheaded","floor":3.0},{"not_picked":["Hello World","Doom and Gloom"],"picked":"Lockon","floor":5.0},{"not_picked":["Sweeping Beam","Blizzard"],"picked":"Multi-Cast","floor":7.0},{"not_picked":["Ball Lightning","Hello World"],"picked":"Recycle","floor":8.0},{"not_picked":["Beam Cell+1","Conserve Battery"],"picked":"Turbo","floor":11.0},{"not_picked":["Doom and Gloom+1","Go for the Eyes+1"],"picked":"Double Energy","floor":13.0},{"not_picked":["Creative AI","Electrodynamics"],"picked":"Core Surge+1","floor":16.0},{"not_picked":["Force Field","Storm"],"picked":"Go for the Eyes+1","floor":17.0},{"not_picked":["FTL+1","Steam"],"picked":"Cold Snap+1","floor":17.0},{"not_picked":["FTL+1","Scrape+1"],"picked":"Melter+1","floor":17.0},{"not_picked":["Conserve Battery","Turbo"],"picked":"Fusion","floor":17.0},{"not_picked":["Chaos","Tempest"],"picked":"Defragment","floor":17.0},{"not_picked":["Conserve Battery","Redo"],"picked":"White Noise+1","floor":18.0},{"not_picked":["Rebound+1","Self Repair"],"picked":"Ball Lightning+1","floor":19.0},{"not_picked":["Conserve Battery","Cold Snap+1"],"picked":"Compile Driver+1","floor":20.0},{"not_picked":["Go for the Eyes+1","Ball Lightning+1","Rebound+1"],"picked":"SKIP","floor":25.0},{"not_picked":["Force Field","Rip and Tear+1","Chill"],"picked":"SKIP","floor":29.0},{"not_picked":["Rainbow","Thunder Strike+1"],"picked":"Machine Learning","floor":33.0},{"not_picked":["Reprogram","Rebound+1","Cold Snap+1"],"picked":"SKIP","floor":35.0},{"not_picked":["Steam","Stack"],"picked":"Reinforced Body","floor":36.0},{"not_picked":["Trip","Violence"],"picked":"Discovery","floor":37.0},{"not_picked":["Turbo","Redo"],"picked":"Compile Driver+1","floor":39.0},{"not_picked":["Steam+1","Ball Lightning+1","Self Repair"],"picked":"SKIP","floor":41.0},{"not_picked":["Chill","Tempest"],"picked":"Compile Driver+1","floor":44.0},{"not_picked":["Ball Lightning+1","Undo"],"picked":"Skim","floor":48.0}],"player_experience":2027804,"relics_obtained":[{"floor":8.0,"key":"Molten Egg 2"},{"floor":13.0,"key":"Gremlin Horn"},{"floor":14.0,"key":"Old Coin"},{"floor":26.0,"key":"Centennial Puzzle"},{"floor":41.0,"key":"Lantern"},{"floor":43.0,"key":"Ornamental Fan"},{"floor":44.0,"key":"Regal Pillow"},{"floor":46.0,"key":"Oddly Smooth Stone"}],"event_choices":[{"damage_healed":0.0,"max_hp_gain":0.0,"max_hp_loss":0.0,"gold_gain":0.0,"cards_transformed":["Strike_B"],"event_name":"Living Wall","player_choice":"Change","floor":2.0,"gold_loss":0.0,"damage_taken":0.0,"cards_obtained":["Self Repair"]},{"damage_healed":0.0,"max_hp_gain":0.0,"max_hp_loss":0.0,"gold_gain":75.0,"event_name":"World of Goop","player_choice":"Gather Gold","floor":4.0,"gold_loss":0.0,"damage_taken":11.0},{"damage_healed":0.0,"max_hp_gain":0.0,"max_hp_loss":0.0,"gold_gain":50.0,"event_name":"Nest","player_choice":"Stole From Cult","floor":22.0,"gold_loss":0.0,"damage_taken":0.0},{"damage_healed":0.0,"max_hp_gain":0.0,"max_hp_loss":0.0,"gold_gain":0.0,"event_name":"The Woman in Blue","player_choice":"Bought 1 Potion","floor":27.0,"gold_loss":0.0,"damage_taken":0.0},{"damage_healed":0.0,"max_hp_gain":0.0,"max_hp_loss":0.0,"gold_gain":0.0,"event_name":"The Mausoleum","player_choice":"Ignored","floor":31.0,"gold_loss":0.0,"damage_taken":0.0},{"damage_healed":0.0,"max_hp_gain":0.0,"max_hp_loss":0.0,"gold_gain":0.0,"event_name":"SensoryStone","player_choice":"Memory 2","floor":37.0,"gold_loss":0.0,"damage_taken":5.0},{"damage_healed":0.0,"max_hp_gain":0.0,"max_hp_loss":0.0,"gold_gain":0.0,"event_name":"MindBloom","player_choice":"Upgrade","floor":38.0,"gold_loss":0.0,"damage_taken":0.0,"cards_upgraded":["Defend_B","Zap","Dualcast","Chill","Compile Driver","Self Repair","Lockon","Multi-Cast","Double Energy","Machine Learning","Reinforced Body","Discovery"],"relics_obtained":["Mark of the Bloom"]}],"is_beta":false,"boss_relics":[{"not_picked":["Tiny House","Fusion Hammer"],"picked":"Orrery"},{"not_picked":["Velvet Choker","Lizard Tail"],"picked":"Astrolabe"}],"items_purged_floors":[10,21,45],"is_endless":false,"potions_floor_spawned":[3,5,7,16,19,25,39,41,44,48],"killed_by":"Time Eater","ascension_level":20}