{"gold_per_floor":[113,130,148,160,230,230,262,262,286,301,336,336,361,390,390,494,494,506,429,440,74,74,100,119,136,161,161,194,194,212,212,224,335,347,379,401,413,425,17,48,48,380,380,412,412,429,429,445,445,445],"floor_reached":50,"playtime":3603,"items_purged":[],"score":816,"play_id":"54982c7b-05f1-4029-9d5d-ba9f04696bde","local_time":"20180721002100","is_ascension_mode":true,"campfire_choices":[{"data":"Uppercut","floor":6,"key":"SMITH"},{"data":"Shockwave","floor":8,"key":"SMITH"},{"data":"Flex","floor":12,"key":"SMITH"},{"data":"True Grit","floor":15,"key":"SMITH"},{"data":"Infernal Blade","floor":27,"key":"SMITH"},{"data":"Metallicize","floor":29,"key":"SMITH"},{"floor":32,"key":"REST"},{"data":"Apotheosis","floor":47,"key":"SMITH"},{"floor":49,"key":"REST"}],"neow_cost":"","seed_source_timestamp":124163936111903,"circlet_count":0,"master_deck":["Strike_R+1","Strike_R","Strike_R+1","Strike_R","Strike_R","Defend_R","Defend_R","Defend_R","Defend_R","Bash","Uppercut+1","Shrug It Off","Heavy Blade","Shrug It Off","Shockwave+1","Flex+1","Dropkick","Juggernaut","True Grit+1","Double Tap","Infernal Blade+1","Offering","Heavy Blade","Burning Pact","Cleave+1","Clash+1","Metallicize+1","Writhe","Sentinel+1","Armaments","Burning Pact","Barricade","Bloodletting+1","Evolve+1","Bandage Up","Apotheosis+1","Body Slam","Pommel Strike+1","Spot Weakness+1","Feel No Pain","Demon Form"],"relics":["Burning Blood","Juzu Bracelet","Bronze Scales","Red Skull","Odd Mushroom","Bag of Marbles","Orrery","Mango","Happy Flower","Letter Opener","Vajra","Thread and Needle","MawBank","Sozu","HandDrill","Whetstone","Old Coin","Kunai","Ornamental Fan"],"potions_floor_usage":[2,7,13,20,23,24,28,28,33],"damage_taken":[{"damage":6,"enemies":"Cultist","floor":1,"turns":3},{"damage":9,"enemies":"Small Slimes","floor":2,"turns":3},{"damage":0,"enemies":"Jaw Worm","floor":3,"turns":4},{"damage":5,"enemies":"Blue Slaver","floor":4,"turns":6},{"damage":15,"enemies":"Lagavulin","floor":7,"turns":6},{"damage":2,"enemies":"Exordium Wildlife","floor":10,"turns":4},{"damage":26,"enemies":"Gremlin Nob","floor":11,"turns":4},{"damage":9,"floor":13,"turns":3},{"damage":16,"enemies":"Lagavulin","floor":14,"turns":7},{"damage":27,"enemies":"The Guardian","floor":16,"turns":10},{"damage":17,"enemies":"3 Byrds","floor":18,"turns":3},{"damage":3,"enemies":"Chosen","floor":20,"turns":4},{"damage":27,"enemies":"Gremlin Leader","floor":23,"turns":6},{"damage":18,"enemies":"Snecko","floor":24,"turns":4},{"damage":24,"enemies":"3 Cultists","floor":25,"turns":5},{"damage":34,"enemies":"Slavers","floor":28,"turns":4},{"damage":15,"enemies":"Slaver and Parasite","floor":30,"turns":5},{"damage":46,"enemies":"Automaton","floor":33,"turns":8},{"damage":0,"enemies":"Orb Walker","floor":35,"turns":4},{"damage":43,"enemies":"3 Darklings","floor":36,"turns":4},{"damage":30,"enemies":"2 Orb Walkers","floor":40,"turns":5},{"damage":14,"enemies":"Nemesis","floor":42,"turns":3},{"damage":5,"enemies":"Giant Head","floor":44,"turns":7},{"damage":7,"enemies":"Spire Growth","floor":46,"turns":3},{"damage":0,"enemies":"Maw","floor":48,"turns":7},{"damage":91,"enemies":"Donu and Deca","floor":50,"turns":6}],"seed_played":"6851098990409490601","potions_obtained":[{"floor":1,"key":"Explosive Potion"},{"floor":3,"key":"Fire Potion"},{"floor":11,"key":"Explosive Potion"},{"floor":13,"key":"Poison Potion"},{"floor":16,"key":"Regen Potion"},{"floor":18,"key":"Weak Potion"},{"floor":24,"key":"BloodPotion"},{"floor":25,"key":"SkillPotion"},{"floor":28,"key":"SkillPotion"}],"is_trial":false,"path_per_floor":["M","M","M","M","?","R","E","R","T","M","E","R","?","E","R","B",null,"M","?","M","$","?","E","M","M","T","R","E","R","M","?","R","B",null,"M","M","?","?","$","E","$","E","T","E","?","M","R","M","R"],"character_chosen":"IRONCLAD","items_purchased":["Mango","Metallicize","Apotheosis","Body Slam","HandDrill"],"campfire_rested":2,"item_purchase_floors":[21,21,39,39,39],"current_hp_per_floor":[80,77,80,80,80,80,71,71,71,75,55,55,52,42,42,21,80,69,69,72,86,86,65,65,47,47,47,28,28,19,19,47,7,94,94,57,57,57,57,37,37,33,33,40,40,43,43,55,83,0],"gold":445,"neow_bonus":"","is_prod":false,"is_daily":false,"chose_seed":false,"campfire_upgraded":7,"win_rate":0,"timestamp":1532146860,"path_taken":["M","M","M","?","?","R","E","R","T","M","E","R","?","E","R","BOSS","M","?","M","$","?","E","M","M","T","R","E","R","M","?","R","BOSS","M","M","?","?","$","E","?","E","T","E","?","M","R","M","R","BOSS"],"build_version":"2018-07-19v2","purchased_purges":0,"victory":false,"max_hp_per_floor":[80,80,80,80,80,80,80,80,80,80,80,80,80,80,80,80,80,80,80,80,94,94,94,94,94,94,94,94,94,94,94,94,94,94,94,94,94,94,94,94,94,94,94,94,94,94,94,94,94,94],"card_choices":[{"not_picked":["Dropkick","Wild Strike"],"picked":"Uppercut","floor":1},{"not_picked":["Power Through","Warcry"],"picked":"Shrug It Off","floor":2},{"not_picked":["Sever Soul","Rage"],"picked":"Heavy Blade","floor":3},{"not_picked":["Dual Wield","Sentinel"],"picked":"Shrug It Off","floor":4},{"not_picked":["Shrug It Off","Sword Boomerang"],"picked":"Shockwave","floor":7},{"not_picked":["Iron Wave","Pommel Strike"],"picked":"Flex","floor":10},{"not_picked":["Body Slam","Uppercut"],"picked":"Dropkick","floor":11},{"not_picked":["Iron Wave","Second Wind"],"picked":"Juggernaut","floor":13},{"not_picked":["Sword Boomerang","Ghostly Armor"],"picked":"True Grit","floor":14},{"not_picked":["Exhume","Fiend Fire"],"picked":"Double Tap","floor":16},{"not_picked":["Perfected Strike","Headbutt"],"picked":"Infernal Blade","floor":17},{"not_picked":["Clothesline","Flex"],"picked":"Offering","floor":17},{"not_picked":["Fire Breathing","Sword Boomerang"],"picked":"Heavy Blade","floor":17},{"not_picked":["Sword Boomerang","Iron Wave"],"picked":"Burning Pact","floor":17},{"not_picked":["Burning Pact","Juggernaut"],"picked":"Cleave+1","floor":18},{"not_picked":["Perfected Strike","Clothesline+1"],"picked":"Clash+1","floor":20},{"not_picked":["Warcry","Flex+1"],"picked":"Sentinel+1","floor":23},{"not_picked":["Power Through","Uppercut"],"picked":"Armaments","floor":24},{"not_picked":["Dual Wield","Cleave"],"picked":"Burning Pact","floor":25},{"not_picked":["Twin Strike+1","Pommel Strike","Havoc"],"picked":"SKIP","floor":28},{"not_picked":["Cleave","Armaments","Searing Blow"],"picked":"SKIP","floor":30},{"not_picked":["Reaper","Dark Embrace"],"picked":"Barricade","floor":33},{"not_picked":["Havoc","Cleave"],"picked":"Bloodletting+1","floor":35},{"not_picked":["Heavy Blade+1","Inflame"],"picked":"Evolve+1","floor":36},{"not_picked":["Transmutation","Flash of Steel"],"picked":"Bandage Up","floor":37},{"not_picked":["Twin Strike","Perfected Strike+1"],"picked":"Pommel Strike+1","floor":40},{"not_picked":["Warcry+1","Flex+1"],"picked":"Spot Weakness+1","floor":42},{"not_picked":["Fire Breathing","Pommel Strike","Sentinel"],"picked":"SKIP","floor":44},{"not_picked":["Anger+1","Havoc"],"picked":"Feel No Pain","floor":46},{"not_picked":["Anger","Flex"],"picked":"Demon Form","floor":48}],"player_experience":214120,"relics_obtained":[{"floor":7,"key":"Juzu Bracelet"},{"floor":9,"key":"Bronze Scales"},{"floor":11,"key":"Red Skull"},{"floor":13,"key":"Odd Mushroom"},{"floor":14,"key":"Bag of Marbles"},{"floor":23,"key":"Letter Opener"},{"floor":26,"key":"Vajra"},{"floor":28,"key":"Thread and Needle"},{"floor":40,"key":"Whetstone"},{"floor":42,"key":"Old Coin"},{"floor":43,"key":"Kunai"},{"floor":44,"key":"Ornamental Fan"}],"event_choices":[{"event_name":"Golden Wing","player_choice":"Gained Gold","floor":5,"damage_taken":0},{"event_name":"Mushrooms","player_choice":"Fought Mushrooms","floor":13,"damage_taken":0},{"event_name":"Drug Dealer","player_choice":"Got JAXXED","floor":19,"damage_taken":0},{"event_name":"The Mausoleum","player_choice":"Yes","floor":22,"damage_taken":0},{"event_name":"Addict","player_choice":"Gave JAX","floor":31,"damage_taken":0},{"event_name":"SensoryStone","player_choice":"Memory 1","floor":37,"damage_taken":0},{"event_name":"Match and Keep!","player_choice":"0 cards matched","floor":38,"damage_taken":0},{"event_name":"SecretPortal","player_choice":"Rejected Portal.","floor":45,"damage_taken":0}],"is_beta":false,"boss_relics":[{"not_picked":["Runic Cube","Tiny House"],"picked":"Orrery"},{"not_picked":["White Beast Statue","Astrolabe"],"picked":"Sozu"}],"items_purged_floors":[],"is_endless":false,"potions_floor_spawned":[1,3,11,13,16,18,24,25,28,36,46],"killed_by":"Donu and Deca","ascension_level":4}