{"gold_per_floor":[110,120,134,150,150,150,185,197,243,243,255,255,266,286,286,386,386,398,418,169,84,84,111,111,124,148,173,55,55,82,32,32,137,137,152,152,28,45,45,62,12,24,24,37,37,53,64,78,78,78],"floor_reached":51,"playtime":6949,"items_purged":["Strike_G","Strike_G","Defend_G","Defend_G","Leg Sweep+1"],"score":713,"play_id":"0566805f-511b-4276-9cab-4de1062e4530","local_time":"20190803100359","is_ascension_mode":false,"campfire_choices":[{"data":"Calculated Gamble","floor":6,"key":"SMITH"},{"floor":10,"key":"REST"},{"data":"Deadly Poison","floor":12,"key":"SMITH"},{"data":"Caltrops","floor":15,"key":"SMITH"},{"data":"Well Laid Plans","floor":24,"key":"SMITH"},{"data":"Catalyst","floor":32,"key":"SMITH"},{"floor":49,"key":"REST"}],"neow_cost":"NONE","seed_source_timestamp":113400282564422,"circlet_count":0,"master_deck":["Strike_G+1","Defend_G+1","Defend_G+1","Survivor+1","Neutralize+1","Calculated Gamble+1","Deadly Poison+1","Escape Plan+1","Doppelganger+1","PiercingWail+1","Escape Plan+1","Acrobatics+1","Slice+1","Caltrops+1","Malaise+1","Catalyst+1","Dagger Spray+1","Well Laid Plans+1","Discovery+1","Deadly Poison+1","Noxious Fumes+1","Ghostly+1","Ghostly+1","Ghostly+1","Ghostly+1","Ghostly+1","Slice+1","Wraith Form v2+1","Prepared+1","Wraith Form v2+1","Prepared+1","Bouncing Flask+1","Dodge and Roll+1","Blur+1"],"relics":["Ring of the Snake","NeowsBlessing","Happy Flower","Whetstone","Empty Cage","Meat on the Bone","Smiling Mask","Centennial Puzzle","Mercury Hourglass","Frozen Egg 2","Sozu","Mark of the Bloom","PreservedInsect"],"potions_floor_usage":[7,27],"damage_taken":[{"damage":0,"enemies":"Cultist","floor":1,"turns":1},{"damage":0,"enemies":"Jaw Worm","floor":2,"turns":1},{"damage":0,"enemies":"2 Louse","floor":3,"turns":1},{"damage":2,"enemies":"Exordium Thugs","floor":4,"turns":5},{"damage":48,"enemies":"3 Sentries","floor":7,"turns":14},{"damage":1,"enemies":"3 Louse","floor":8,"turns":5},{"damage":0,"enemies":"Looter","floor":11,"turns":3},{"damage":4,"enemies":"Exordium Thugs","floor":13,"turns":5},{"damage":0,"enemies":"Lots of Slimes","floor":14,"turns":7},{"damage":2,"enemies":"Hexaghost","floor":16,"turns":9},{"damage":8,"enemies":"Chosen","floor":18,"turns":6},{"damage":4,"enemies":"Shell Parasite","floor":19,"turns":6},{"damage":5,"enemies":"Book of Stabbing","floor":23,"turns":7},{"damage":19,"enemies":"Chosen and Byrds","floor":25,"turns":6},{"damage":14,"enemies":"Slavers","floor":27,"turns":6},{"damage":4,"enemies":"Book of Stabbing","floor":30,"turns":6},{"damage":3,"enemies":"Collector","floor":33,"turns":6},{"damage":3,"enemies":"Orb Walker","floor":35,"turns":5},{"damage":3,"enemies":"3 Shapes","floor":38,"turns":4},{"damage":0,"enemies":"Spire Growth","floor":40,"turns":5},{"damage":2,"enemies":"Sphere and 2 Shapes","floor":42,"turns":6},{"damage":1,"enemies":"Transient","floor":44,"turns":5},{"damage":0,"enemies":"Spire Growth","floor":46,"turns":4},{"damage":0,"enemies":"4 Shapes","floor":47,"turns":4},{"damage":1,"enemies":"3 Darklings","floor":48,"turns":6},{"damage":13,"enemies":"Time Eater","floor":50,"turns":12}],"seed_played":"3623546002944969933","potions_obtained":[{"floor":2,"key":"SkillPotion"},{"floor":3,"key":"GamblersBrew"},{"floor":11,"key":"Dexterity Potion"},{"floor":13,"key":"AttackPotion"},{"floor":14,"key":"PowerPotion"},{"floor":27,"key":"Ancient Potion"},{"floor":30,"key":"Regen Potion"}],"is_trial":false,"path_per_floor":["M","M","M","M","?","R","E","M","T","R","M","R","M","M","R","B",null,"M","M","$","?","$","E","R","M","T","E","$","?","E","$","R","B",null,"M","?","$","M","?","M","$","M","T","M","$","M","M","M","R","B",null],"character_chosen":"THE_SILENT","items_purchased":["Well Laid Plans","Discovery","Noxious Fumes","Wraith Form v2+1"],"campfire_rested":2,"item_purchase_floors":[20,20,28,37],"current_hp_per_floor":[70,70,70,68,68,68,20,19,19,40,40,40,36,36,36,34,70,62,58,58,58,58,53,53,46,46,44,44,35,31,31,31,28,35,32,32,32,29,29,29,29,27,27,26,26,26,26,25,25,12],"gold":78,"neow_bonus":"THREE_ENEMY_KILL","is_prod":false,"is_daily":false,"chose_seed":false,"campfire_upgraded":5,"win_rate":0,"timestamp":1564819439,"path_taken":["M","M","M","?","?","R","E","M","T","R","M","R","M","M","R","BOSS","M","M","$","?","?","E","R","M","T","E","$","?","E","$","R","BOSS","M","?","$","M","?","M","$","M","T","?","$","M","M","M","R","BOSS"],"build_version":"2019-07-17","purchased_purges":5,"victory":true,"max_hp_per_floor":[70,70,70,70,70,70,70,70,70,70,70,70,70,70,70,70,70,70,70,70,70,70,70,70,70,70,70,70,35,35,35,35,35,35,35,33,33,33,33,33,33,33,33,33,33,33,33,33,33,33],"card_choices":[{"not_picked":["Slice","Dagger Throw"],"picked":"Calculated Gamble","floor":1},{"not_picked":["Bane","Sucker Punch"],"picked":"Deadly Poison","floor":2},{"not_picked":["Expertise","Outmaneuver"],"picked":"Leg Sweep","floor":3},{"not_picked":["Outmaneuver","Underhanded Strike"],"picked":"Escape Plan","floor":4},{"not_picked":["Distraction","Riddle With Holes"],"picked":"PiercingWail","floor":7},{"not_picked":["Slice","Quick Slash"],"picked":"Escape Plan","floor":8},{"not_picked":["Prepared","Unload"],"picked":"Acrobatics","floor":11},{"not_picked":["Choke","Riddle With Holes"],"picked":"Slice","floor":13},{"not_picked":["Dash","Acrobatics"],"picked":"Caltrops","floor":14},{"not_picked":["Burst","Tools of the Trade"],"picked":"Malaise","floor":16},{"not_picked":["Poisoned Stab","Calculated Gamble"],"picked":"Catalyst","floor":18},{"not_picked":["Backflip","Poisoned Stab"],"picked":"Dagger Spray+1","floor":19},{"not_picked":["PiercingWail","Quick Slash","Reflex"],"picked":"SKIP","floor":23},{"not_picked":["Glass Knife","Backflip","Quick Slash+1"],"picked":"SKIP","floor":25},{"not_picked":["Well Laid Plans","Infinite Blades"],"picked":"Deadly Poison+1","floor":27},{"not_picked":["Deadly Poison","Sucker Punch"],"picked":"Slice+1","floor":30},{"not_picked":["After Image+1","Tools of the Trade+1"],"picked":"Wraith Form v2+1","floor":33},{"not_picked":["Underhanded Strike+1","Dagger Throw+1"],"picked":"Prepared+1","floor":35},{"not_picked":["Backflip","Dagger Spray+1"],"picked":"Prepared+1","floor":38},{"not_picked":["Finisher+1","Expertise","Blade Dance"],"picked":"SKIP","floor":40},{"not_picked":["Quick Slash","Dagger Throw"],"picked":"Bouncing Flask+1","floor":42},{"not_picked":["Glass Knife","Predator+1"],"picked":"Dodge and Roll+1","floor":44},{"not_picked":["Underhanded Strike+1","Sucker Punch+1","PiercingWail+1"],"picked":"SKIP","floor":46},{"not_picked":["Masterful Stab+1","Blade Dance","Heel Hook"],"picked":"SKIP","floor":47},{"not_picked":["Deflect+1","Bane+1"],"picked":"Blur+1","floor":48}],"player_experience":44179,"relics_obtained":[{"floor":7,"key":"Happy Flower"},{"floor":9,"key":"Whetstone"},{"floor":23,"key":"Smiling Mask"},{"floor":26,"key":"Centennial Puzzle"},{"floor":27,"key":"Mercury Hourglass"},{"floor":30,"key":"Frozen Egg 2"},{"floor":43,"key":"PreservedInsect"}],"event_choices":[{"damage_healed":0,"gold_gain":0,"cards_transformed":["Strike_G"],"player_choice":"Change","damage_taken":0,"max_hp_gain":0,"max_hp_loss":0,"event_name":"Living Wall","floor":5,"gold_loss":0,"cards_obtained":["Doppelganger"]},{"damage_healed":0,"gold_gain":0,"player_choice":"Obtained Relic","damage_taken":0,"relics_obtained":["Meat on the Bone"],"max_hp_gain":0,"max_hp_loss":0,"event_name":"Addict","floor":21,"gold_loss":85},{"damage_healed":0,"gold_gain":0,"player_choice":"Became a Ghost","damage_taken":0,"max_hp_gain":0,"max_hp_loss":35,"event_name":"Ghosts","floor":29,"gold_loss":0,"cards_obtained":["Ghostly","Ghostly","Ghostly","Ghostly","Ghostly"]},{"damage_healed":0,"gold_gain":0,"player_choice":"Max HP","damage_taken":0,"max_hp_gain":0,"max_hp_loss":2,"event_name":"Winding Halls","floor":36,"gold_loss":0},{"damage_healed":0,"gold_gain":0,"player_choice":"Upgrade","damage_taken":0,"relics_obtained":["Mark of the Bloom"],"max_hp_gain":0,"max_hp_loss":0,"event_name":"MindBloom","floor":39,"gold_loss":0,"cards_upgraded":["Defend_G","Defend_G","Survivor","Leg Sweep","Escape Plan","Doppelganger","PiercingWail","Escape Plan","Acrobatics","Slice","Malaise","Discovery","Noxious Fumes","Ghostly","Ghostly","Ghostly","Ghostly","Ghostly"]}],"is_beta":false,"boss_relics":[{"not_picked":["Black Star","WristBlade"],"picked":"Empty Cage"},{"not_picked":["Lizard Tail","Eternal Feather"],"picked":"Sozu"}],"items_purged_floors":[20,28,31,37,41],"is_endless":false,"potions_floor_spawned":[2,3,11,13,14,19,25,27,30,40,42,47],"ascension_level":0}