{"gold_per_floor":[109,22,22,22,74,106,118,205,217,229,124,134,159,159,159,159],"floor_reached":16,"playtime":202,"items_purged":["Strike_G"],"score":258,"play_id":"35f01f39-bc95-4e27-98e2-85fab0b0c50b","local_time":"20190621170814","is_ascension_mode":true,"campfire_choices":[{"data":"Neutralize","floor":7,"key":"SMITH"},{"data":"Bouncing Flask","floor":15,"key":"SMITH"}],"neow_cost":"NONE","seed_source_timestamp":1648093456172841,"circlet_count":0,"master_deck":["AscendersBane","Defend_G","Defend_G","Defend_G","Defend_G","Defend_G","Strike_G","Strike_G","Strike_G","Survivor","Neutralize+1","Backstab","Well Laid Plans","Well Laid Plans","Bouncing Flask+1","Acrobatics"],"relics":["Ring of the Snake","NeowsBlessing","Regal Pillow","MawBank","Potion Belt","Darkstone Periapt","Pantograph","Golden Idol"],"potions_floor_usage":[16],"damage_taken":[{"damage":0,"enemies":"2 Louse","floor":1,"turns":1},{"damage":0,"enemies":"Lagavulin","floor":6,"turns":1},{"damage":0,"enemies":"Jaw Worm","floor":12,"turns":1},{"damage":42,"enemies":"Gremlin Nob","floor":13,"turns":5},{"damage":15,"enemies":"Slime Boss","floor":16,"turns":6}],"seed_played":"-1651207202050326499","potions_obtained":[{"floor":12,"key":"SkillPotion"},{"floor":13,"key":"Weak Potion"}],"is_trial":false,"path_per_floor":["M","$","?","?","T","E","R","?","T","?","$","M","E","?","R","B"],"character_chosen":"THE_SILENT","items_purchased":["Well Laid Plans","Well Laid Plans"],"campfire_rested":0,"item_purchase_floors":[2,11],"current_hp_per_floor":[59,59,64,57,57,57,57,46,46,46,46,46,4,4,4,14],"gold":159,"neow_bonus":"THREE_ENEMY_KILL","is_prod":false,"is_daily":false,"chose_seed":false,"campfire_upgraded":2,"win_rate":0,"timestamp":1561108094,"path_taken":["M","$","?","?","?","E","R","?","T","?","$","?","E","?","R","BOSS"],"build_version":"2019-01-23","purchased_purges":1,"victory":false,"max_hp_per_floor":[66,66,71,71,71,71,71,71,71,71,71,71,71,64,64,64],"card_choices":[{"not_picked":["Sucker Punch","Slice"],"picked":"Backstab","floor":1},{"not_picked":["Concentrate","Blur"],"picked":"Doppelganger","floor":6},{"not_picked":["Deadly Poison","Underhanded Strike"],"picked":"Bouncing Flask","floor":12},{"not_picked":["Cloak And Dagger","Blur"],"picked":"Acrobatics","floor":13}],"player_experience":1957788,"relics_obtained":[{"floor":5,"key":"Regal Pillow"},{"floor":6,"key":"MawBank"},{"floor":9,"key":"Potion Belt"},{"floor":13,"key":"Pantograph"}],"event_choices":[{"damage_healed":0,"gold_gain":0,"player_choice":"Donut","damage_taken":0,"max_hp_gain":5,"max_hp_loss":0,"event_name":"Big Fish","floor":3,"gold_loss":0},{"cards_removed":["Strike_G"],"damage_healed":0,"gold_gain":0,"player_choice":"Card Removal","damage_taken":7,"max_hp_gain":0,"max_hp_loss":0,"event_name":"Golden Wing","floor":4,"gold_loss":0},{"damage_healed":0,"gold_gain":75,"player_choice":"Gather Gold","damage_taken":11,"max_hp_gain":0,"max_hp_loss":0,"event_name":"World of Goop","floor":8,"gold_loss":0},{"cards_removed":["Doppelganger"],"damage_healed":0,"gold_gain":0,"player_choice":"Gave Card","damage_taken":0,"relics_obtained":["Darkstone Periapt"],"max_hp_gain":0,"max_hp_loss":0,"event_name":"WeMeetAgain","floor":10,"gold_loss":0},{"damage_healed":0,"gold_gain":0,"player_choice":"Lose Max HP","damage_taken":0,"relics_obtained":["Golden Idol"],"max_hp_gain":0,"max_hp_loss":7,"event_name":"Golden Idol","floor":14,"gold_loss":0}],"is_beta":false,"boss_relics":[],"items_purged_floors":[11],"is_endless":false,"potions_floor_spawned":[12,13],"killed_by":"Slime Boss","ascension_level":20}