{"gold_per_floor":[119,133,58,78,78,78,95,127,177,192,192,204,104,122,122,199,199,216,131,131,181,181,208,208,9,34,53,67,67],"floor_reached":29,"playtime":1319,"items_purged":["Decay","Strike_G","Bouncing Flask"],"score":429,"play_id":"819d81dd-fd50-4bee-b7f5-006a2e813712","local_time":"20190731231131","is_ascension_mode":true,"campfire_choices":[{"data":"Noxious Fumes","floor":6,"key":"SMITH"},{"data":"Neutralize","floor":11,"key":"SMITH"},{"data":"Deadly Poison","floor":15,"key":"SMITH"},{"data":"Malaise","floor":24,"key":"SMITH"}],"neow_cost":"CURSE","seed_source_timestamp":427277135825302,"circlet_count":0,"master_deck":["AscendersBane","Survivor","Neutralize+1","Noxious Fumes+1","Crippling Poison","PiercingWail","Quick Slash+1","Blur","Deadly Poison+1","PiercingWail","A Thousand Cuts","Malaise+1","Escape Plan","Backstab","Flechettes+1","Deadly Poison","Terror","Malaise","Distraction","Ghostly","Ghostly","Ghostly","Noxious Fumes","Escape Plan+1"],"relics":["Ring of the Snake","Mango","Paper Crane","Ancient Tea Set","Pandora\u0027s Box","Centennial Puzzle","Blood Vial","Whetstone"],"potions_floor_usage":[8,8,18,28],"damage_taken":[{"damage":17,"enemies":"Cultist","floor":1,"turns":6},{"damage":8,"enemies":"Jaw Worm","floor":2,"turns":6},{"damage":10,"enemies":"Small Slimes","floor":4,"turns":4},{"damage":14,"enemies":"3 Louse","floor":7,"turns":4},{"damage":30,"enemies":"Lagavulin","floor":8,"turns":9},{"damage":0,"enemies":"Exordium Wildlife","floor":10,"turns":7},{"damage":1,"enemies":"Looter","floor":12,"turns":4},{"damage":0,"enemies":"Large Slime","floor":14,"turns":6},{"damage":6,"enemies":"Hexaghost","floor":16,"turns":10},{"damage":22,"enemies":"2 Thieves","floor":18,"turns":4},{"damage":4,"enemies":"Gremlin Leader","floor":23,"turns":7},{"damage":1,"enemies":"3 Byrds","floor":27,"turns":5},{"damage":10,"enemies":"Shelled Parasite and Fungi","floor":28,"turns":7},{"damage":13,"enemies":"Snecko","floor":29,"turns":6}],"seed_played":"-2737896805831892564","potions_obtained":[{"floor":2,"key":"Regen Potion"},{"floor":7,"key":"SteroidPotion"},{"floor":10,"key":"FearPotion"},{"floor":16,"key":"AttackPotion"},{"floor":23,"key":"Block Potion"}],"is_trial":false,"path_per_floor":["M","M","$","M","?","R","M","E","T","M","R","M","$","M","R","B",null,"M","?","?","?","?","E","R","$","T","M","M","M"],"character_chosen":"THE_SILENT","items_purchased":["Noxious Fumes"],"campfire_rested":0,"item_purchase_floors":[25],"current_hp_per_floor":[56,48,48,38,64,64,50,35,35,35,35,34,34,34,34,28,67,45,45,22,22,22,18,18,18,18,19,11,0],"gold":67,"neow_bonus":"ONE_RARE_RELIC","is_prod":false,"is_daily":false,"chose_seed":false,"campfire_upgraded":4,"win_rate":0,"timestamp":1564629091,"path_taken":["M","M","$","?","?","R","M","E","T","M","R","M","$","M","R","BOSS","M","?","?","?","?","E","R","$","T","M","?","M"],"build_version":"2019-07-17","purchased_purges":3,"victory":false,"max_hp_per_floor":[80,80,80,80,80,80,80,80,80,80,80,80,80,80,80,80,80,80,80,85,85,42,42,42,42,42,42,42,42],"card_choices":[{"not_picked":["Predator","Prepared"],"picked":"Noxious Fumes","floor":1},{"not_picked":["Dagger Throw","Eviscerate"],"picked":"Crippling Poison","floor":2},{"not_picked":["Underhanded Strike","Choke"],"picked":"PiercingWail","floor":4},{"not_picked":["Terror","Bouncing Flask"],"picked":"Quick Slash","floor":7},{"not_picked":["Dagger Throw","Accuracy"],"picked":"Blur","floor":8},{"not_picked":["Slice","Sucker Punch"],"picked":"Deadly Poison","floor":10},{"not_picked":["Dodge and Roll","Riddle With Holes"],"picked":"PiercingWail","floor":12},{"not_picked":["Dagger Throw","Cloak And Dagger","Bane"],"picked":"SKIP","floor":14},{"not_picked":["Bullet Time","Unload"],"picked":"A Thousand Cuts","floor":16},{"not_picked":["Dagger Throw","Deadly Poison","Quick Slash"],"picked":"SKIP","floor":18},{"not_picked":["A Thousand Cuts","Reflex","Masterful Stab"],"picked":"SKIP","floor":23},{"not_picked":["Tactician+1","Sucker Punch","Flying Knee"],"picked":"SKIP","floor":27},{"not_picked":["Cloak And Dagger","Choke"],"picked":"Escape Plan+1","floor":28}],"player_experience":1626246,"relics_obtained":[{"floor":8,"key":"Paper Crane"},{"floor":9,"key":"Ancient Tea Set"},{"floor":23,"key":"Blood Vial"},{"floor":26,"key":"Whetstone"}],"event_choices":[{"damage_healed":26,"gold_gain":0,"player_choice":"Banana","damage_taken":0,"max_hp_gain":0,"max_hp_loss":0,"event_name":"Big Fish","floor":5,"gold_loss":0},{"damage_healed":0,"gold_gain":0,"player_choice":"Obtained Relic","damage_taken":0,"relics_obtained":["Centennial Puzzle"],"max_hp_gain":0,"max_hp_loss":0,"event_name":"Addict","floor":19,"gold_loss":85},{"damage_healed":0,"gold_gain":0,"player_choice":"Shed Blood","damage_taken":28,"max_hp_gain":5,"max_hp_loss":0,"event_name":"Forgotten Altar","floor":20,"gold_loss":0},{"damage_healed":0,"gold_gain":50,"player_choice":"Stole From Cult","damage_taken":0,"max_hp_gain":0,"max_hp_loss":0,"event_name":"Nest","floor":21,"gold_loss":0},{"damage_healed":0,"gold_gain":0,"player_choice":"Became a Ghost","damage_taken":0,"max_hp_gain":0,"max_hp_loss":43,"event_name":"Ghosts","floor":22,"gold_loss":0,"cards_obtained":["Ghostly","Ghostly","Ghostly"]}],"is_beta":false,"boss_relics":[{"not_picked":["Lizard Tail","Tiny House"],"picked":"Pandora\u0027s Box"}],"items_purged_floors":[3,13,25],"is_endless":false,"potions_floor_spawned":[2,7,10,16,23],"killed_by":"Snecko","ascension_level":15}