{"gold_per_floor":[116,133,133,49,49,94,106,138,173,204,216,241,283,307,319,405,417,405,436,448,460,472,484,523,545,612,634,646],"floor_reached":28,"playtime":826,"items_purged":[],"score":510,"play_id":"65ec38d7-0f7f-4e2d-9f64-a62fb8647760","local_time":"20190531222025","is_ascension_mode":true,"campfire_choices":[{"data":"Chaos","floor":7.0,"key":"SMITH"},{"data":"Zap","floor":11.0,"key":"SMITH"},{"data":"Dualcast","floor":15.0,"key":"SMITH"},{"data":"Loop","floor":23,"key":"SMITH"}],"neow_cost":"NONE","seed_source_timestamp":99927707865293,"circlet_count":0,"master_deck":["AscendersBane","Strike_B","Defend_B","Defend_B","Defend_B","Defend_B","Zap+1","Dualcast+1","Glacier","Self Repair","Chaos+1","Core Surge","Meteor Strike","Loop+1","Multi-Cast","Chill+1","Creative AI+1","Go for the Eyes+1","Steam Power+1","Hologram+1","Recycle"],"special_seed":0,"relics":["Cracked Core","NeowsBlessing","MawBank","Regal Pillow","Oddly Smooth Stone","Torii","Astrolabe","Vajra","Blood Vial","DataDisk"],"potions_floor_usage":[16,16,22,28],"damage_taken":[{"damage":0.0,"enemies":"Jaw Worm","floor":1.0,"turns":1.0},{"damage":0.0,"enemies":"Cultist","floor":2.0,"turns":1.0},{"damage":0.0,"enemies":"Lagavulin","floor":6.0,"turns":1.0},{"damage":3.0,"enemies":"2 Louse","floor":8.0,"turns":4.0},{"damage":11.0,"enemies":"Looter","floor":10.0,"turns":4.0},{"damage":14.0,"enemies":"Red Slaver","floor":12.0,"turns":4.0},{"damage":27.0,"enemies":"3 Sentries","floor":13.0,"turns":11.0},{"damage":8.0,"enemies":"Blue Slaver","floor":14.0,"turns":4.0},{"damage":24,"enemies":"Hexaghost","floor":16,"turns":9},{"damage":13,"enemies":"2 Thieves","floor":18,"turns":4},{"damage":21,"enemies":"3 Byrds","floor":19,"turns":6},{"damage":12,"enemies":"Colosseum Slavers","floor":22,"turns":5},{"damage":31,"enemies":"Snake Plant","floor":25,"turns":6},{"damage":2,"enemies":"Centurion and Healer","floor":27,"turns":9},{"damage":15,"enemies":"Gremlin Leader","floor":28,"turns":4}],"seed_played":"-2800432856463940742","potions_obtained":[{"floor":2.0,"key":"GamblersBrew"},{"floor":8.0,"key":"SkillPotion"},{"floor":12.0,"key":"FocusPotion"},{"floor":18,"key":"AttackPotion"},{"floor":27,"key":"Ancient Potion"}],"is_trial":false,"path_per_floor":["M","M","?","$","?","E","R","M","T","M","R","M","E","M","R","B",null,"M","M","T","?","?","R","T","M","T","M","E"],"character_chosen":"DEFECT","items_purchased":["Self Repair"],"campfire_rested":0,"item_purchase_floors":[4],"current_hp_per_floor":[64,64,64,64,64,64,64,61,61,57,57,50,30,29,29,12,56,50,36,36,36,31,31,31,9,9,16,3],"gold":646,"neow_bonus":"THREE_ENEMY_KILL","is_prod":false,"is_daily":false,"chose_seed":false,"campfire_upgraded":4,"win_rate":0,"timestamp":1559312425,"path_taken":["M","M","?","$","?","E","R","M","T","M","R","M","E","M","R","BOSS","M","M","?","?","?","R","?","?","T","M","E"],"build_version":"2019-01-23","purchased_purges":0,"victory":false,"max_hp_per_floor":[71,71,71,71,71,71,71,71,71,71,71,71,71,71,71,71,71,71,71,71,71,71,71,71,71,71,71,71],"card_choices":[{"not_picked":["Barrage","Streamline","Reinforced Body"],"picked":"SKIP","floor":1.0},{"not_picked":["Compile Driver","Sweeping Beam"],"picked":"Glacier","floor":2.0},{"not_picked":["Leap","Double Energy"],"picked":"Chaos","floor":6.0},{"not_picked":["Storm","Barrage"],"picked":"Core Surge","floor":8.0},{"not_picked":["Barrage","Streamline","Steam"],"picked":"SKIP","floor":10.0},{"not_picked":["Stack","Conserve Battery","Steam Power"],"picked":"SKIP","floor":12.0},{"not_picked":["Steam","Ball Lightning"],"picked":"Meteor Strike","floor":13.0},{"not_picked":["Steam","Barrage"],"picked":"Loop","floor":14.0},{"not_picked":["Machine Learning","Rainbow"],"picked":"Multi-Cast","floor":16},{"not_picked":["Go for the Eyes","Chaos","Blizzard"],"picked":"SKIP","floor":18},{"not_picked":["Beam Cell","Self Repair"],"picked":"Steam Power+1","floor":19},{"not_picked":["Static Discharge","Conserve Battery"],"picked":"Hologram+1","floor":25},{"not_picked":["Skim+1","Stack"],"picked":"Recycle","floor":27}],"player_experience":1809340,"relics_obtained":[{"floor":6.0,"key":"Regal Pillow"},{"floor":9.0,"key":"Oddly Smooth Stone"},{"floor":13.0,"key":"Torii"},{"floor":20,"key":"Vajra"},{"floor":24,"key":"Blood Vial"},{"floor":26,"key":"DataDisk"}],"event_choices":[{"damage_healed":0.0,"max_hp_gain":0.0,"max_hp_loss":0.0,"gold_gain":0.0,"event_name":"Liars Game","player_choice":"Ignored","floor":3.0,"gold_loss":0.0,"damage_taken":0.0},{"damage_healed":0.0,"max_hp_gain":0.0,"max_hp_loss":0.0,"gold_gain":0.0,"event_name":"WeMeetAgain","player_choice":"Gave Potion","floor":5.0,"gold_loss":0.0,"damage_taken":0.0,"relics_obtained":["MawBank"]},{"damage_healed":0,"gold_gain":0,"player_choice":"Ignored","damage_taken":0,"max_hp_gain":0,"max_hp_loss":0,"event_name":"The Mausoleum","floor":21,"gold_loss":0},{"damage_healed":0,"gold_gain":0,"player_choice":"Fight","damage_taken":0,"max_hp_gain":0,"max_hp_loss":0,"event_name":"Colosseum","floor":22,"gold_loss":0},{"damage_healed":0,"gold_gain":0,"player_choice":"Fled From Nobs","damage_taken":0,"max_hp_gain":0,"max_hp_loss":0,"event_name":"Colosseum","floor":22,"gold_loss":0}],"is_beta":false,"boss_relics":[{"not_picked":["Cursed Key","Tiny House"],"picked":"Astrolabe"}],"items_purged_floors":[],"is_endless":false,"potions_floor_spawned":[2,8,12,18,22,27],"killed_by":"Gremlin Leader","ascension_level":20}