{"gold_per_floor":[111,35,54,71,81,81,94,113,140,152,152,39,39,52,52,156,156,176,28,47,66,12,12,43,43],"floor_reached":25,"playtime":1365,"items_purged":["Strike_G"],"score":217,"play_id":"5b93e9de-4c1b-43a1-b6c6-19d6532cc1de","local_time":"20190306001432","is_ascension_mode":false,"campfire_choices":[{"data":"Terror","floor":6,"key":"SMITH"},{"data":"Noxious Fumes","floor":11,"key":"SMITH"},{"data":"Footwork","floor":13,"key":"SMITH"},{"floor":15,"key":"REST"},{"data":"Catalyst","floor":23,"key":"SMITH"}],"neow_cost":"NONE","seed_source_timestamp":370343712959722,"circlet_count":0,"master_deck":["Defend_G","Defend_G","Defend_G","Defend_G","Defend_G","Strike_G","Strike_G","Strike_G","Strike_G","Survivor","Neutralize","Dagger Throw","Quick Slash","Noxious Fumes+1","Catalyst+1","Terror+1","All Out Attack","Tactician","Tactician","Poisoned Stab","Footwork+1","Dagger Spray","Bullet Time","Slice+1","Backstab","Skewer","Bane","Tools of the Trade"],"relics":["Ring of the Snake","Sozu","Blood Vial","Letter Opener"],"potions_floor_usage":[14,16,16,21,24],"damage_taken":[{"damage":1,"enemies":"Cultist","floor":1,"turns":3},{"damage":0,"enemies":"Jaw Worm","floor":3,"turns":5},{"damage":0,"enemies":"2 Louse","floor":4,"turns":3},{"damage":4,"enemies":"Exordium Thugs","floor":5,"turns":5},{"damage":2,"enemies":"Looter","floor":7,"turns":3},{"damage":0,"enemies":"Exordium Wildlife","floor":8,"turns":2},{"damage":0,"enemies":"Gremlin Gang","floor":10,"turns":3},{"damage":13,"enemies":"Large Slime","floor":14,"turns":4},{"damage":1,"enemies":"Slime Boss","floor":16,"turns":7},{"damage":3,"enemies":"3 Byrds","floor":18,"turns":3},{"damage":3,"enemies":"Shell Parasite","floor":20,"turns":5},{"damage":15,"enemies":"Snecko","floor":21,"turns":5},{"damage":41,"enemies":"Gremlin Leader","floor":24,"turns":6},{"damage":22,"enemies":"3 Cultists","floor":25,"turns":4}],"seed_played":"3257874595267162806","potions_obtained":[{"floor":3,"key":"SpeedPotion"},{"floor":5,"key":"GhostInAJar"},{"floor":8,"key":"Explosive Potion"},{"floor":14,"key":"PowerPotion"},{"floor":16,"key":"GhostInAJar"}],"is_trial":false,"path_per_floor":["M","$","M","M","M","R","M","M","T","M","R","$","R","M","R","B",null,"M","$","M","M","$","R","E","M"],"character_chosen":"THE_SILENT","items_purchased":["Noxious Fumes","Footwork","Blood Vial","Bane"],"campfire_rested":1,"item_purchase_floors":[2,12,19,22],"current_hp_per_floor":[69,69,69,69,65,65,63,63,63,63,63,63,63,50,70,69,70,67,67,66,53,53,53,14,0],"gold":43,"neow_bonus":"THREE_CARDS","is_prod":false,"is_daily":false,"chose_seed":false,"campfire_upgraded":4,"win_rate":0,"timestamp":1551849272,"path_taken":["M","$","M","M","M","R","M","M","T","M","R","$","R","M","R","BOSS","M","$","?","M","$","R","E","M"],"build_version":"2019-01-23","purchased_purges":1,"victory":false,"max_hp_per_floor":[70,70,70,70,70,70,70,70,70,70,70,70,70,70,70,70,70,70,70,70,70,70,70,70,70],"card_choices":[{"not_picked":["Dodge and Roll","Deflect"],"picked":"Dagger Throw","floor":0},{"not_picked":["Crippling Poison","Endless Agony"],"picked":"Quick Slash","floor":1},{"not_picked":["Bouncing Flask","Setup"],"picked":"Catalyst","floor":3},{"not_picked":["Escape Plan","Dodge and Roll"],"picked":"Terror","floor":4},{"not_picked":["Distraction","Cloak And Dagger"],"picked":"All Out Attack","floor":5},{"not_picked":["Poisoned Stab","Cloak And Dagger"],"picked":"Tactician","floor":7},{"not_picked":["Dash","Dagger Spray"],"picked":"Tactician","floor":8},{"not_picked":["Escape Plan","Leg Sweep"],"picked":"Poisoned Stab","floor":10},{"not_picked":["Acrobatics","Eviscerate"],"picked":"Dagger Spray","floor":14},{"not_picked":["A Thousand Cuts","Phantasmal Killer"],"picked":"Bullet Time","floor":16},{"not_picked":["Cloak And Dagger","Dagger Spray"],"picked":"Slice+1","floor":18},{"not_picked":["Flying Knee","Sucker Punch"],"picked":"Backstab","floor":20},{"not_picked":["PiercingWail","Prepared+1"],"picked":"Skewer","floor":21},{"not_picked":["Deflect","Masterful Stab"],"picked":"Tools of the Trade","floor":24}],"player_experience":635042,"relics_obtained":[{"floor":24,"key":"Letter Opener"}],"event_choices":[],"is_beta":false,"boss_relics":[{"not_picked":["Ring of the Serpent","Runic Pyramid"],"picked":"Sozu"}],"items_purged_floors":[12],"is_endless":false,"potions_floor_spawned":[3,5,8,14,16,20],"killed_by":"3 Cultists","ascension_level":0}