{"gold_per_floor":[114,22,122,140,140,172,142,142,142,170,188,188,188,207,207,326,326,341,360,410,423,22,22,57,57,57,57,57],"floor_reached":28,"playtime":2139,"items_purged":[],"score":269,"play_id":"4adf40e2-79dd-48a2-acb8-14b65e22bb22","local_time":"20190721023850","is_ascension_mode":false,"campfire_choices":[{"data":"Slice","floor":8,"key":"SMITH"},{"data":"Terror","floor":15,"key":"SMITH"},{"floor":23,"key":"REST"},{"data":"Die Die Die","floor":25,"key":"SMITH"}],"neow_cost":"NONE","seed_source_timestamp":877087323936300,"circlet_count":0,"master_deck":["Strike_G","Strike_G","Strike_G","Strike_G","Defend_G","Defend_G","Defend_G","Defend_G","Defend_G","Survivor","Neutralize","Flying Knee","Deadly Poison","Noxious Fumes","Dash","Slice+1","Outmaneuver","Blur","Injury","Terror+1","Die Die Die+1","Quick Slash+1","Endless Agony+1","Flying Knee+1","Dodge and Roll+1","Writhe"],"relics":["Ring of the Snake","PreservedInsect","Nunchaku","Darkstone Periapt","Pear","Golden Idol","Sozu","Molten Egg 2","Boot","Anchor","Toxic Egg 2","FossilizedHelix"],"potions_floor_usage":[6,10,16,16,16,16,16],"damage_taken":[{"damage":2,"enemies":"Small Slimes","floor":1,"turns":5},{"damage":0,"enemies":"Cultist","floor":4,"turns":3},{"damage":2,"enemies":"Gremlin Nob","floor":6,"turns":4},{"damage":4,"enemies":"3 Sentries","floor":10,"turns":5},{"damage":0,"enemies":"Jaw Worm","floor":11,"turns":3},{"damage":0,"enemies":"3 Louse","floor":14,"turns":4},{"damage":33,"enemies":"The Guardian","floor":16,"turns":11},{"damage":2,"enemies":"Shell Parasite","floor":18,"turns":7},{"damage":27,"enemies":"Chosen","floor":19,"turns":5},{"damage":9,"enemies":"Centurion and Healer","floor":21,"turns":8},{"damage":12,"enemies":"Book of Stabbing","floor":24,"turns":4},{"damage":80,"enemies":"Gremlin Leader","floor":28,"turns":4}],"seed_played":"6580012986288265887","potions_obtained":[{"floor":1,"key":"GhostInAJar"},{"floor":6,"key":"AttackPotion"},{"floor":7,"key":"SmokeBomb"},{"floor":7,"key":"EntropicBrew"},{"floor":14,"key":"SpeedPotion"}],"is_trial":false,"path_per_floor":["M","$","?","M","?","E","?","R","T","E","M","?","?","M","R","B",null,"M","M","?","M","$","R","E","R","T","?","E"],"character_chosen":"THE_SILENT","items_purchased":["Deadly Poison","Noxious Fumes","Molten Egg 2","Boot"],"campfire_rested":1,"item_purchase_floors":[2,2,22,22],"current_hp_per_floor":[68,68,68,68,73,71,71,71,71,77,77,83,83,83,83,50,91,89,62,62,53,53,80,68,68,68,74,0],"gold":57,"neow_bonus":"RANDOM_COMMON_RELIC","is_prod":false,"is_daily":false,"chose_seed":false,"campfire_upgraded":3,"win_rate":0.0,"timestamp":1563694730,"path_taken":["M","$","?","?","?","E","?","R","T","E","?","?","?","M","R","BOSS","M","?","?","?","$","R","E","R","T","?","E"],"build_version":"2019-07-17","purchased_purges":0,"victory":false,"max_hp_per_floor":[70,70,70,70,75,75,75,75,75,85,85,91,91,91,91,91,91,91,91,91,91,91,91,91,91,91,97,97],"card_choices":[{"not_picked":["Caltrops","Riddle With Holes"],"picked":"Flying Knee","floor":1},{"not_picked":["Acrobatics","Terror"],"picked":"Dash","floor":4},{"not_picked":["Dagger Throw","Catalyst"],"picked":"Slice","floor":6},{"not_picked":["Flechettes","Backflip"],"picked":"Outmaneuver","floor":10},{"not_picked":["Predator","Terror"],"picked":"Blur","floor":11},{"not_picked":["Prepared","Crippling Poison"],"picked":"Terror","floor":14},{"not_picked":["Adrenaline","Phantasmal Killer"],"picked":"Die Die Die","floor":16},{"not_picked":["Blade Dance","Eviscerate"],"picked":"Quick Slash+1","floor":18},{"not_picked":["Masterful Stab","Quick Slash+1"],"picked":"Endless Agony+1","floor":19},{"not_picked":["Skewer","Blur"],"picked":"Flying Knee+1","floor":21},{"not_picked":["PiercingWail+1","Quick Slash+1"],"picked":"Dodge and Roll+1","floor":24}],"player_experience":131243,"relics_obtained":[{"floor":6,"key":"Nunchaku"},{"floor":9,"key":"Darkstone Periapt"},{"floor":10,"key":"Pear"},{"floor":24,"key":"Anchor"},{"floor":26,"key":"Toxic Egg 2"}],"event_choices":[{"damage_healed":0,"gold_gain":100,"player_choice":"Pray","damage_taken":0,"max_hp_gain":0,"max_hp_loss":0,"event_name":"Golden Shrine","floor":3,"gold_loss":0},{"damage_healed":0,"gold_gain":0,"player_choice":"Donut","damage_taken":0,"max_hp_gain":5,"max_hp_loss":0,"event_name":"Big Fish","floor":5,"gold_loss":0},{"damage_healed":0,"gold_gain":0,"player_choice":"Bought 2 Potions","damage_taken":0,"max_hp_gain":0,"max_hp_loss":0,"event_name":"The Woman in Blue","floor":7,"gold_loss":0},{"damage_healed":0,"gold_gain":0,"player_choice":"Take Wound","damage_taken":0,"relics_obtained":["Golden Idol"],"max_hp_gain":0,"max_hp_loss":0,"event_name":"Golden Idol","floor":12,"gold_loss":0,"cards_obtained":["Injury"]},{"cards_removed":["Strike_G"],"damage_healed":0,"gold_gain":0,"player_choice":"Purged","damage_taken":0,"max_hp_gain":0,"max_hp_loss":0,"event_name":"Purifier","floor":13,"gold_loss":0},{"damage_healed":0,"gold_gain":100,"player_choice":"Bet on Murderer","damage_taken":0,"max_hp_gain":0,"max_hp_loss":0,"event_name":"The Joust","floor":20,"gold_loss":50},{"damage_healed":0,"gold_gain":0,"player_choice":"Opened","damage_taken":0,"relics_obtained":["FossilizedHelix"],"max_hp_gain":0,"max_hp_loss":0,"event_name":"The Mausoleum","floor":27,"gold_loss":0,"cards_obtained":["Writhe"]}],"is_beta":false,"boss_relics":[{"not_picked":["Velvet Choker","Tiny House"],"picked":"Sozu"}],"items_purged_floors":[],"is_endless":false,"potions_floor_spawned":[1,6,14,18,21,24],"killed_by":"Gremlin Leader","ascension_level":0}