{"gold_per_floor":[110,130,149,66,66,99,24,38,38,116,130,110,126,142,142,219,219,232,75,107,125,139,139,139],"floor_reached":24,"playtime":629,"items_purged":["Strike_B","Strike_B"],"score":400,"play_id":"41ea4b2f-faf2-48a2-841c-4ef9356660e5","local_time":"20190719193655","is_ascension_mode":true,"campfire_choices":[{"data":"Sunder","floor":15,"key":"SMITH"},{"data":"Skim","floor":23,"key":"SMITH"}],"neow_cost":"NONE","seed_source_timestamp":92855224056198,"circlet_count":0,"master_deck":["AscendersBane","Strike_B","Strike_B","Defend_B","Defend_B","Defend_B","Defend_B","Zap","Dualcast","Chaos","Meteor Strike","Skim+1","Sunder+1","Ball Lightning","Cold Snap","Fusion","Undo","Beam Cell","Biased Cognition","Recycle+1","Turbo","Tempest","Self Repair"],"relics":["Cracked Core","NeowsBlessing","Incense Burner","Bird Faced Urn","Bottled Lightning","Coffee Dripper","Red Mask"],"potions_floor_usage":[11,16,16,20,20,21,22],"damage_taken":[{"damage":0,"enemies":"Cultist","floor":1,"turns":1},{"damage":0,"enemies":"2 Louse","floor":2,"turns":1},{"damage":0,"enemies":"Jaw Worm","floor":3,"turns":1},{"damage":16,"enemies":"Lagavulin","floor":6,"turns":7},{"damage":9,"enemies":"3 Louse","floor":8,"turns":3},{"damage":9,"enemies":"Lots of Slimes","floor":11,"turns":3},{"damage":7,"enemies":"Blue Slaver","floor":13,"turns":4},{"damage":3,"enemies":"Exordium Wildlife","floor":14,"turns":3},{"damage":2,"enemies":"Slime Boss","floor":16,"turns":9},{"damage":13,"enemies":"Chosen","floor":18,"turns":4},{"damage":8,"enemies":"Masked Bandits","floor":20,"turns":4},{"damage":0,"enemies":"3 Byrds","floor":21,"turns":2},{"damage":1,"enemies":"Sentry and Sphere","floor":22,"turns":3},{"damage":13,"enemies":"Book of Stabbing","floor":24,"turns":4}],"seed_played":"8902005954069442763","potions_obtained":[{"floor":3,"key":"Fire Potion"},{"floor":6,"key":"PowerPotion"},{"floor":11,"key":"Block Potion"},{"floor":12,"key":"SneckoOil"},{"floor":16,"key":"FearPotion"},{"floor":20,"key":"LiquidBronze"},{"floor":21,"key":"SkillPotion"}],"is_trial":false,"path_per_floor":["M","M","M","$","?","E","$","M","T","T","M","?","M","M","R","B",null,"M","$","?","M","M","R","E"],"character_chosen":"DEFECT","items_purchased":["Sunder","Swift Potion"],"campfire_rested":0,"item_purchase_floors":[4,19],"current_hp_per_floor":[64,64,64,64,64,48,48,39,39,39,30,30,23,20,20,20,58,45,45,39,41,42,42,33],"gold":139,"neow_bonus":"THREE_ENEMY_KILL","is_prod":false,"is_daily":false,"chose_seed":false,"campfire_upgraded":2,"win_rate":0,"timestamp":1563536215,"path_taken":["M","M","?","$","?","E","$","M","T","?","M","?","M","M","R","BOSS","M","?","?","M","M","R","E"],"build_version":"2019-07-17","purchased_purges":2,"victory":false,"max_hp_per_floor":[71,71,71,71,71,71,71,71,71,71,71,71,71,71,71,71,71,71,71,71,71,71,71,71],"card_choices":[{"not_picked":["Leap","Sweeping Beam"],"picked":"Chaos","floor":1},{"not_picked":["Glacier","Sweeping Beam"],"picked":"Meteor Strike","floor":2},{"not_picked":["Ball Lightning","Blizzard"],"picked":"Skim","floor":3},{"not_picked":["Stack","Leap"],"picked":"Ball Lightning","floor":6},{"not_picked":["Capacitor","Hologram"],"picked":"Cold Snap","floor":8},{"not_picked":["Ball Lightning","Redo"],"picked":"Fusion","floor":11},{"not_picked":["Redo","Steam"],"picked":"Undo","floor":13},{"not_picked":["FTL","Stack"],"picked":"Beam Cell","floor":14},{"not_picked":["All For One","Fission"],"picked":"Biased Cognition","floor":16},{"not_picked":["Defragment","Rebound"],"picked":"Recycle+1","floor":18},{"not_picked":["Cold Snap","Beam Cell"],"picked":"Turbo","floor":20},{"not_picked":["Gash","Go for the Eyes"],"picked":"Tempest","floor":21},{"not_picked":["Barrage","Beam Cell"],"picked":"Self Repair","floor":22}],"player_experience":2042638,"relics_obtained":[{"floor":6,"key":"Incense Burner"},{"floor":9,"key":"Bird Faced Urn"},{"floor":10,"key":"Bottled Lightning"},{"floor":20,"key":"Red Mask"}],"event_choices":[{"damage_healed":0,"gold_gain":0,"player_choice":"Leave","damage_taken":0,"max_hp_gain":0,"max_hp_loss":0,"event_name":"The Cleric","floor":5,"gold_loss":0},{"damage_healed":0,"gold_gain":0,"player_choice":"Bought 1 Potion","damage_taken":0,"max_hp_gain":0,"max_hp_loss":0,"event_name":"The Woman in Blue","floor":12,"gold_loss":0},{"damage_healed":0,"gold_gain":0,"player_choice":"Fought Bandits","damage_taken":0,"max_hp_gain":0,"max_hp_loss":0,"event_name":"Masked Bandits","floor":20,"gold_loss":0}],"is_beta":false,"boss_relics":[{"not_picked":["Cursed Key","Inserter"],"picked":"Coffee Dripper"}],"items_purged_floors":[7,19],"is_endless":false,"potions_floor_spawned":[3,6,11,16,20,21],"killed_by":"Book of Stabbing","ascension_level":20}