{"gold_per_floor":[361,361,239,249,263,263,290,290,313,313,343,343,358,391,391,463,463,479,496,496,411,411,411],"floor_reached":23,"playtime":796,"items_purged":["Strike_R"],"score":362,"play_id":"9065d40a-fdc7-45c5-9413-7a7a13e53eb1","local_time":"20190801223111","is_ascension_mode":true,"campfire_choices":[{"data":"Havoc","floor":6,"key":"SMITH"},{"data":"Shockwave","floor":8,"key":"SMITH"},{"data":"True Grit","floor":12,"key":"SMITH"},{"data":"Anger","floor":15,"key":"SMITH"}],"neow_cost":"TEN_PERCENT_HP_LOSS","seed_source_timestamp":511329980735467,"circlet_count":0,"master_deck":["AscendersBane","Strike_R","Strike_R","Defend_R","Defend_R","Defend_R","Defend_R","Bash+1","Anger+1","Shockwave+1","Havoc+1","Ghostly Armor","True Grit+1","Power Through","Headbutt","Demon Form","True Grit","Cleave","Body Slam","Blood for Blood"],"relics":["Burning Blood","Smiling Mask","Mercury Hourglass","Art of War","Bag of Marbles","Nunchaku","Eternal Feather","Nloth\u0027s Gift"],"potions_floor_usage":[7,7,11,23],"damage_taken":[{"damage":1,"enemies":"Cultist","floor":1,"turns":3},{"damage":9,"enemies":"Jaw Worm","floor":4,"turns":4},{"damage":7,"enemies":"2 Louse","floor":5,"turns":3},{"damage":13,"enemies":"Lagavulin","floor":7,"turns":7},{"damage":23,"enemies":"Gremlin Nob","floor":11,"turns":5},{"damage":0,"enemies":"2 Fungi Beasts","floor":13,"turns":3},{"damage":1,"enemies":"Lagavulin","floor":14,"turns":9},{"damage":17,"enemies":"The Guardian","floor":16,"turns":11},{"damage":27,"enemies":"Spheric Guardian","floor":18,"turns":7},{"damage":18,"enemies":"Shell Parasite","floor":19,"turns":6},{"damage":26,"enemies":"Slavers","floor":23,"turns":3}],"seed_played":"3923552061647305684","potions_obtained":[{"floor":1,"key":"SteroidPotion"},{"floor":4,"key":"Block Potion"},{"floor":7,"key":"Block Potion"},{"floor":14,"key":"PowerPotion"}],"is_trial":false,"path_per_floor":["M","?","$","M","M","R","E","R","T","?","E","R","M","E","R","B",null,"M","M","?","?","?","E"],"character_chosen":"IRONCLAD","items_purchased":["Shockwave"],"campfire_rested":0,"item_purchase_floors":[3],"current_hp_per_floor":[68,57,57,54,53,53,46,46,46,46,29,29,35,40,40,29,58,37,25,25,25,25,0],"gold":411,"neow_bonus":"TWO_FIFTY_GOLD","is_prod":false,"is_daily":false,"chose_seed":false,"campfire_upgraded":4,"win_rate":0,"timestamp":1564713071,"path_taken":["M","?","$","M","M","R","E","R","T","?","E","R","?","E","R","BOSS","M","M","?","?","?","E"],"build_version":"2019-07-17","purchased_purges":1,"victory":false,"max_hp_per_floor":[68,68,68,68,68,68,68,68,68,68,68,68,68,68,68,68,68,68,68,68,68,68,68],"card_choices":[{"not_picked":["Dual Wield","Rupture"],"picked":"Anger","floor":1},{"not_picked":["Second Wind","Burning Pact"],"picked":"Havoc","floor":4},{"not_picked":["Iron Wave","Anger"],"picked":"Ghostly Armor","floor":5},{"not_picked":["Entrench","Second Wind"],"picked":"True Grit","floor":7},{"not_picked":["Flex","Body Slam"],"picked":"Power Through","floor":11},{"not_picked":["Seeing Red","Anger"],"picked":"Headbutt","floor":13},{"not_picked":["Heavy Blade","Second Wind","Hemokinesis"],"picked":"SKIP","floor":14},{"not_picked":["Bludgeon","Juggernaut"],"picked":"Demon Form","floor":16},{"not_picked":["Power Through","Body Slam"],"picked":"True Grit","floor":18},{"not_picked":["Rampage","Dual Wield"],"picked":"Cleave","floor":19}],"player_experience":1635890,"relics_obtained":[{"floor":7,"key":"Mercury Hourglass"},{"floor":9,"key":"Art of War"},{"floor":11,"key":"Bag of Marbles"},{"floor":14,"key":"Nunchaku"}],"event_choices":[{"damage_healed":0,"gold_gain":0,"player_choice":"Success","damage_taken":11,"relics_obtained":["Smiling Mask"],"max_hp_gain":0,"max_hp_loss":0,"event_name":"Scrap Ooze","floor":2,"gold_loss":0},{"damage_healed":0,"gold_gain":0,"player_choice":"Upgraded","damage_taken":0,"max_hp_gain":0,"max_hp_loss":0,"event_name":"Upgrade Shrine","floor":10,"gold_loss":0,"cards_upgraded":["Bash"]},{"damage_healed":0,"gold_gain":0,"cards_transformed":["Strike_R","Strike_R"],"player_choice":"Became Test Subject","damage_taken":0,"max_hp_gain":0,"max_hp_loss":0,"event_name":"Drug Dealer","floor":20,"gold_loss":0,"cards_obtained":["Body Slam","Blood for Blood"]},{"damage_healed":0,"gold_gain":0,"player_choice":"Obtained Relic","damage_taken":0,"relics_obtained":["Anchor"],"max_hp_gain":0,"max_hp_loss":0,"event_name":"Addict","floor":21,"gold_loss":85},{"damage_healed":0,"gold_gain":0,"player_choice":"Traded Relic","damage_taken":0,"relics_obtained":["Nloth\u0027s Gift"],"max_hp_gain":0,"max_hp_loss":0,"event_name":"N\u0027loth","floor":22,"relics_lost":["Anchor"],"gold_loss":0}],"is_beta":false,"boss_relics":[{"not_picked":["Orrery","Velvet Choker"],"picked":"Eternal Feather"}],"items_purged_floors":[3],"is_endless":false,"potions_floor_spawned":[1,4,7,14],"killed_by":"Slavers","ascension_level":15}