{"gold_per_floor":[11,24,43,43,43,43,78,78,78,29,41,41,41,61,61,165,165,175,186,186,202,219,219,231,231,258,278,278,553,553,396,396,396],"floor_reached":33,"playtime":1362,"items_purged":[],"score":247,"play_id":"a1e94e9b-7adc-4d02-9606-9b65c8e7d91e","local_time":"20190213232407","is_ascension_mode":false,"campfire_choices":[{"data":"Quick Slash","floor":6.0,"key":"SMITH"},{"floor":8.0,"key":"REST"},{"floor":12.0,"key":"REST"},{"data":"Footwork","floor":15.0,"key":"SMITH"},{"data":"Footwork","floor":23,"key":"SMITH"},{"floor":25,"key":"REST"},{"data":"Cloak And Dagger","floor":30,"key":"SMITH"},{"data":"Accuracy","floor":32,"key":"SMITH"}],"neow_cost":"NO_GOLD","seed_source_timestamp":0,"circlet_count":0,"master_deck":["Defend_G","Defend_G","Defend_G","Defend_G+1","Defend_G","Strike_G","Strike_G","Strike_G","Strike_G+1","Strike_G","Survivor","Neutralize","Finisher","Quick Slash+1","Finisher","Flying Knee","Footwork+1","Accuracy+1","Burst","Footwork+1","Slice+1","Shame","Noxious Fumes+1","Dodge and Roll","Cloak And Dagger+1","Decay","Regret"],"special_seed":0,"relics":["Ring of the Serpent","Du-Vu Doll","Thread and Needle","Ninja Scroll","Dream Catcher","Ancient Tea Set"],"potions_floor_usage":[16,16,16,22,27,33],"damage_taken":[{"damage":1.0,"enemies":"2 Louse","floor":1.0,"turns":3.0},{"damage":0.0,"enemies":"Small Slimes","floor":2.0,"turns":3.0},{"damage":0.0,"enemies":"Cultist","floor":3.0,"turns":3.0},{"damage":46.0,"enemies":"Lagavulin","floor":7.0,"turns":7.0},{"damage":0.0,"enemies":"Looter","floor":11.0,"turns":2.0},{"damage":0.0,"enemies":"Exordium Thugs","floor":14.0,"turns":2.0},{"damage":3,"enemies":"The Guardian","floor":16,"turns":7},{"damage":0,"enemies":"Shell Parasite","floor":18,"turns":3},{"damage":0,"enemies":"Spheric Guardian","floor":19,"turns":1},{"damage":9,"enemies":"Snake Plant","floor":21,"turns":4},{"damage":25,"enemies":"Chosen and Byrds","floor":22,"turns":8},{"damage":21,"enemies":"Snecko","floor":24,"turns":5},{"damage":1,"enemies":"Centurion and Healer","floor":27,"turns":6},{"damage":71,"enemies":"Collector","floor":33,"turns":7}],"seed_played":"-7266566233017405643","potions_obtained":[{"floor":2.0,"key":"PowerPotion"},{"floor":7.0,"key":"Energy Potion"},{"floor":14.0,"key":"Strength Potion"},{"floor":18,"key":"Regen Potion"},{"floor":19,"key":"Regen Potion"},{"floor":24,"key":"GamblersBrew"}],"is_trial":false,"path_per_floor":["M","M","M","?","$","R","E","R","T","?","M","R","$","M","R","B",null,"M","M","?","M","M","R","M","R","T","M","?","?","R","$","R","B"],"character_chosen":"THE_SILENT","items_purchased":["Ancient Tea Set"],"campfire_rested":3,"item_purchase_floors":[31],"current_hp_per_floor":[69,69,69,55,55,55,9,30,30,30,30,51,51,51,51,48,70,70,70,70,61,47,47,26,47,47,61,61,61,61,61,61,0],"gold":396,"neow_bonus":"ONE_RARE_RELIC","is_prod":false,"is_daily":false,"chose_seed":false,"campfire_upgraded":5,"win_rate":0,"timestamp":1550118247,"path_taken":["M","M","M","?","$","R","E","R","T","?","M","R","$","M","R","BOSS","M","M","?","M","M","R","M","R","T","M","?","?","R","$","R","BOSS"],"build_version":"2019-01-23","purchased_purges":0,"victory":false,"max_hp_per_floor":[70,70,70,70,70,70,70,70,70,70,70,70,70,70,70,70,70,70,70,70,70,70,70,70,70,70,70,70,70,70,70,70,70],"card_choices":[{"not_picked":["Deflect","Sucker Punch"],"picked":"Finisher","floor":1.0},{"not_picked":["Outmaneuver","Concentrate"],"picked":"Quick Slash","floor":2.0},{"not_picked":["Slice","PiercingWail"],"picked":"Finisher","floor":3.0},{"not_picked":["Concentrate","Outmaneuver"],"picked":"Flying Knee","floor":7.0},{"not_picked":["Phantasmal Killer","Heel Hook"],"picked":"Footwork","floor":11.0},{"not_picked":["Endless Agony","Acrobatics"],"picked":"Accuracy","floor":14.0},{"not_picked":["Phantasmal Killer","After Image"],"picked":"Burst","floor":16},{"not_picked":["Dagger Throw+1","Flying Knee+1"],"picked":"Footwork","floor":18},{"not_picked":["Heel Hook","Dagger Throw+1"],"picked":"Slice+1","floor":19},{"not_picked":["Acrobatics","Dagger Spray","Skewer"],"picked":"SKIP","floor":21},{"not_picked":["Poisoned Stab","Prepared+1"],"picked":"Noxious Fumes+1","floor":22},{"not_picked":["Bane","Flying Knee","Quick Slash"],"picked":"SKIP","floor":24},{"not_picked":["Escape Plan","Deadly Poison"],"picked":"Dodge and Roll","floor":25},{"not_picked":["Leg Sweep","Reflex"],"picked":"Cloak And Dagger","floor":27}],"player_experience":567194,"relics_obtained":[{"floor":7.0,"key":"Thread and Needle"},{"floor":9.0,"key":"Ninja Scroll"}],"event_choices":[{"damage_healed":0.0,"max_hp_gain":0.0,"max_hp_loss":0.0,"gold_gain":0.0,"event_name":"Shining Light","player_choice":"Entered Light","floor":4.0,"gold_loss":0.0,"damage_taken":14.0,"cards_upgraded":["Strike_G","Defend_G"]},{"damage_healed":0.0,"max_hp_gain":0.0,"max_hp_loss":0.0,"gold_gain":0.0,"event_name":"World of Goop","player_choice":"Left Gold","floor":10.0,"gold_loss":49.0,"damage_taken":0.0},{"damage_healed":0,"gold_gain":0,"player_choice":"Stole Relic","damage_taken":0,"relics_obtained":["Dream Catcher"],"max_hp_gain":0,"max_hp_loss":0,"event_name":"Addict","floor":20,"gold_loss":0,"cards_obtained":["Shame"]},{"damage_healed":0,"gold_gain":0,"player_choice":"Smashed Altar","damage_taken":0,"max_hp_gain":0,"max_hp_loss":0,"event_name":"Forgotten Altar","floor":28,"gold_loss":0,"cards_obtained":["Decay"]},{"damage_healed":0,"gold_gain":275,"player_choice":"Desecrate","damage_taken":0,"max_hp_gain":0,"max_hp_loss":0,"event_name":"Golden Shrine","floor":29,"gold_loss":0,"cards_obtained":["Regret"]}],"is_beta":false,"boss_relics":[{"not_picked":["Coffee Dripper","Runic Pyramid"],"picked":"Ring of the Serpent"}],"items_purged_floors":[],"is_endless":false,"potions_floor_spawned":[2,7,14,18,19,24],"killed_by":"Collector","ascension_level":0}