{"gold_per_floor":[367,137,137,153,163,188,188,223,305,333,333,352,386,386,386,486,486,486,432,432,357,357,357],"floor_reached":23,"playtime":1721,"items_purged":["Strike_B"],"score":274,"play_id":"5e769135-0224-4795-b60c-f45fd23201dc","local_time":"20180722150837","is_ascension_mode":true,"campfire_choices":[{"data":"Zap","floor":7,"key":"SMITH"},{"data":"Hologram","floor":15,"key":"SMITH"}],"neow_cost":"TEN_PERCENT_HP_LOSS","seed_source_timestamp":86958485091736,"circlet_count":0,"master_deck":["Strike_B","Defend_B","Defend_B","Defend_B","Defend_B","Zap+1","Dualcast","Coolheaded","Meteor Strike","Zap","Steam","Cold Snap","Hologram+1","BootSequence","Beam Cell","Skim","Hologram","Echo Form","Fusion+1","Hologram","Redo","Reinforced Body"],"relics":["Cracked Core","Ice Cream","Centennial Puzzle","Shuriken","Incense Burner","Molten Egg 2","Ectoplasm"],"potions_floor_usage":[6,6,8,12,22,23,23],"damage_taken":[{"damage":0,"enemies":"2 Louse","floor":1,"turns":2},{"damage":0,"enemies":"Cultist","floor":4,"turns":4},{"damage":0,"enemies":"Small Slimes","floor":5,"turns":3},{"damage":13,"enemies":"Lagavulin","floor":6,"turns":5},{"damage":43,"enemies":"Gremlin Nob","floor":8,"turns":5},{"damage":6,"enemies":"3 Sentries","floor":10,"turns":7},{"damage":0,"enemies":"Exordium Thugs","floor":12,"turns":4},{"damage":2,"enemies":"Gremlin Nob","floor":13,"turns":3},{"damage":37,"enemies":"Hexaghost","floor":16,"turns":9},{"damage":0,"enemies":"Chosen","floor":18,"turns":3},{"damage":7,"enemies":"2 Thieves","floor":21,"turns":4},{"damage":5,"enemies":"3 Cultists","floor":22,"turns":5},{"damage":78,"enemies":"Slavers","floor":23,"turns":8}],"seed_played":"-7578436668793091648","potions_obtained":[{"floor":4,"key":"Poison Potion"},{"floor":5,"key":"Fire Potion"},{"floor":6,"key":"GamblersBrew"},{"floor":8,"key":"AttackPotion"},{"floor":13,"key":"SpeedPotion"},{"floor":16,"key":"Regen Potion"},{"floor":18,"key":"LiquidBronze"}],"is_trial":false,"path_per_floor":["M","$","?","M","M","E","R","E","T","E","?","M","E","?","R","B",null,"M","$","?","M","M"],"character_chosen":"DEFECT","items_purchased":["Meteor Strike","Hologram"],"campfire_rested":0,"item_purchase_floors":[2,19],"current_hp_per_floor":[68,68,68,68,68,55,55,12,12,6,6,6,4,78,78,41,69,69,69,69,62,69,0],"gold":357,"neow_bonus":"TWO_FIFTY_GOLD","is_prod":false,"is_daily":false,"chose_seed":false,"campfire_upgraded":2,"win_rate":0,"timestamp":1532286517,"path_taken":["M","$","?","M","?","E","R","E","T","E","?","M","E","?","R","BOSS","M","$","?","M","M","E"],"build_version":"2018-07-19v2","purchased_purges":1,"victory":false,"max_hp_per_floor":[68,68,68,68,68,68,68,68,68,68,68,68,68,78,78,78,78,78,78,78,78,78,78],"card_choices":[{"not_picked":["Rebound","Stack"],"picked":"Coolheaded","floor":1},{"not_picked":["Steam Power","Storm"],"picked":"Cold Snap","floor":4},{"not_picked":["Rebound","Chaos"],"picked":"Hologram","floor":5},{"not_picked":["Rebound","Loop"],"picked":"BootSequence","floor":6},{"not_picked":["Darkness","Blizzard"],"picked":"Beam Cell","floor":8},{"not_picked":["Coolheaded","Leap"],"picked":"Creative AI","floor":10},{"not_picked":["Lockon","Rip and Tear"],"picked":"Skim","floor":12},{"not_picked":["Turbo","Reinforced Body"],"picked":"Hologram","floor":13},{"not_picked":["Thunder Strike+1","All For One+1"],"picked":"Echo Form","floor":16},{"not_picked":["Rip and Tear+1","Turbo"],"picked":"Fusion+1","floor":18},{"not_picked":["Cold Snap+1","Capacitor"],"picked":"Redo","floor":21},{"not_picked":["Streamline+1","Consume"],"picked":"Reinforced Body","floor":22}],"player_experience":234302,"relics_obtained":[{"floor":6,"key":"Ice Cream"},{"floor":8,"key":"Centennial Puzzle"},{"floor":9,"key":"Shuriken"},{"floor":10,"key":"Incense Burner"},{"floor":13,"key":"Molten Egg 2"}],"event_choices":[{"event_name":"Match and Keep!","player_choice":"2 cards matched","floor":3,"damage_taken":0},{"event_name":"Purifier","player_choice":"One Purge","floor":11,"damage_taken":0},{"event_name":"Bonfire Elementals","player_choice":"RARE","floor":14,"damage_taken":0},{"event_name":"Purifier","player_choice":"One Purge","floor":20,"damage_taken":0}],"is_beta":false,"boss_relics":[{"not_picked":["Calling Bell","Runic Dome"],"picked":"Ectoplasm"}],"items_purged_floors":[2],"is_endless":false,"potions_floor_spawned":[4,5,6,8,13,16,18],"killed_by":"Slavers","ascension_level":5}