{"gold_per_floor":[114,114,15,90,110,142,142,174,228,255,11,45,45,65,65,142,142,156,172,24,35,35,35],"floor_reached":23,"playtime":636,"items_purged":["Strike_B"],"score":424,"play_id":"07adae2e-6fa0-42ce-8dfc-ded6c17665d3","local_time":"20190731021609","is_ascension_mode":true,"campfire_choices":[{"data":"Zap","floor":7,"key":"SMITH"},{"floor":15,"key":"REST"}],"neow_cost":"NONE","seed_source_timestamp":352633572880850,"circlet_count":0,"master_deck":["AscendersBane","Strike_B","Strike_B","Defend_B","Defend_B","Defend_B","Defend_B","Zap+1","Dualcast","Ball Lightning","Sweeping Beam","Hologram","Sunder","Go for the Eyes","Cold Snap","Biased Cognition","Coolheaded"],"relics":["Cracked Core","NeowsBlessing","Pen Nib","Ornamental Fan","Omamori","Mummified Hand","Gremlin Horn","Smiling Mask","Philosopher\u0027s Stone","PreservedInsect"],"potions_floor_usage":[8,12,16],"damage_taken":[{"damage":0,"enemies":"2 Louse","floor":1,"turns":1},{"damage":0,"enemies":"Jaw Worm","floor":5,"turns":1},{"damage":0,"enemies":"3 Sentries","floor":6,"turns":1},{"damage":8,"enemies":"Lagavulin","floor":8,"turns":7},{"damage":20,"enemies":"3 Sentries","floor":10,"turns":6},{"damage":25,"enemies":"Lagavulin","floor":12,"turns":6},{"damage":0,"enemies":"Small Slimes","floor":14,"turns":1},{"damage":13,"enemies":"Hexaghost","floor":16,"turns":9},{"damage":27,"enemies":"2 Thieves","floor":18,"turns":3},{"damage":10,"enemies":"Shell Parasite","floor":19,"turns":5},{"damage":10,"enemies":"Snake Plant","floor":21,"turns":4},{"damage":31,"enemies":"Slavers","floor":23,"turns":2}],"seed_played":"-2678023414771841112","potions_obtained":[{"floor":1,"key":"SkillPotion"},{"floor":8,"key":"AttackPotion"},{"floor":14,"key":"Explosive Potion"},{"floor":16,"key":"Ancient Potion"},{"floor":19,"key":"Strength Potion"},{"floor":22,"key":"FairyPotion"}],"is_trial":false,"path_per_floor":["M","?","$","?","M","E","R","E","T","E","$","E","?","M","R","B",null,"M","M","$","M","?","E"],"character_chosen":"DEFECT","items_purchased":["Sweeping Beam","Gremlin Horn","PreservedInsect"],"campfire_rested":1,"item_purchase_floors":[3,11,20],"current_hp_per_floor":[64,69,69,58,58,58,58,50,50,30,30,5,5,5,27,14,61,34,24,24,14,14,0],"gold":35,"neow_bonus":"THREE_ENEMY_KILL","is_prod":false,"is_daily":false,"chose_seed":false,"campfire_upgraded":1,"win_rate":0,"timestamp":1564553769,"path_taken":["M","?","$","?","M","E","R","E","T","E","?","E","?","?","R","BOSS","M","M","$","?","?","E"],"build_version":"2019-07-17","purchased_purges":1,"victory":false,"max_hp_per_floor":[71,76,76,76,76,76,76,76,76,76,76,76,76,76,76,76,76,76,76,76,76,76,76],"card_choices":[{"not_picked":["Capacitor","Hello World"],"picked":"Ball Lightning","floor":1},{"not_picked":["Stack","Chill"],"picked":"Hologram","floor":5},{"not_picked":["Rebound","Multi-Cast","Scrape"],"picked":"SKIP","floor":6},{"not_picked":["Conserve Battery","Blizzard"],"picked":"Sunder","floor":8},{"not_picked":["Genetic Algorithm","Barrage"],"picked":"Go for the Eyes","floor":10},{"not_picked":["Go for the Eyes","Chill"],"picked":"Cold Snap","floor":12},{"not_picked":["Ball Lightning","Sweeping Beam","Steam Power"],"picked":"SKIP","floor":14},{"not_picked":["Creative AI","Thunder Strike"],"picked":"Biased Cognition","floor":16},{"not_picked":["Go for the Eyes","Blizzard","Redo"],"picked":"SKIP","floor":18},{"not_picked":["Rebound","Go for the Eyes"],"picked":"Coolheaded","floor":19},{"not_picked":["Redo","Cold Snap","Fusion"],"picked":"SKIP","floor":21}],"player_experience":1620888,"relics_obtained":[{"floor":6,"key":"Pen Nib"},{"floor":8,"key":"Ornamental Fan"},{"floor":9,"key":"Omamori"},{"floor":10,"key":"Mummified Hand"},{"floor":12,"key":"Smiling Mask"}],"event_choices":[{"damage_healed":0,"gold_gain":0,"player_choice":"Donut","damage_taken":0,"max_hp_gain":5,"max_hp_loss":0,"event_name":"Big Fish","floor":2,"gold_loss":0},{"damage_healed":0,"gold_gain":75,"player_choice":"Gather Gold","damage_taken":11,"max_hp_gain":0,"max_hp_loss":0,"event_name":"World of Goop","floor":4,"gold_loss":0},{"cards_removed":["Strike_B"],"damage_healed":0,"gold_gain":0,"player_choice":"Card Removal","damage_taken":0,"max_hp_gain":0,"max_hp_loss":0,"event_name":"Wheel of Change","floor":13,"gold_loss":0},{"damage_healed":0,"gold_gain":0,"player_choice":"Got Potions","damage_taken":0,"max_hp_gain":0,"max_hp_loss":0,"event_name":"Lab","floor":22,"gold_loss":0}],"is_beta":false,"boss_relics":[{"not_picked":["Orrery","White Beast Statue"],"picked":"Philosopher\u0027s Stone"}],"items_purged_floors":[3],"is_endless":false,"potions_floor_spawned":[1,8,14,16,19],"killed_by":"Slavers","ascension_level":15}