{"gold_per_floor":[215,9,9,9,28,59,59,90,90,8,24,24,47,97,97,195,195,215,23,67,86,110,110,146,146,146,159,13,102,122,49,49,169,169,193,237,17,17,58,58,93,139,139,200,200,239,239,298,298,343,343,343,6,47,72],"floor_reached":56,"playtime":3373,"items_purged":["Strike_B","Strike_B","Strike_B","Strike_B"],"score":2163,"play_id":"675216af-1cca-4cec-921e-8c114cc3cc04","local_time":"20190802204341","is_ascension_mode":true,"campfire_choices":[{"data":"Zap","floor":7,"key":"SMITH"},{"floor":12,"key":"REST"},{"data":"Apotheosis","floor":15,"key":"SMITH"},{"floor":23,"key":"REST"},{"floor":25,"key":"REST"},{"floor":32,"key":"RECALL"},{"floor":40,"key":"REST"},{"floor":45,"key":"REST"},{"floor":47,"key":"REST"},{"floor":49,"key":"REST"},{"floor":52,"key":"REST"}],"neow_cost":"NONE","seed_source_timestamp":589131078918537,"circlet_count":0,"master_deck":["AscendersBane","Defend_B","Defend_B","Defend_B+1","Defend_B","Zap+1","Dualcast","Coolheaded","Coolheaded","Cold Snap","Buffer","Apotheosis+1","Sunder","Reinforced Body","Echo Form","Ball Lightning","Compile Driver","Hologram","Genetic Algorithm+1","Turbo+1","Skim","Self Repair","HandOfGreed","Compile Driver","Compile Driver","Meteor Strike","Electrodynamics","Redo+1","Compile Driver","Fusion+1","Fusion+1","Tempest+1","Defragment","Steam+1","Capacitor","Multi-Cast+1","Heatsinks+1"],"relics":["Cracked Core","Membership Card","Golden Idol","Orichalcum","Dodecahedron","Ornamental Fan","Fusion Hammer","Kunai","Red Mask","Meat on the Bone","Shuriken","War Paint","Sozu","Calipers","Centennial Puzzle","Toxic Egg 2","Boot","Vajra","Thread and Needle","Art of War","Bag of Preparation","Pen Nib"],"potions_floor_usage":[16,20,20,20,24,29,55],"damage_taken":[{"damage":0,"enemies":"Jaw Worm","floor":1,"turns":5},{"damage":3,"enemies":"2 Louse","floor":5,"turns":3},{"damage":40,"enemies":"3 Sentries","floor":6,"turns":15},{"damage":12,"enemies":"Gremlin Nob","floor":8,"turns":5},{"damage":0,"enemies":"Cultist","floor":11,"turns":3},{"damage":7,"enemies":"Red Slaver","floor":13,"turns":5},{"damage":8,"enemies":"Slime Boss","floor":16,"turns":13},{"damage":10,"enemies":"Spheric Guardian","floor":18,"turns":5},{"damage":0,"enemies":"Masked Bandits","floor":20,"turns":3},{"damage":8,"enemies":"Shell Parasite","floor":21,"turns":5},{"damage":0,"enemies":"Cultist and Chosen","floor":22,"turns":6},{"damage":18,"enemies":"Book of Stabbing","floor":24,"turns":8},{"damage":2,"enemies":"Centurion and Healer","floor":27,"turns":7},{"damage":23,"enemies":"Slavers","floor":29,"turns":11},{"damage":6,"enemies":"Snake Plant","floor":30,"turns":6},{"damage":23,"enemies":"Champ","floor":33,"turns":11},{"damage":0,"enemies":"Orb Walker","floor":35,"turns":3},{"damage":18,"enemies":"3 Darklings","floor":36,"turns":5},{"damage":0,"enemies":"Maw","floor":39,"turns":6},{"damage":9,"enemies":"Giant Head","floor":41,"turns":6},{"damage":0,"enemies":"Jaw Worm Horde","floor":42,"turns":4},{"damage":6,"enemies":"Nemesis","floor":44,"turns":9},{"damage":16,"enemies":"Reptomancer","floor":46,"turns":7},{"damage":0,"enemies":"Giant Head","floor":48,"turns":7},{"damage":17,"enemies":"Awakened One","floor":50,"turns":8},{"damage":47,"enemies":"Shield and Spear","floor":54,"turns":4},{"damage":15,"enemies":"The Heart","floor":55,"turns":10}],"seed_played":"-7740045727739398482","potions_obtained":[{"floor":6,"key":"Dexterity Potion"},{"floor":8,"key":"Dexterity Potion"},{"floor":11,"key":"FocusPotion"},{"floor":18,"key":"EntropicBrew"},{"floor":21,"key":"SpeedPotion"},{"floor":24,"key":"Dexterity Potion"},{"floor":29,"key":"Weak Potion"}],"is_trial":false,"path_per_floor":["M","$","?","?","M","E","R","E","T","$","M","R","M","?","R","B",null,"M","$","?","M","M","R","E","R","T","M","$","E","M","$","R","B",null,"M","M","$","?","M","R","E","M","T","E","R","E","R","E","R","B",null,"R","$","E","B",null],"character_chosen":"DEFECT","items_purchased":["Membership Card","Apotheosis","Compile Driver","Kunai","HandOfGreed","Meteor Strike","Calipers","Capacitor","Art of War","Bag of Preparation","Multi-Cast+1"],"campfire_rested":8,"item_purchase_floors":[2,10,19,19,28,31,37,53,53,53,53],"current_hp_per_floor":[64,64,64,64,61,21,21,9,9,9,9,28,21,21,21,13,51,41,41,41,33,33,52,34,53,53,51,51,60,64,64,64,55,62,64,53,53,53,60,64,62,64,64,64,64,55,64,64,64,47,60,64,64,36,43],"gold":72,"neow_bonus":"HUNDRED_GOLD","is_prod":false,"is_daily":false,"chose_seed":false,"campfire_upgraded":2,"win_rate":0,"timestamp":1564793021,"path_taken":["M","$","?","?","?","E","R","E","T","?","?","R","M","?","R","BOSS","M","$","?","M","M","R","E","R","T","M","$","E","M","$","R","BOSS","M","M","$","?","M","R","E","M","T","E","R","E","R","E","R","BOSS","R","$","E","BOSS"],"build_version":"2019-07-17","purchased_purges":4,"victory":true,"max_hp_per_floor":[71,71,64,64,64,64,64,64,64,64,64,64,64,64,64,64,64,64,64,64,64,64,64,64,64,64,64,64,64,64,64,64,64,64,64,64,64,64,64,64,64,64,64,64,64,64,64,64,64,64,64,64,64,64,64],"card_choices":[{"not_picked":["Steam","Consume"],"picked":"Coolheaded","floor":1},{"not_picked":["Barrage","Reboot"],"picked":"Coolheaded","floor":5},{"not_picked":["BootSequence","Rebound"],"picked":"Cold Snap","floor":6},{"not_picked":["Compile Driver","Turbo"],"picked":"Buffer","floor":8},{"not_picked":["Coolheaded","Chaos"],"picked":"Sunder","floor":11},{"not_picked":["Fusion","Beam Cell"],"picked":"Reinforced Body","floor":13},{"not_picked":["Thunder Strike","Machine Learning"],"picked":"Echo Form","floor":16},{"not_picked":["BootSequence","Barrage+1"],"picked":"Ball Lightning","floor":18},{"not_picked":["Barrage","Reprogram"],"picked":"Hologram","floor":20},{"not_picked":["Hologram","Aggregate"],"picked":"Genetic Algorithm+1","floor":21},{"not_picked":["Ball Lightning","Double Energy"],"picked":"Turbo","floor":22},{"not_picked":["Multi-Cast","Force Field"],"picked":"Skim","floor":24},{"not_picked":["Hello World","Rebound"],"picked":"Self Repair","floor":27},{"not_picked":["Melter","Fusion"],"picked":"Compile Driver","floor":29},{"not_picked":["Steam Power","Barrage"],"picked":"Compile Driver","floor":30},{"not_picked":["Core Surge","Rainbow"],"picked":"Electrodynamics","floor":33},{"not_picked":["Melter","Scrape"],"picked":"Redo+1","floor":35},{"not_picked":["Streamline+1","Redo"],"picked":"Compile Driver","floor":36},{"not_picked":["Barrage","Chill+1","Cold Snap"],"picked":"SKIP","floor":39},{"not_picked":["Stack","Compile Driver"],"picked":"Fusion","floor":41},{"not_picked":["Ball Lightning","Go for the Eyes"],"picked":"Fusion+1","floor":42},{"not_picked":["Ball Lightning+1","Leap+1"],"picked":"Tempest+1","floor":44},{"not_picked":["Hologram+1","Rebound"],"picked":"Defragment","floor":46},{"not_picked":["Streamline","Cold Snap"],"picked":"Steam+1","floor":48},{"not_picked":["Redo+1","Core Surge"],"picked":"Heatsinks+1","floor":54}],"player_experience":1647909,"relics_obtained":[{"floor":6,"key":"Orichalcum"},{"floor":8,"key":"Dodecahedron"},{"floor":9,"key":"Ornamental Fan"},{"floor":20,"key":"Red Mask"},{"floor":24,"key":"Meat on the Bone"},{"floor":26,"key":"Shuriken"},{"floor":29,"key":"War Paint"},{"floor":41,"key":"Toxic Egg 2"},{"floor":44,"key":"Boot"},{"floor":46,"key":"Vajra"},{"floor":48,"key":"Thread and Needle"},{"floor":54,"key":"Pen Nib"}],"event_choices":[{"damage_healed":0,"gold_gain":0,"player_choice":"Lose Max HP","damage_taken":0,"relics_obtained":["Golden Idol"],"max_hp_gain":0,"max_hp_loss":7,"event_name":"Golden Idol","floor":3,"gold_loss":0},{"damage_healed":0,"gold_gain":0,"player_choice":"0 cards matched","damage_taken":0,"max_hp_gain":0,"max_hp_loss":0,"event_name":"Match and Keep!","floor":4,"gold_loss":0,"cards_obtained":[]},{"damage_healed":0,"gold_gain":50,"player_choice":"Pray","damage_taken":0,"max_hp_gain":0,"max_hp_loss":0,"event_name":"Golden Shrine","floor":14,"gold_loss":0},{"damage_healed":0,"gold_gain":0,"player_choice":"Fought Bandits","damage_taken":0,"max_hp_gain":0,"max_hp_loss":0,"event_name":"Masked Bandits","floor":20,"gold_loss":0},{"damage_healed":0,"gold_gain":0,"player_choice":"Gave Potion","damage_taken":0,"relics_obtained":["Centennial Puzzle"],"max_hp_gain":0,"max_hp_loss":0,"event_name":"WeMeetAgain","floor":38,"gold_loss":0}],"is_beta":false,"boss_relics":[{"not_picked":["Calling Bell","Black Star"],"picked":"Fusion Hammer"},{"not_picked":["Philosopher\u0027s Stone","Tiny House"],"picked":"Sozu"}],"items_purged_floors":[19,28,37,53],"is_endless":false,"potions_floor_spawned":[6,8,11,18,21,24,29,33,36,41,42,44,48],"ascension_level":15}