{"gold_per_floor":[119,119,28,2,2,28,44,79,79,79,129,129],"floor_reached":12,"playtime":181,"items_purged":[],"score":218,"play_id":"716d740c-2cd4-4121-b0ec-53cf3ecd3389","local_time":"20190621192220","is_ascension_mode":true,"campfire_choices":[{"data":"Catalyst","floor":10.0,"key":"SMITH"}],"neow_cost":"NONE","seed_source_timestamp":1656113281597390,"circlet_count":0,"master_deck":["AscendersBane","Defend_G","Defend_G","Defend_G","Defend_G","Defend_G","Strike_G","Strike_G","Strike_G","Strike_G","Strike_G","Survivor","Neutralize","Purity","Acrobatics","Deadly Poison","Cloak And Dagger","Catalyst+1"],"special_seed":0,"relics":["Ring of the Snake","NeowsBlessing","Sundial","Kunai","Anchor","Singing Bowl"],"potions_floor_usage":[],"damage_taken":[{"damage":0.0,"enemies":"Jaw Worm","floor":1.0,"turns":1.0},{"damage":0.0,"enemies":"Gremlin Nob","floor":6.0,"turns":1.0},{"damage":0.0,"enemies":"Cultist","floor":7.0,"turns":1.0},{"damage":33.0,"enemies":"Lagavulin","floor":8.0,"turns":8.0},{"damage":14,"enemies":"Gremlin Nob","floor":12,"turns":3}],"seed_played":"6866678247209220570","potions_obtained":[{"floor":2.0,"key":"Strength Potion"},{"floor":2.0,"key":"Fire Potion"}],"is_trial":false,"path_per_floor":["M","?","$","$","T","E","M","E","T","R","?","E"],"character_chosen":"THE_SILENT","items_purchased":["Purity","Acrobatics"],"campfire_rested":0,"item_purchase_floors":[3,4],"current_hp_per_floor":[59,59,59,59,59,59,59,26,26,26,20,6],"gold":129,"neow_bonus":"THREE_ENEMY_KILL","is_prod":false,"is_daily":false,"chose_seed":false,"campfire_upgraded":1,"win_rate":0,"timestamp":1561116140,"path_taken":["M","?","?","$","?","E","?","E","T","R","?","E"],"build_version":"2019-01-23","purchased_purges":0,"victory":false,"max_hp_per_floor":[66,66,66,66,66,66,66,66,66,66,66,66],"card_choices":[{"not_picked":["Prepared","Deflect","Dagger Spray"],"picked":"SKIP","floor":1.0},{"not_picked":["Outmaneuver","Dodge and Roll"],"picked":"Deadly Poison","floor":6.0},{"not_picked":["Blade Dance","PiercingWail"],"picked":"Cloak And Dagger","floor":7.0},{"not_picked":["Escape Plan","Blur"],"picked":"Catalyst","floor":8.0}],"player_experience":1963808,"relics_obtained":[{"floor":5.0,"key":"Sundial"},{"floor":6.0,"key":"Kunai"},{"floor":8.0,"key":"Anchor"},{"floor":9.0,"key":"Singing Bowl"}],"event_choices":[{"damage_healed":0.0,"max_hp_gain":0.0,"max_hp_loss":0.0,"gold_gain":0.0,"event_name":"Lab","player_choice":"Got Potions","floor":2.0,"gold_loss":0.0,"damage_taken":0.0},{"damage_healed":0,"gold_gain":50,"player_choice":"Touch","damage_taken":6,"max_hp_gain":0,"max_hp_loss":0,"event_name":"FaceTrader","floor":11,"gold_loss":0}],"is_beta":false,"boss_relics":[],"items_purged_floors":[],"is_endless":false,"potions_floor_spawned":[7],"killed_by":"Gremlin Nob","ascension_level":20}