{"gold_per_floor":[13,26,26,26,38,38,55,55,55,69,104,104,114,128,128,231,231,242,94,106,119,119,153,153,183,252,268,287,287,146,160,160,255,255,267,283,283,58,58,58,74,90,159,175,194,194],"floor_reached":46,"playtime":2818,"items_purged":["Strike_B","Strike_B","Strike_B"],"score":518,"play_id":"9f2bdf01-93c8-402e-b84d-06febd1b78e9","local_time":"20190217144517","is_ascension_mode":false,"campfire_choices":[{"data":"Zap","floor":6.0,"key":"SMITH"},{"data":"Hologram","floor":8.0,"key":"SMITH"},{"data":"Hologram","floor":12.0,"key":"SMITH"},{"data":"Dualcast","floor":15.0,"key":"SMITH"},{"floor":24.0,"key":"REST"},{"floor":29.0,"key":"REST"},{"data":"Defragment","floor":32.0,"key":"SMITH"},{"data":"White Noise","floor":40.0,"key":"SMITH"}],"neow_cost":"NO_GOLD","seed_source_timestamp":0,"circlet_count":0,"master_deck":["Defend_B","Defend_B","Defend_B","Defend_B","Zap+1","Dualcast+1","Conserve Battery","Hologram+1","Go for the Eyes","Hologram+1","Cold Snap","Cold Snap","Core Surge","Coolheaded","White Noise+1","Consume+1","Coolheaded+1","Conserve Battery","Defragment+1","Biased Cognition","Double Energy+1","Recycle+1","Ball Lightning","Blizzard","Defragment","Cold Snap+1","Coolheaded+1"],"special_seed":0,"relics":["Cracked Core","Ginger","Regal Pillow","Kunai","Orrery","Sundial","Pen Nib","Pantograph","Inserter"],"potions_floor_usage":[46],"damage_taken":[{"damage":0.0,"enemies":"Small Slimes","floor":1.0,"turns":3.0},{"damage":3.0,"enemies":"Jaw Worm","floor":2.0,"turns":4.0},{"damage":1.0,"enemies":"Cultist","floor":5.0,"turns":3.0},{"damage":6.0,"enemies":"3 Louse","floor":7.0,"turns":3.0},{"damage":2.0,"enemies":"Lots of Slimes","floor":10.0,"turns":4.0},{"damage":12.0,"enemies":"Lagavulin","floor":11.0,"turns":7.0},{"damage":2.0,"enemies":"Red Slaver","floor":13.0,"turns":2.0},{"damage":0.0,"enemies":"Large Slime","floor":14.0,"turns":3.0},{"damage":0.0,"enemies":"Slime Boss","floor":16.0,"turns":10.0},{"damage":10.0,"enemies":"3 Byrds","floor":18.0,"turns":6.0},{"damage":0.0,"enemies":"Chosen","floor":20.0,"turns":3.0},{"damage":18.0,"enemies":"Snake Plant","floor":21.0,"turns":6.0},{"damage":20.0,"enemies":"Book of Stabbing","floor":23.0,"turns":5.0},{"damage":47.0,"enemies":"Slavers","floor":25.0,"turns":6.0},{"damage":10.0,"enemies":"Chosen and Byrds","floor":27.0,"turns":5.0},{"damage":15.0,"enemies":"3 Cultists","floor":28.0,"turns":7.0},{"damage":0.0,"enemies":"Snecko","floor":31.0,"turns":5.0},{"damage":58.0,"enemies":"Collector","floor":33.0,"turns":9.0},{"damage":1.0,"enemies":"Orb Walker","floor":35.0,"turns":4.0},{"damage":25.0,"enemies":"3 Darklings","floor":36.0,"turns":7.0},{"damage":0.0,"enemies":"Transient","floor":41.0,"turns":5.0},{"damage":2.0,"enemies":"Spire Growth","floor":42.0,"turns":7.0},{"damage":19.0,"enemies":"Sphere and 2 Shapes","floor":44.0,"turns":7.0},{"damage":26.0,"enemies":"3 Darklings","floor":45.0,"turns":5.0},{"damage":0,"enemies":"Jaw Worm Horde","floor":46,"turns":1}],"seed_played":"360026525008204501","potions_obtained":[{"floor":2.0,"key":"Ancient Potion"},{"floor":11.0,"key":"GamblersBrew"},{"floor":13.0,"key":"Ancient Potion"},{"floor":14.0,"key":"Strength Potion"},{"floor":18.0,"key":"SkillPotion"},{"floor":25.0,"key":"Regen Potion"},{"floor":31.0,"key":"SteroidPotion"},{"floor":33.0,"key":"Fire Potion"},{"floor":45.0,"key":"GamblersBrew"}],"is_trial":false,"path_per_floor":["M","M","?","?","M","R","M","R","T","M","E","R","M","M","R","B",null,"M","$","M","M","?","E","R","E","T","M","M","R","$","M","R","B",null,"M","M","?","$","?","R","M","M","T","M","M","M"],"character_chosen":"DEFECT","items_purchased":["All For One","Defragment","Ball Lightning","Blizzard"],"campfire_rested":2,"item_purchase_floors":[19,30,38,38],"current_hp_per_floor":[75,72,72,72,71,71,65,65,65,63,51,51,49,49,49,49,75,65,65,65,47,47,27,64,17,17,7,7,44,44,44,44,11,75,74,49,49,49,49,49,49,47,47,28,2,2],"gold":194,"neow_bonus":"ONE_RARE_RELIC","is_prod":false,"is_daily":false,"chose_seed":false,"campfire_upgraded":6,"win_rate":0,"timestamp":1550382317,"path_taken":["M","M","?","?","M","R","M","R","T","?","E","R","M","M","R","BOSS","M","$","M","M","?","E","R","E","T","M","?","R","?","M","R","BOSS","M","M","?","$","?","R","M","?","T","M","M","M"],"build_version":"2019-01-23","purchased_purges":3,"victory":false,"max_hp_per_floor":[75,75,75,75,75,75,75,75,75,75,75,75,75,75,75,75,75,75,75,75,75,75,75,75,75,75,75,75,75,75,75,75,75,75,75,75,75,75,75,75,75,75,75,75,75,75],"card_choices":[{"not_picked":["Rebound","Steam"],"picked":"Streamline","floor":1.0},{"not_picked":["Gash","Hello World"],"picked":"Conserve Battery","floor":2.0},{"not_picked":["Compile Driver","Scrape","Barrage"],"picked":"SKIP","floor":5.0},{"not_picked":["Streamline","Barrage"],"picked":"Hologram","floor":7.0},{"not_picked":["Stack","Barrage"],"picked":"Go for the Eyes","floor":10.0},{"not_picked":["Sunder","Rebound"],"picked":"Hologram","floor":11.0},{"not_picked":["Streamline","Buffer"],"picked":"Cold Snap","floor":13.0},{"not_picked":["Conserve Battery","Redo"],"picked":"Cold Snap","floor":14.0},{"not_picked":["Biased Cognition","Meteor Strike"],"picked":"Core Surge","floor":16.0},{"not_picked":["Beam Cell","Sunder"],"picked":"Coolheaded","floor":17.0},{"not_picked":["Sweeping Beam","Conserve Battery"],"picked":"White Noise","floor":17.0},{"not_picked":["Storm","Rip and Tear+1","Steam+1"],"picked":"SKIP","floor":18.0},{"not_picked":["Rebound","Conserve Battery","Lockon"],"picked":"SKIP","floor":20.0},{"not_picked":["Leap","Conserve Battery","Aggregate+1"],"picked":"SKIP","floor":21.0},{"not_picked":["Consume+1","Storm+1","Sweeping Beam"],"picked":"SKIP","floor":23.0},{"not_picked":["Compile Driver","Genetic Algorithm+1"],"picked":"Consume+1","floor":25.0},{"not_picked":["Redo","Core Surge"],"picked":"Coolheaded+1","floor":27.0},{"not_picked":["Ball Lightning","Rebound"],"picked":"Conserve Battery","floor":28.0},{"not_picked":["Steam Power","Heatsinks","Stack"],"picked":"SKIP","floor":31.0},{"not_picked":["Machine Learning","Echo Form"],"picked":"Biased Cognition","floor":33.0},{"not_picked":["Cold Snap+1","Hologram+1"],"picked":"Double Energy+1","floor":35.0},{"not_picked":["Conserve Battery","Tempest"],"picked":"Recycle+1","floor":36.0},{"not_picked":["Go for the Eyes","Darkness+1","Coolheaded"],"picked":"SKIP","floor":41.0},{"not_picked":["Ball Lightning","Steam","Compile Driver"],"picked":"SKIP","floor":42.0},{"not_picked":["Ball Lightning+1","Defragment"],"picked":"Cold Snap+1","floor":44.0},{"not_picked":["Undo","Rebound+1"],"picked":"Coolheaded+1","floor":45.0}],"player_experience":226420,"relics_obtained":[{"floor":9.0,"key":"Regal Pillow"},{"floor":11.0,"key":"Kunai"},{"floor":23.0,"key":"Sundial"},{"floor":25.0,"key":"Pen Nib"},{"floor":26.0,"key":"Pantograph"}],"event_choices":[{"damage_healed":0.0,"max_hp_gain":0.0,"max_hp_loss":0.0,"gold_gain":0.0,"event_name":"Liars Game","player_choice":"Ignored","floor":3.0,"gold_loss":0.0,"damage_taken":0.0},{"cards_removed":["Strike_B"],"damage_healed":0.0,"max_hp_gain":0.0,"max_hp_loss":0.0,"gold_gain":0.0,"event_name":"Bonfire Elementals","player_choice":"Offered Basic","floor":4.0,"gold_loss":0.0,"damage_taken":0.0},{"damage_healed":0.0,"max_hp_gain":0.0,"max_hp_loss":0.0,"gold_gain":0.0,"event_name":"N\u0027loth","player_choice":"Ignored","floor":22.0,"gold_loss":0.0,"damage_taken":0.0},{"cards_removed":["All For One"],"damage_healed":0.0,"max_hp_gain":0.0,"max_hp_loss":0.0,"gold_gain":0.0,"event_name":"Falling","player_choice":"Removed Attack","floor":37.0,"gold_loss":0.0,"damage_taken":0.0},{"damage_healed":0.0,"max_hp_gain":0.0,"max_hp_loss":0.0,"gold_gain":0.0,"cards_transformed":["Streamline"],"event_name":"Transmorgrifier","player_choice":"Transformed","floor":39.0,"gold_loss":0.0,"damage_taken":0.0,"cards_obtained":["Defragment"]}],"is_beta":false,"boss_relics":[{"not_picked":["Coffee Dripper","White Beast Statue"],"picked":"Orrery"},{"not_picked":["Cursed Key","Busted Crown"],"picked":"Inserter"}],"items_purged_floors":[19,30,38],"is_endless":false,"potions_floor_spawned":[2,11,13,14,16,18,25,31,33,35,45],"killed_by":"Jaw Worm Horde","ascension_level":0}