{"gold_per_floor":[114,124,124,12,29,57,70,96,149,164,164,129,146,181,181,283,283,293,293,320,53,53,78,78,109,135,145,145,171,171,190,190,291,291,305,405,416,21,39,39,73,23,74,122,133,158,170,187,187,187],"floor_reached":51,"playtime":3752,"items_purged":["Regret","Strike_R","Shame"],"score":899,"play_id":"c2ebd20e-f639-4ab2-bb74-702ff5142976","local_time":"20190712015951","is_ascension_mode":true,"campfire_choices":[{"data":"Bludgeon","floor":15,"key":"SMITH"},{"data":"Immolate","floor":28,"key":"SMITH"},{"floor":32,"key":"REST"},{"floor":40,"key":"REST"},{"floor":49,"key":"REST"}],"neow_cost":"NONE","seed_source_timestamp":95503526036400,"circlet_count":0,"master_deck":["Strike_R","Strike_R","Strike_R+1","Strike_R","Defend_R","Defend_R+1","Defend_R","Defend_R","Bash+1","Battle Trance+1","Rampage","Clash+1","Intimidate+1","Anger","Bludgeon+1","Iron Wave","Flex","Immolate+1","Heavy Blade","Anger","Cleave","Wild Strike+1","Battle Trance","Armaments+1","Iron Wave+1","Feed","Rage","Dual Wield+1","Madness","Flex","Body Slam+1","Impervious","Shrug It Off+1","Inflame+1","Clash+1"],"relics":["Burning Blood","NeowsBlessing","Happy Flower","Pear","Whetstone","War Paint","PreservedInsect","Sozu","Bag of Preparation","Ancient Tea Set","Bag of Marbles","Juzu Bracelet","FaceOfCleric","Red Skull","Centennial Puzzle","Bronze Scales","Fusion Hammer","Calipers","Lantern","Anchor","Blood Vial","Vajra","Prayer Wheel","Dream Catcher"],"potions_floor_usage":[6,8,10,13,16],"damage_taken":[{"damage":0,"enemies":"Jaw Worm","floor":1,"turns":1},{"damage":0,"enemies":"2 Louse","floor":2,"turns":1},{"damage":0,"enemies":"Small Slimes","floor":5,"turns":1},{"damage":20,"enemies":"3 Sentries","floor":6,"turns":6},{"damage":11,"enemies":"Blue Slaver","floor":7,"turns":4},{"damage":27,"enemies":"Gremlin Nob","floor":8,"turns":4},{"damage":15,"enemies":"Exordium Wildlife","floor":10,"turns":4},{"damage":0,"enemies":"2 Fungi Beasts","floor":13,"turns":2},{"damage":16,"enemies":"Lagavulin","floor":14,"turns":4},{"damage":44,"enemies":"The Guardian","floor":16,"turns":7},{"damage":7,"enemies":"Shell Parasite","floor":18,"turns":2},{"damage":15,"enemies":"Book of Stabbing","floor":23,"turns":3},{"damage":21,"enemies":"Slavers","floor":25,"turns":3},{"damage":0,"enemies":"Spheric Guardian","floor":27,"turns":2},{"damage":0,"enemies":"Gremlin Leader","floor":29,"turns":2},{"damage":6,"enemies":"Centurion and Healer","floor":31,"turns":3},{"damage":61,"enemies":"Collector","floor":33,"turns":7},{"damage":11,"enemies":"Orb Walker","floor":35,"turns":2},{"damage":0,"enemies":"Mind Bloom Boss Battle","floor":36,"turns":5},{"damage":0,"enemies":"3 Shapes","floor":37,"turns":2},{"damage":8,"enemies":"3 Darklings","floor":39,"turns":2},{"damage":33,"enemies":"Nemesis","floor":41,"turns":3},{"damage":0,"enemies":"2 Orb Walkers","floor":44,"turns":1},{"damage":0,"enemies":"Jaw Worm Horde","floor":45,"turns":1},{"damage":0,"enemies":"Reptomancer","floor":46,"turns":3},{"damage":0,"enemies":"Sphere and 2 Shapes","floor":47,"turns":1},{"damage":0,"enemies":"Spire Growth","floor":48,"turns":2},{"damage":20,"enemies":"Donu and Deca","floor":50,"turns":6}],"seed_played":"3107266626456095902","potions_obtained":[{"floor":5,"key":"Fire Potion"},{"floor":7,"key":"PowerPotion"},{"floor":8,"key":"BloodPotion"},{"floor":10,"key":"AttackPotion"},{"floor":14,"key":"Weak Potion"}],"is_trial":false,"path_per_floor":["M","M","?","$","M","E","M","E","T","M","?","?","M","E","R","B",null,"M","?","T","$","?","E","?","E","T","M","R","E","?","M","R","B",null,"M","?","M","$","M","R","E","?","T","?","M","E","M","M","R","B",null],"character_chosen":"IRONCLAD","items_purchased":["Rampage","Ancient Tea Set","Anger","Lantern","Madness","Flex"],"campfire_rested":3,"item_purchase_floors":[4,21,21,38,38,38],"current_hp_per_floor":[80,80,80,80,80,76,71,50,50,63,45,67,73,63,63,25,90,89,89,89,89,89,80,80,66,66,73,73,80,62,63,92,38,100,96,102,103,103,102,104,78,78,78,87,96,109,113,114,114,101],"gold":187,"neow_bonus":"THREE_ENEMY_KILL","is_prod":false,"is_daily":false,"chose_seed":false,"campfire_upgraded":2,"win_rate":0,"timestamp":1562914791,"path_taken":["M","M","?","$","M","E","M","E","T","M","?","?","M","E","R","BOSS","M","?","?","$","?","E","?","E","T","M","R","E","?","M","R","BOSS","M","?","M","$","M","R","E","?","T","?","M","E","M","M","R","BOSS"],"build_version":"2019-07-05","purchased_purges":3,"victory":true,"max_hp_per_floor":[80,80,80,80,80,90,90,90,90,90,90,90,90,90,90,90,90,90,90,90,90,90,90,90,91,91,92,92,93,98,99,99,100,100,101,102,103,103,104,104,105,105,105,106,107,112,113,114,114,115],"card_choices":[{"not_picked":["Perfected Strike","Sword Boomerang","Body Slam"],"picked":"SKIP","floor":1},{"not_picked":["Burning Pact","Corruption"],"picked":"Battle Trance","floor":2},{"not_picked":["Feel No Pain","Twin Strike"],"picked":"Clash","floor":5},{"not_picked":["Uppercut","Thunderclap"],"picked":"Intimidate","floor":6},{"not_picked":["Shrug It Off","Rage"],"picked":"Anger","floor":7},{"not_picked":["Havoc","Combust","Perfected Strike"],"picked":"SKIP","floor":8},{"not_picked":["Clash","Wild Strike"],"picked":"Bludgeon","floor":10},{"not_picked":["Shrug It Off","Armaments"],"picked":"Iron Wave","floor":13},{"not_picked":["Warcry","Burning Pact"],"picked":"Flex","floor":14},{"not_picked":["Brutality","Reaper"],"picked":"Immolate","floor":16},{"not_picked":["Flame Barrier","Disarm+1","Evolve"],"picked":"SKIP","floor":18},{"not_picked":["Iron Wave","Twin Strike+1"],"picked":"Cleave","floor":23},{"not_picked":["Sword Boomerang","Havoc+1"],"picked":"Wild Strike+1","floor":25},{"not_picked":["Heavy Blade","Ghostly Armor"],"picked":"Battle Trance","floor":27},{"not_picked":["True Grit","Sever Soul"],"picked":"Armaments+1","floor":29},{"not_picked":["Clothesline","Twin Strike"],"picked":"Iron Wave+1","floor":31},{"not_picked":["Dark Embrace","Berserk"],"picked":"Feed","floor":33},{"not_picked":["Cleave+1","Spot Weakness+1"],"picked":"Rage","floor":35},{"not_picked":["Perfected Strike+1","Cleave+1"],"picked":"Dual Wield+1","floor":37},{"not_picked":["Dropkick+1","Evolve+1"],"picked":"Body Slam+1","floor":39},{"not_picked":["Flame Barrier","Entrench","Pummel"],"picked":"SKIP","floor":41},{"not_picked":["Iron Wave+1","Thunderclap+1"],"picked":"Impervious","floor":44},{"not_picked":["Havoc","Perfected Strike","Power Through+1"],"picked":"SKIP","floor":45},{"not_picked":["Feel No Pain","Havoc","Juggernaut"],"picked":"SKIP","floor":45},{"not_picked":["Armaments","Pommel Strike"],"picked":"Shrug It Off+1","floor":46},{"not_picked":["Flame Barrier+1","Heavy Blade","Sentinel+1"],"picked":"SKIP","floor":47},{"not_picked":["Flex+1","Rampage","Armaments"],"picked":"SKIP","floor":47},{"not_picked":["Perfected Strike","Pommel Strike+1"],"picked":"Inflame+1","floor":48},{"not_picked":["Wild Strike","True Grit","Heavy Blade+1"],"picked":"SKIP","floor":48},{"not_picked":["Demon Form","Warcry+1"],"picked":"Clash+1","floor":49}],"player_experience":90604,"relics_obtained":[{"floor":6,"key":"Pear"},{"floor":8,"key":"Whetstone"},{"floor":9,"key":"War Paint"},{"floor":14,"key":"PreservedInsect"},{"floor":20,"key":"Bag of Preparation"},{"floor":23,"key":"Juzu Bracelet"},{"floor":25,"key":"Red Skull"},{"floor":26,"key":"Centennial Puzzle"},{"floor":29,"key":"Bronze Scales"},{"floor":36,"key":"Calipers"},{"floor":41,"key":"Anchor"},{"floor":43,"key":"Vajra"},{"floor":44,"key":"Prayer Wheel"},{"floor":46,"key":"Dream Catcher"}],"event_choices":[{"damage_healed":0,"gold_gain":0,"player_choice":"Box","damage_taken":0,"relics_obtained":["Happy Flower"],"max_hp_gain":0,"max_hp_loss":0,"event_name":"Big Fish","floor":3,"gold_loss":0,"cards_obtained":["Regret"]},{"damage_healed":0,"gold_gain":0,"player_choice":"Entered Light","damage_taken":18,"max_hp_gain":0,"max_hp_loss":0,"event_name":"Shining Light","floor":11,"gold_loss":0,"cards_upgraded":["Bash","Defend_R"]},{"damage_healed":22,"gold_gain":0,"player_choice":"Healed","damage_taken":0,"max_hp_gain":0,"max_hp_loss":0,"event_name":"The Cleric","floor":12,"gold_loss":35},{"damage_healed":0,"gold_gain":0,"player_choice":"Read","damage_taken":0,"max_hp_gain":0,"max_hp_loss":0,"event_name":"The Library","floor":19,"gold_loss":0,"cards_obtained":["Heavy Blade"]},{"damage_healed":0,"gold_gain":0,"player_choice":"Stole Relic","damage_taken":0,"relics_obtained":["Bag of Marbles"],"max_hp_gain":0,"max_hp_loss":0,"event_name":"Addict","floor":22,"gold_loss":0,"cards_obtained":["Shame"]},{"damage_healed":0,"gold_gain":0,"player_choice":"Trade","damage_taken":0,"relics_obtained":["FaceOfCleric"],"max_hp_gain":0,"max_hp_loss":0,"event_name":"FaceTrader","floor":24,"gold_loss":0},{"damage_healed":0,"gold_gain":0,"player_choice":"Shed Blood","damage_taken":23,"max_hp_gain":5,"max_hp_loss":0,"event_name":"Forgotten Altar","floor":30,"gold_loss":0},{"damage_healed":0,"gold_gain":0,"player_choice":"Fight","damage_taken":0,"max_hp_gain":0,"max_hp_loss":0,"event_name":"MindBloom","floor":36,"gold_loss":0},{"damage_healed":0,"gold_gain":0,"player_choice":"Paid Gold","damage_taken":0,"relics_obtained":["Blood Vial"],"max_hp_gain":0,"max_hp_loss":0,"event_name":"WeMeetAgain","floor":42,"gold_loss":50},{"damage_healed":0,"gold_gain":0,"player_choice":"Fight","damage_taken":0,"max_hp_gain":0,"max_hp_loss":0,"event_name":"Mysterious Sphere","floor":44,"gold_loss":0}],"is_beta":false,"boss_relics":[{"not_picked":["White Beast Statue","Mark of Pain"],"picked":"Sozu"},{"not_picked":["Cursed Key","Velvet Choker"],"picked":"Fusion Hammer"}],"items_purged_floors":[4,21,38],"is_endless":false,"potions_floor_spawned":[5,7,8,10,14,29,33,36,45,46,47,48],"ascension_level":1}