{"gold_per_floor":[114,129,144,26,41,71,86,86,111,111,186,186,201,233,233,333,333,333],"floor_reached":18,"playtime":1108,"items_purged":[],"score":162,"play_id":"dea9b778-1917-43f0-97ee-5338fbb204a1","local_time":"20180711191543","daily_mods":["Heirloom","Uncertain Future","Lethality"],"is_ascension_mode":false,"campfire_choices":[{"floor":8,"key":"REST"},{"floor":10,"key":"DIG"},{"floor":15,"key":"REST"}],"neow_cost":"","seed_source_timestamp":0,"circlet_count":0,"master_deck":["Defend_G","Defend_G","Defend_G","Defend_G","Defend_G","Strike_G","Strike_G","Strike_G","Strike_G","Strike_G","Survivor","Neutralize+1","PiercingWail","Dash","Flying Knee+1","Infinite Blades","Setup","Sucker Punch","Venomology","Bane","Catalyst","Cloak And Dagger","Envenom"],"special_seed":17723,"relics":["Ring of the Snake","Du-Vu Doll","Shovel","Whetstone","Potion Belt","Singing Bowl","Runic Pyramid"],"potions_floor_usage":[6,14,16,16,16,16,16,16,16,16],"damage_taken":[{"damage":0,"enemies":"Small Slimes","floor":1,"turns":4},{"damage":0,"enemies":"Jaw Worm","floor":2,"turns":3},{"damage":0,"enemies":"2 Louse","floor":3,"turns":2},{"damage":3,"enemies":"Looter","floor":5,"turns":4},{"damage":20,"enemies":"3 Sentries","floor":6,"turns":8},{"damage":0,"enemies":"2 Fungi Beasts","floor":7,"turns":3},{"damage":0,"enemies":"3 Louse","floor":13,"turns":3},{"damage":40,"enemies":"Lagavulin Event","floor":14,"turns":7},{"damage":15,"enemies":"Hexaghost","floor":16,"turns":8},{"damage":0,"enemies":"Chosen","floor":18,"turns":4}],"seed_played":"-1904894230533814690","potions_obtained":[{"floor":2,"key":"AttackPotion"},{"floor":7,"key":"Explosive Potion"},{"floor":13,"key":"SpeedPotion"},{"floor":14,"key":"EntropicBrew"},{"floor":16,"key":"Fire Potion"}],"is_trial":false,"path_per_floor":["M","M","M","$","M","E","M","R","T","R","?","?","M","?","R","B",null],"character_chosen":"THE_SILENT","items_purchased":["Infinite Blades","Setup"],"campfire_rested":2,"item_purchase_floors":[4,4],"current_hp_per_floor":[70,70,70,70,67,47,47,68,68,68,57,57,57,17,38,23,70,70],"gold":333,"neow_bonus":"","is_prod":false,"is_daily":true,"chose_seed":false,"campfire_upgraded":0,"win_rate":0.0,"timestamp":1531304143,"path_taken":["M","M","M","$","M","E","M","R","T","R","?","?","M","?","R","BOSS","M"],"build_version":"2018-07-05","purchased_purges":0,"victory":false,"max_hp_per_floor":[70,70,70,70,70,70,70,70,70,70,70,70,70,70,70,70,70,70],"card_choices":[{"not_picked":["Deadly Poison","Poisoned Stab"],"picked":"PiercingWail","floor":1},{"not_picked":["Infinite Blades","PiercingWail"],"picked":"Dash","floor":2},{"not_picked":["Dagger Spray","Masterful Stab"],"picked":"Flying Knee","floor":3},{"not_picked":["Endless Agony","Infinite Blades"],"picked":"Sucker Punch","floor":5},{"not_picked":["Outmaneuver","Dash"],"picked":"Venomology","floor":6},{"not_picked":["Slice","Quick Slash"],"picked":"Bane","floor":7},{"not_picked":["Backflip","Masterful Stab"],"picked":"Catalyst","floor":13},{"not_picked":["Outmaneuver","Sucker Punch"],"picked":"Cloak And Dagger","floor":14},{"not_picked":["Die Die Die","Night Terror"],"picked":"Envenom","floor":16}],"player_experience":81744,"relics_obtained":[{"floor":6,"key":"Shovel"},{"floor":9,"key":"Whetstone"},{"floor":10,"key":"Potion Belt"},{"floor":14,"key":"Singing Bowl"}],"event_choices":[{"event_name":"World of Goop","player_choice":"Gather Gold","floor":11,"damage_taken":0},{"event_name":"The Cleric","player_choice":"Leave","floor":12,"damage_taken":0},{"event_name":"Dead Adventurer","player_choice":"Searched \u00272\u0027 times","floor":14,"damage_taken":0}],"boss_relics":[{"not_picked":["Snecko Eye","Sozu"],"picked":"Runic Pyramid"}],"items_purged_floors":[],"is_endless":false,"potions_floor_spawned":[2,7,13,14,16],"killed_by":"Chosen","ascension_level":0}