{"gold_per_floor":[118,18,18,35,49,75,75,150,174,201,218,249,249,261,261,338,338,350,366,34,51,51,51,51],"floor_reached":24,"playtime":703,"items_purged":["Strike_R","Strike_R"],"score":422,"play_id":"da07d766-725d-4884-aa18-4caa3ffef12f","local_time":"20190803022434","is_ascension_mode":true,"campfire_choices":[{"data":"Whirlwind","floor":7,"key":"SMITH"},{"data":"True Grit","floor":13,"key":"SMITH"},{"data":"True Grit","floor":15,"key":"SMITH"},{"floor":23,"key":"REST"}],"neow_cost":"NONE","seed_source_timestamp":612277280933603,"circlet_count":0,"master_deck":["AscendersBane","Strike_R","Strike_R","Strike_R","Defend_R","Defend_R","Defend_R","Defend_R","Bash","Iron Wave","Havoc+1","Anger","True Grit+1","Whirlwind+1","Immolate","Headbutt","Juggernaut","True Grit+1","Exhume","Shrug It Off+1","Shrug It Off","Flame Barrier"],"relics":["Burning Blood","Anchor","Strawberry","The Courier","Bag of Preparation","Black Star","Membership Card","FossilizedHelix","Nilry\u0027s Codex"],"potions_floor_usage":[12,21,24],"damage_taken":[{"damage":4,"enemies":"Jaw Worm","floor":1,"turns":4},{"damage":0,"enemies":"Cultist","floor":4,"turns":3},{"damage":5,"enemies":"Small Slimes","floor":5,"turns":3},{"damage":27,"enemies":"Gremlin Nob","floor":6,"turns":5},{"damage":0,"enemies":"3 Sentries","floor":10,"turns":4},{"damage":1,"enemies":"Looter","floor":11,"turns":2},{"damage":11,"enemies":"Gremlin Nob","floor":12,"turns":3},{"damage":0,"enemies":"Exordium Wildlife","floor":14,"turns":3},{"damage":55,"enemies":"Hexaghost","floor":16,"turns":10},{"damage":51,"enemies":"Spheric Guardian","floor":18,"turns":6},{"damage":0,"enemies":"3 Byrds","floor":19,"turns":3},{"damage":16,"enemies":"Snake Plant","floor":21,"turns":6},{"damage":43,"enemies":"Book of Stabbing","floor":24,"turns":7}],"seed_played":"-2639912880277768778","potions_obtained":[{"floor":1,"key":"Energy Potion"},{"floor":4,"key":"Regen Potion"},{"floor":19,"key":"Poison Potion"}],"is_trial":false,"path_per_floor":["M","$","?","M","M","E","R","?","T","E","M","E","R","M","R","B",null,"M","M","$","M","?","R","E"],"character_chosen":"IRONCLAD","items_purchased":["Havoc","Membership Card","FossilizedHelix"],"campfire_rested":1,"item_purchase_floors":[2,20,20],"current_hp_per_floor":[77,77,77,82,82,61,61,50,57,63,68,63,63,69,69,20,72,27,33,33,23,2,28,0],"gold":51,"neow_bonus":"TEN_PERCENT_HP_BONUS","is_prod":false,"is_daily":false,"chose_seed":false,"campfire_upgraded":3,"win_rate":0,"timestamp":1564813474,"path_taken":["M","$","?","M","?","E","R","?","T","E","M","E","R","M","R","BOSS","M","M","$","M","?","R","E"],"build_version":"2019-07-17","purchased_purges":2,"victory":false,"max_hp_per_floor":[82,82,82,82,82,82,82,82,89,89,89,89,89,89,89,89,89,89,89,89,89,89,89,89],"card_choices":[{"not_picked":["Fire Breathing","Bloodletting"],"picked":"Iron Wave","floor":1},{"not_picked":["Cleave","Thunderclap"],"picked":"Anger","floor":4},{"not_picked":["Body Slam","Clash"],"picked":"True Grit","floor":5},{"not_picked":["Iron Wave","Cleave"],"picked":"Whirlwind","floor":6},{"not_picked":["Power Through","Twin Strike"],"picked":"Immolate","floor":10},{"not_picked":["Clash","Pummel"],"picked":"Headbutt","floor":11},{"not_picked":["Sever Soul","Wild Strike"],"picked":"Juggernaut","floor":12},{"not_picked":["Body Slam","Heavy Blade"],"picked":"True Grit","floor":14},{"not_picked":["Immolate","Juggernaut"],"picked":"Exhume","floor":16},{"not_picked":["Clash","Armaments"],"picked":"Shrug It Off+1","floor":18},{"not_picked":["Flame Barrier","Dark Embrace"],"picked":"Shrug It Off","floor":19},{"not_picked":["Cleave","Anger"],"picked":"Flame Barrier","floor":21}],"player_experience":1658278,"relics_obtained":[{"floor":6,"key":"Anchor"},{"floor":9,"key":"Strawberry"},{"floor":10,"key":"The Courier"},{"floor":12,"key":"Bag of Preparation"},{"floor":22,"key":"Nilry\u0027s Codex"}],"event_choices":[{"damage_healed":0,"gold_gain":0,"player_choice":"Upgraded","damage_taken":0,"max_hp_gain":0,"max_hp_loss":0,"event_name":"Upgrade Shrine","floor":3,"gold_loss":0,"cards_upgraded":["Havoc"]},{"damage_healed":0,"gold_gain":75,"player_choice":"Gather Gold","damage_taken":11,"max_hp_gain":0,"max_hp_loss":0,"event_name":"World of Goop","floor":8,"gold_loss":0},{"damage_healed":0,"gold_gain":0,"player_choice":"Obtained Book","damage_taken":21,"max_hp_gain":0,"max_hp_loss":0,"event_name":"Cursed Tome","floor":22,"gold_loss":0}],"is_beta":false,"boss_relics":[{"not_picked":["Tiny House","Eternal Feather"],"picked":"Black Star"}],"items_purged_floors":[2,20],"is_endless":false,"potions_floor_spawned":[1,4,5,19],"killed_by":"Book of Stabbing","ascension_level":15}