{"gold_per_floor":[115,190,205,114,114,114,158,176,176,176,195,195,231,255,255,255],"floor_reached":16,"playtime":630,"items_purged":[],"score":203,"play_id":"9d1f73f9-ec17-4b95-9c88-a545515c2694","local_time":"20190801105859","is_ascension_mode":true,"campfire_choices":[{"data":"Entrench","floor":10,"key":"SMITH"},{"floor":12,"key":"REST"},{"floor":15,"key":"REST"}],"neow_cost":"NONE","seed_source_timestamp":687481197402488,"circlet_count":0,"master_deck":["AscendersBane","Strike_R","Strike_R","Strike_R","Strike_R","Strike_R","Defend_R","Defend_R","Defend_R","Defend_R","Bash","Pommel Strike","Pommel Strike","Shrug It Off+1","Corruption","Entrench+1","Power Through","Uppercut","Disarm","Entrench"],"relics":["Burning Blood","NeowsBlessing","Golden Idol","Mummified Hand","Dodecahedron","Bottled Lightning"],"potions_floor_usage":[11,14,16],"damage_taken":[{"damage":0,"enemies":"Jaw Worm","floor":1,"turns":1},{"damage":0,"enemies":"Small Slimes","floor":3,"turns":1},{"damage":0,"enemies":"Lagavulin","floor":7,"turns":1},{"damage":6,"enemies":"Cultist","floor":8,"turns":3},{"damage":23,"enemies":"3 Louse","floor":11,"turns":3},{"damage":26,"enemies":"Gremlin Nob","floor":13,"turns":6},{"damage":26,"enemies":"Large Slime","floor":14,"turns":6},{"damage":51,"enemies":"Slime Boss","floor":16,"turns":13}],"seed_played":"3999994233735170835","potions_obtained":[{"floor":1,"key":"Poison Potion"},{"floor":13,"key":"Energy Potion"},{"floor":14,"key":"Block Potion"}],"is_trial":false,"path_per_floor":["M","?","M","$","?","?","E","M","T","R","M","R","E","M","R","B"],"character_chosen":"IRONCLAD","items_purchased":["Shrug It Off","Corruption"],"campfire_rested":2,"item_purchase_floors":[4,4],"current_hp_per_floor":[78,67,73,73,53,53,59,59,59,59,42,66,46,26,50,0],"gold":255,"neow_bonus":"THREE_ENEMY_KILL","is_prod":false,"is_daily":false,"chose_seed":false,"campfire_upgraded":1,"win_rate":0,"timestamp":1564671539,"path_taken":["M","?","M","$","?","?","E","M","T","R","M","R","E","M","R","BOSS"],"build_version":"2019-07-17","purchased_purges":0,"victory":false,"max_hp_per_floor":[80,80,80,80,80,80,80,80,80,80,80,80,80,80,80,80],"card_choices":[{"not_picked":["Intimidate","Iron Wave"],"picked":"Pommel Strike","floor":1},{"not_picked":["Clothesline","Sword Boomerang"],"picked":"Pommel Strike","floor":3},{"not_picked":["Rampage","Anger"],"picked":"Entrench","floor":7},{"not_picked":["Perfected Strike","Sword Boomerang"],"picked":"Power Through","floor":8},{"not_picked":["Twin Strike","Thunderclap"],"picked":"Uppercut","floor":11},{"not_picked":["Dual Wield","Berserk"],"picked":"Disarm","floor":13},{"not_picked":["Clash","Headbutt"],"picked":"Entrench","floor":14}],"player_experience":1116859,"relics_obtained":[{"floor":7,"key":"Mummified Hand"},{"floor":9,"key":"Dodecahedron"},{"floor":13,"key":"Bottled Lightning"}],"event_choices":[{"damage_healed":0,"gold_gain":75,"player_choice":"Gather Gold","damage_taken":11,"max_hp_gain":0,"max_hp_loss":0,"event_name":"World of Goop","floor":2,"gold_loss":0},{"damage_healed":0,"gold_gain":0,"player_choice":"Take Damage","damage_taken":20,"relics_obtained":["Golden Idol"],"max_hp_gain":0,"max_hp_loss":0,"event_name":"Golden Idol","floor":5,"gold_loss":0},{"damage_healed":0,"gold_gain":0,"player_choice":"Grow","damage_taken":0,"max_hp_gain":0,"max_hp_loss":0,"event_name":"Living Wall","floor":6,"gold_loss":0,"cards_upgraded":["Shrug It Off"]}],"is_beta":false,"boss_relics":[],"items_purged_floors":[],"is_endless":false,"potions_floor_spawned":[1,13,14],"killed_by":"Slime Boss","ascension_level":10}