{"gold_per_floor":[116,191,191,191,205,236,236,248,294,312,341,353,11,30,30,128,128,141,141,141,141,155,155,181,181,181,216,232,232,232,263,263,365,365,383,394,24,1023,1036,1036,1036,1061,1061,1061,203,203,203,214,214,214,214,214,15,48,48],"floor_reached":55,"playtime":3410,"items_purged":["Injury"],"score":836,"play_id":"aad79c18-7a72-4baa-8ff8-4e4d04066ac0","local_time":"20190424202940","is_ascension_mode":false,"campfire_choices":[{"data":"Loop","floor":7,"key":"SMITH"},{"floor":15,"key":"REST"},{"floor":23,"key":"REST"},{"data":"Buffer","floor":25,"key":"SMITH"},{"data":"Defragment","floor":32,"key":"SMITH"},{"floor":40,"key":"RECALL"},{"data":"Loop","floor":44,"key":"SMITH"},{"data":"Storm","floor":47,"key":"SMITH"},{"data":"Heatsinks","floor":49,"key":"SMITH"},{"data":"Apotheosis","floor":52,"key":"SMITH"}],"neow_cost":"NONE","seed_source_timestamp":179813880701638,"circlet_count":0,"master_deck":["Strike_B+1","Strike_B+1","Strike_B+1","Defend_B+1","Defend_B+1","Defend_B+1","Defend_B+1","Zap","Dualcast","Loop+1","Conserve Battery","Heatsinks+1","Turbo","Hologram","Buffer+1","Conserve Battery","Defragment+1","Redo","BootSequence+1","Force Field","Buffer+1","Electrodynamics","Storm+1","Loop+1","Apotheosis+1","Turbo+1","Static Discharge","Panache"],"relics":["Cracked Core","NeowsBlessing","Mummified Hand","Regal Pillow","Symbiotic Virus","DataDisk","Chemical X","Eternal Feather","Potion Belt","Smiling Mask","Blue Candle","Pear","Bottled Flame","Cursed Key","Omamori","PreservedInsect","Pen Nib","Dodecahedron","Bottled Tornado","Torii","Bag of Preparation"],"potions_floor_usage":[12,16,18,27,28,33,42,55,55,55,55],"damage_taken":[{"damage":0,"enemies":"Small Slimes","floor":1,"turns":1},{"damage":0,"enemies":"Jaw Worm","floor":5,"turns":1},{"damage":0,"enemies":"3 Sentries","floor":6,"turns":1},{"damage":0,"enemies":"Cultist","floor":8,"turns":3},{"damage":9,"enemies":"Blue Slaver","floor":10,"turns":3},{"damage":37,"enemies":"Lagavulin","floor":11,"turns":6},{"damage":0,"enemies":"3 Louse","floor":12,"turns":1},{"damage":3,"enemies":"Large Slime","floor":14,"turns":5},{"damage":21,"enemies":"Hexaghost","floor":16,"turns":6},{"damage":13,"enemies":"3 Byrds","floor":18,"turns":6},{"damage":36,"enemies":"Colosseum Slavers","floor":21,"turns":5},{"damage":5,"enemies":"Shell Parasite","floor":22,"turns":6},{"damage":14,"enemies":"Book of Stabbing","floor":24,"turns":5},{"damage":22,"enemies":"Slavers","floor":27,"turns":7},{"damage":0,"enemies":"Snecko","floor":28,"turns":5},{"damage":0,"enemies":"Book of Stabbing","floor":31,"turns":5},{"damage":40,"enemies":"Champ","floor":33,"turns":10},{"damage":0,"enemies":"3 Shapes","floor":35,"turns":5},{"damage":11,"enemies":"3 Darklings","floor":36,"turns":3},{"damage":17,"enemies":"Jaw Worm Horde","floor":39,"turns":5},{"damage":0,"enemies":"Giant Head","floor":42,"turns":8},{"damage":0,"enemies":"4 Shapes","floor":48,"turns":5},{"damage":53,"enemies":"Donu and Deca","floor":50,"turns":8},{"damage":17,"enemies":"Shield and Spear","floor":54,"turns":3},{"damage":68,"enemies":"The Heart","floor":55,"turns":5}],"seed_played":"-7300053223189838160","potions_obtained":[{"floor":6,"key":"FearPotion"},{"floor":11,"key":"Explosive Potion"},{"floor":12,"key":"LiquidBronze"},{"floor":14,"key":"Explosive Potion"},{"floor":22,"key":"Ancient Potion"},{"floor":27,"key":"EssenceOfSteel"},{"floor":33,"key":"SneckoOil"},{"floor":39,"key":"Weak Potion"},{"floor":48,"key":"Energy Potion"},{"floor":54,"key":"LiquidBronze"}],"is_trial":false,"path_per_floor":["M","?","T","?","M","E","R","M","T","M","E","M","$","M","R","B",null,"M","?","?","?","M","R","E","R","T","E","M","?","?","E","R","B",null,"M","M","$","?","M","R","?","E","T","R","$","?","R","M","R","B",null,"R","$","E","B"],"character_chosen":"DEFECT","items_purchased":["DataDisk","Chemical X","Omamori","PreservedInsect","Loop","Bottled Tornado","Torii","Apotheosis","Energy Potion","Static Discharge","Panache"],"campfire_rested":2,"item_purchase_floors":[13,13,37,37,37,45,45,45,45,53,53],"current_hp_per_floor":[75,64,64,64,64,64,64,64,64,55,18,18,18,15,52,31,75,62,62,62,26,21,67,53,62,62,50,50,50,50,50,62,22,85,85,74,74,74,57,72,72,72,72,85,85,85,85,85,85,32,85,85,85,68,0],"gold":48,"neow_bonus":"THREE_ENEMY_KILL","is_prod":false,"is_daily":false,"chose_seed":false,"campfire_upgraded":7,"win_rate":0,"timestamp":1556152180,"path_taken":["M","?","?","?","M","E","R","M","T","M","E","M","$","M","R","BOSS","M","?","?","?","M","R","E","R","T","E","M","?","?","E","R","BOSS","M","M","$","?","M","R","?","E","T","R","$","?","R","?","R","BOSS","R","$","E","BOSS"],"build_version":"2019-01-23","purchased_purges":1,"victory":false,"max_hp_per_floor":[75,75,75,75,75,75,75,75,75,75,75,75,75,75,75,75,75,75,75,75,75,75,75,75,75,75,85,85,85,85,85,85,85,85,85,85,85,85,85,85,85,85,85,85,85,85,85,85,85,85,85,85,85,85,85],"card_choices":[{"not_picked":["Leap","Go for the Eyes"],"picked":"Loop","floor":1},{"not_picked":["Rebound","Auto Shields"],"picked":"Conserve Battery","floor":5},{"not_picked":["Gash","Leap"],"picked":"Heatsinks","floor":6},{"not_picked":["Skim","Redo","Compile Driver"],"picked":"SKIP","floor":8},{"not_picked":["Redo","Doom and Gloom","Streamline"],"picked":"SKIP","floor":10},{"not_picked":["Beam Cell","Go for the Eyes"],"picked":"Turbo","floor":11},{"not_picked":["Sweeping Beam","All For One","Stack"],"picked":"SKIP","floor":12},{"not_picked":["Turbo","Gash"],"picked":"Hologram","floor":14},{"not_picked":["Amplify","Fission"],"picked":"Buffer","floor":16},{"not_picked":["Rebound+1","Fusion"],"picked":"Conserve Battery","floor":18},{"not_picked":["Sweeping Beam","Compile Driver+1"],"picked":"Redo","floor":22},{"not_picked":["Darkness","Leap+1","Doom and Gloom+1"],"picked":"SKIP","floor":24},{"not_picked":["Hologram","Compile Driver"],"picked":"BootSequence+1","floor":27},{"not_picked":["Coolheaded+1","Blizzard"],"picked":"Force Field","floor":28},{"not_picked":["Leap+1","Scrape","Thunder Strike"],"picked":"SKIP","floor":31},{"not_picked":["Rainbow","Seek"],"picked":"Electrodynamics","floor":33},{"not_picked":["Tempest","Steam Power","Compile Driver+1"],"picked":"SKIP","floor":35},{"not_picked":["FTL+1","Cold Snap"],"picked":"Storm","floor":36},{"not_picked":["Streamline","Stack","Cold Snap"],"picked":"SKIP","floor":39},{"not_picked":["Sweeping Beam","Recycle+1","Aggregate"],"picked":"SKIP","floor":42},{"not_picked":["Cold Snap+1","Storm+1"],"picked":"Turbo+1","floor":48},{"not_picked":["Meteor Strike","Hologram","Ball Lightning+1"],"picked":"SKIP","floor":54}],"player_experience":896317,"relics_obtained":[{"floor":6,"key":"Mummified Hand"},{"floor":9,"key":"Regal Pillow"},{"floor":11,"key":"Symbiotic Virus"},{"floor":24,"key":"Smiling Mask"},{"floor":26,"key":"Blue Candle"},{"floor":27,"key":"Pear"},{"floor":31,"key":"Bottled Flame"},{"floor":42,"key":"Pen Nib"},{"floor":43,"key":"Dodecahedron"},{"floor":54,"key":"Bag of Preparation"}],"event_choices":[{"damage_healed":0,"gold_gain":75,"player_choice":"Gather Gold","damage_taken":11,"max_hp_gain":0,"max_hp_loss":0,"event_name":"World of Goop","floor":2,"gold_loss":0},{"damage_healed":0,"gold_gain":0,"player_choice":"Ignored","damage_taken":0,"max_hp_gain":0,"max_hp_loss":0,"event_name":"NoteForYourself","floor":4,"gold_loss":0},{"damage_healed":0,"gold_gain":0,"player_choice":"Read","damage_taken":0,"max_hp_gain":0,"max_hp_loss":0,"event_name":"The Library","floor":19,"gold_loss":0,"cards_obtained":["Defragment"]},{"damage_healed":0,"gold_gain":0,"player_choice":"Opened","damage_taken":0,"relics_obtained":["Potion Belt"],"max_hp_gain":0,"max_hp_loss":0,"event_name":"The Mausoleum","floor":20,"gold_loss":0},{"damage_healed":0,"gold_gain":0,"player_choice":"Fight","damage_taken":0,"max_hp_gain":0,"max_hp_loss":0,"event_name":"Colosseum","floor":21,"gold_loss":0},{"damage_healed":0,"gold_gain":0,"player_choice":"Fled From Nobs","damage_taken":0,"max_hp_gain":0,"max_hp_loss":0,"event_name":"Colosseum","floor":21,"gold_loss":0},{"damage_healed":0,"gold_gain":0,"player_choice":"Simplicity","damage_taken":0,"max_hp_gain":0,"max_hp_loss":0,"event_name":"Back to Basics","floor":29,"gold_loss":0,"cards_upgraded":["Strike_B","Strike_B","Strike_B","Strike_B","Defend_B","Defend_B","Defend_B","Defend_B"]},{"damage_healed":0,"gold_gain":0,"player_choice":"Copied","damage_taken":0,"max_hp_gain":0,"max_hp_loss":0,"event_name":"Duplicator","floor":30,"gold_loss":0,"cards_obtained":["Buffer"]},{"damage_healed":0,"gold_gain":999,"player_choice":"Gold","damage_taken":0,"max_hp_gain":0,"max_hp_loss":0,"event_name":"MindBloom","floor":38,"gold_loss":0,"cards_obtained":["Normality","Normality"]},{"cards_removed":["Strike_B"],"damage_healed":0,"gold_gain":0,"player_choice":"Removed Attack","damage_taken":0,"max_hp_gain":0,"max_hp_loss":0,"event_name":"Falling","floor":41,"gold_loss":0},{"damage_healed":0,"gold_gain":0,"player_choice":"0 cards matched","damage_taken":0,"max_hp_gain":0,"max_hp_loss":0,"event_name":"Match and Keep!","floor":46,"gold_loss":0,"cards_obtained":[]}],"is_beta":false,"boss_relics":[{"not_picked":["Snecko Eye","Empty Cage"],"picked":"Eternal Feather"},{"not_picked":["Velvet Choker","Pandora\u0027s Box"],"picked":"Cursed Key"}],"items_purged_floors":[45],"is_endless":false,"potions_floor_spawned":[6,11,12,14,22,27,33,39,48,54],"killed_by":"The Heart","ascension_level":0}