{"gold_per_floor":[119,4,4,22,37,37,69,69,94,54,54,54,18,30,30,127,127,52,66,78,2,2,2,17,31,85,110,140,170,182,206,218,325,337,361,41,52,52,52,52,81,81,81,81,81],"floor_reached":45,"playtime":5677,"items_purged":["Strike_G","Strike_G"],"score":443,"play_id":"4373e3ca-3624-406d-aeba-147639617d00","local_time":"20190802232208","is_ascension_mode":false,"campfire_choices":[{"data":"Noxious Fumes","floor":6,"key":"SMITH"},{"floor":8,"key":"REST"},{"floor":15,"key":"REST"},{"floor":23,"key":"REST"},{"floor":30,"key":"REST"},{"floor":32,"key":"REST"},{"floor":40,"key":"REST"},{"floor":42,"key":"REST"},{"floor":44,"key":"REST"}],"neow_cost":"CURSE","seed_source_timestamp":76184429874835,"circlet_count":0,"master_deck":["Strike_G","Defend_G","Defend_G","Defend_G","Defend_G","Survivor","Neutralize+1","Parasite","Riddle With Holes","Predator+1","Noxious Fumes+1","Decay","Prepared+1","Escape Plan","Deadly Poison","Noxious Fumes","Dodge and Roll","Tactician","Well Laid Plans","Acrobatics","Caltrops+1","Dodge and Roll","Footwork+1","Deadly Poison+1","Crippling Poison+1","Well Laid Plans","Acrobatics","Calculated Gamble+1","Adrenaline","Apotheosis","Footwork","Noxious Fumes+1"],"relics":["Ring of the Snake","PreservedInsect","Whetstone","Gremlin Horn","Orrery","MawBank","White Beast Statue","Boot","Bottled Lightning","Frozen Egg 2"],"potions_floor_usage":[27,29,37,41],"damage_taken":[{"damage":0,"enemies":"2 Louse","floor":1,"turns":2},{"damage":6,"enemies":"Cultist","floor":4,"turns":3},{"damage":3,"enemies":"Jaw Worm","floor":5,"turns":4},{"damage":51,"enemies":"Gremlin Nob","floor":7,"turns":6},{"damage":0,"enemies":"Blue Slaver","floor":14,"turns":5},{"damage":33,"enemies":"Slime Boss","floor":16,"turns":9},{"damage":13,"enemies":"2 Thieves","floor":18,"turns":5},{"damage":10,"enemies":"3 Byrds","floor":19,"turns":3},{"damage":28,"enemies":"Snake Plant","floor":20,"turns":5},{"damage":14,"enemies":"Chosen and Byrds","floor":24,"turns":7},{"damage":7,"enemies":"Shelled Parasite and Fungi","floor":25,"turns":6},{"damage":1,"enemies":"Centurion and Healer","floor":27,"turns":6},{"damage":6,"enemies":"Cultist and Chosen","floor":28,"turns":6},{"damage":25,"enemies":"Snake Plant","floor":29,"turns":4},{"damage":7,"enemies":"Snecko","floor":31,"turns":5},{"damage":42,"enemies":"Collector","floor":33,"turns":9},{"damage":19,"enemies":"3 Shapes","floor":35,"turns":7},{"damage":19,"enemies":"3 Darklings","floor":37,"turns":7},{"damage":51,"enemies":"Reptomancer","floor":41,"turns":8},{"damage":62,"enemies":"Transient","floor":45,"turns":5}],"seed_played":"8909095875155210209","potions_obtained":[{"floor":1,"key":"LiquidBronze"},{"floor":5,"key":"Regen Potion"},{"floor":14,"key":"Regen Potion"},{"floor":33,"key":"FearPotion"},{"floor":35,"key":"Swift Potion"},{"floor":37,"key":"Block Potion"},{"floor":41,"key":"SkillPotion"}],"is_trial":false,"path_per_floor":["M","$","?","M","M","R","E","R","T","?","T","?","$","M","R","B",null,"M","M","M","$","?","R","M","M","T","M","M","M","R","M","R","B",null,"M","$","M","?","?","R","E","R","T","R","M"],"character_chosen":"THE_SILENT","items_purchased":["Noxious Fumes","Noxious Fumes","Footwork","Apotheosis","Footwork"],"campfire_rested":8,"item_purchase_floors":[2,13,21,36,36],"current_hp_per_floor":[70,70,70,64,61,61,10,31,31,31,31,31,31,31,52,19,70,57,47,19,19,19,40,26,19,19,33,27,11,32,25,46,4,70,51,51,32,32,32,53,2,23,23,44,0],"gold":81,"neow_bonus":"TRANSFORM_TWO_CARDS","is_prod":false,"is_daily":false,"chose_seed":false,"campfire_upgraded":1,"win_rate":0,"timestamp":1564780928,"path_taken":["M","$","?","?","M","R","E","R","T","?","?","?","$","M","R","BOSS","M","M","?","$","?","R","M","M","T","M","M","?","R","M","R","BOSS","M","$","M","?","?","R","E","R","T","R","?"],"build_version":"2019-07-17","purchased_purges":2,"victory":false,"max_hp_per_floor":[70,70,70,70,70,70,70,70,70,70,70,70,70,70,70,70,70,70,70,70,70,70,70,70,70,70,70,70,70,70,70,70,70,70,70,70,70,70,70,70,70,70,70,70,70],"card_choices":[{"not_picked":["Underhanded Strike","Quick Slash","Dagger Spray"],"picked":"SKIP","floor":1},{"not_picked":["Predator","Bane"],"picked":"Prepared","floor":4},{"not_picked":["Leg Sweep","Deflect"],"picked":"Escape Plan","floor":5},{"not_picked":["Dagger Spray","Slice"],"picked":"Deadly Poison","floor":7},{"not_picked":["Blade Dance","Sucker Punch","Terror"],"picked":"SKIP","floor":14},{"not_picked":["Quick Slash","Leg Sweep"],"picked":"Dodge and Roll","floor":17},{"not_picked":["Slice","Eviscerate"],"picked":"Tactician","floor":17},{"not_picked":["Prepared","Deflect"],"picked":"Well Laid Plans","floor":17},{"not_picked":["Backstab","Poisoned Stab"],"picked":"Well Laid Plans","floor":17},{"not_picked":["Prepared","Blade Dance"],"picked":"Acrobatics","floor":17},{"not_picked":["Underhanded Strike","Deflect"],"picked":"Caltrops+1","floor":18},{"not_picked":["Skewer+1","Predator"],"picked":"Dodge and Roll","floor":19},{"not_picked":["Deflect","Malaise","Outmaneuver"],"picked":"SKIP","floor":20},{"not_picked":["Tactician","Dagger Throw"],"picked":"Deadly Poison+1","floor":24},{"not_picked":["PiercingWail","Dagger Spray"],"picked":"Crippling Poison+1","floor":25},{"not_picked":["Dagger Spray+1","Blade Dance+1"],"picked":"Well Laid Plans","floor":27},{"not_picked":["Blade Dance","Burst"],"picked":"Acrobatics","floor":28},{"not_picked":["Dash","Quick Slash"],"picked":"Calculated Gamble+1","floor":29},{"not_picked":["Slice","Sucker Punch","Dagger Throw"],"picked":"SKIP","floor":31},{"not_picked":["Phantasmal Killer","A Thousand Cuts"],"picked":"Adrenaline","floor":33},{"not_picked":["Blade Dance","Predator","Underhanded Strike+1"],"picked":"SKIP","floor":35},{"not_picked":["Quick Slash+1","Predator+1","Heel Hook+1"],"picked":"SKIP","floor":37},{"not_picked":["Dagger Throw+1","Endless Agony"],"picked":"Noxious Fumes+1","floor":41}],"player_experience":36664,"relics_obtained":[{"floor":7,"key":"PreservedInsect"},{"floor":9,"key":"Whetstone"},{"floor":11,"key":"Gremlin Horn"},{"floor":26,"key":"MawBank"},{"floor":41,"key":"Bottled Lightning"},{"floor":43,"key":"Frozen Egg 2"}],"event_choices":[{"damage_healed":0,"gold_gain":0,"player_choice":"Cursed","damage_taken":0,"max_hp_gain":0,"max_hp_loss":0,"event_name":"Wheel of Change","floor":3,"gold_loss":0,"cards_obtained":["Decay"]},{"damage_healed":0,"gold_gain":0,"player_choice":"Left Gold","damage_taken":0,"max_hp_gain":0,"max_hp_loss":0,"event_name":"World of Goop","floor":10,"gold_loss":40},{"damage_healed":0,"gold_gain":0,"player_choice":"Forge","damage_taken":0,"max_hp_gain":0,"max_hp_loss":0,"event_name":"Accursed Blacksmith","floor":12,"gold_loss":0,"cards_upgraded":["Prepared"]},{"damage_healed":0,"gold_gain":0,"player_choice":"Upgraded","damage_taken":0,"max_hp_gain":0,"max_hp_loss":0,"event_name":"Upgrade Shrine","floor":22,"gold_loss":0,"cards_upgraded":["Footwork"]},{"cards_removed":["Defend_G"],"damage_healed":0,"gold_gain":0,"player_choice":"Removed Skill","damage_taken":0,"max_hp_gain":0,"max_hp_loss":0,"event_name":"Falling","floor":38,"gold_loss":0},{"cards_removed":["Well Laid Plans"],"damage_healed":0,"gold_gain":0,"player_choice":"Gave Card","damage_taken":0,"relics_obtained":["Boot"],"max_hp_gain":0,"max_hp_loss":0,"event_name":"WeMeetAgain","floor":39,"gold_loss":0}],"is_beta":false,"boss_relics":[{"not_picked":["Lizard Tail","Ectoplasm"],"picked":"Orrery"},{"not_picked":["Black Star","Runic Dome"],"picked":"White Beast Statue"}],"items_purged_floors":[2,36],"is_endless":false,"potions_floor_spawned":[1,5,14,16,20,24,27,33,35,37,41],"killed_by":"Transient","ascension_level":0}