{"gold_per_floor":[116,116,116,17,17,17,44,60,110,120,120,188,39,58,58,153,153,172,172,192,16,26,26,26,26,26,43,43,43,54,54,54,159,159,177,27,40,40,56,56,56,32,32,44,63,82,182,196,196,196],"floor_reached":51,"playtime":5827,"items_purged":["Defend_G","Defend_G","Strike_G","Flechettes+1"],"score":672,"play_id":"b7eeedc6-8627-4952-87a9-52ca7a6febf5","local_time":"20190802164208","is_ascension_mode":false,"campfire_choices":[{"data":"Dash","floor":6,"key":"SMITH"},{"data":"Tactician","floor":15,"key":"SMITH"},{"data":"Underhanded Strike","floor":23,"key":"SMITH"},{"data":"Underhanded Strike","floor":25,"key":"SMITH"},{"data":"Endless Agony","floor":29,"key":"SMITH"},{"data":"Prepared","floor":32,"key":"SMITH"},{"data":"Neutralize","floor":40,"key":"SMITH"},{"floor":49,"key":"REST"}],"neow_cost":"NONE","seed_source_timestamp":52012634529141,"circlet_count":0,"master_deck":["Neutralize+1","Tactician+1","Dash+1","Underhanded Strike+1","Quick Slash","Endless Agony+1","Prepared+1","Acrobatics+1","Backstab","Night Terror+1","Acrobatics+1","After Image+1","Terror+1","Prepared+1","Outmaneuver+1","Quick Slash","Underhanded Strike+1","Backstab","Finisher+1","Dagger Spray","Burst+1","Deadly Poison+1","Prepared+1","Apotheosis+1","Prepared+1","Slice","Deflect+1"],"relics":["Ring of the Snake","NeowsBlessing","Shuriken","PreservedInsect","Anchor","Toxic Egg 2","Astrolabe","Meat on the Bone","Black Star","Bottled Tornado","Gambling Chip"],"potions_floor_usage":[],"damage_taken":[{"damage":0,"enemies":"Jaw Worm","floor":1,"turns":1},{"damage":0,"enemies":"Gremlin Nob","floor":7,"turns":1},{"damage":0,"enemies":"2 Louse","floor":8,"turns":1},{"damage":0,"enemies":"Small Slimes","floor":10,"turns":3},{"damage":0,"enemies":"Looter","floor":14,"turns":2},{"damage":32,"enemies":"The Guardian","floor":16,"turns":7},{"damage":0,"enemies":"2 Thieves","floor":18,"turns":3},{"damage":0,"enemies":"3 Byrds","floor":20,"turns":4},{"damage":5,"enemies":"Snake Plant","floor":22,"turns":3},{"damage":0,"enemies":"Chosen and Byrds","floor":27,"turns":3},{"damage":9,"enemies":"Shelled Parasite and Fungi","floor":30,"turns":3},{"damage":1,"enemies":"Champ","floor":33,"turns":4},{"damage":0,"enemies":"Orb Walker","floor":35,"turns":2},{"damage":0,"enemies":"3 Darklings","floor":37,"turns":2},{"damage":14,"enemies":"Maw","floor":39,"turns":4},{"damage":5,"enemies":"Jaw Worm Horde","floor":44,"turns":3},{"damage":21,"enemies":"3 Darklings","floor":45,"turns":5},{"damage":16,"enemies":"Writhing Mass","floor":46,"turns":4},{"damage":9,"enemies":"Mind Bloom Boss Battle","floor":47,"turns":4},{"damage":15,"enemies":"Sphere and 2 Shapes","floor":48,"turns":4},{"damage":29,"enemies":"Donu and Deca","floor":50,"turns":5}],"seed_played":"-7543425271900429702","potions_obtained":[{"floor":1,"key":"Ancient Potion"},{"floor":7,"key":"Regen Potion"},{"floor":10,"key":"Block Potion"},{"floor":14,"key":"GhostInAJar"}],"is_trial":false,"path_per_floor":["M","?","?","$","?","R","E","M","T","M","?","T","$","M","R","B",null,"M","?","M","$","M","R","?","R","T","M","?","R","M","?","R","B",null,"M","$","M","$","M","R","?","$","T","M","M","M","?","M","R","B",null],"character_chosen":"THE_SILENT","items_purchased":["Underhanded Strike","Acrobatics+1","Outmaneuver+1","Prepared+1"],"campfire_rested":1,"item_purchase_floors":[4,13,21,42],"current_hp_per_floor":[70,75,75,75,72,72,72,72,72,72,72,72,72,72,72,40,75,75,75,75,75,70,70,70,70,70,70,70,70,61,61,61,60,75,75,75,75,75,61,61,61,61,61,56,47,43,46,43,65,48],"gold":196,"neow_bonus":"THREE_ENEMY_KILL","is_prod":false,"is_daily":false,"chose_seed":false,"campfire_upgraded":7,"win_rate":0.0,"timestamp":1564756928,"path_taken":["M","?","?","$","?","R","E","M","T","M","?","?","$","M","R","BOSS","M","?","M","$","M","R","?","R","T","M","?","R","M","?","R","BOSS","M","$","?","$","M","R","?","?","T","M","?","M","?","M","R","BOSS"],"build_version":"2019-07-17","purchased_purges":4,"victory":true,"max_hp_per_floor":[70,75,75,75,75,75,75,75,75,75,75,75,75,75,75,75,75,75,75,75,75,75,75,75,75,75,75,75,75,75,75,75,75,75,75,75,75,75,75,75,75,75,75,75,75,75,75,75,75,75],"card_choices":[{"not_picked":["Deadly Poison","Sucker Punch"],"picked":"Tactician","floor":1},{"not_picked":["Footwork","Poisoned Stab"],"picked":"Quick Slash","floor":7},{"not_picked":["Eviscerate","Quick Slash"],"picked":"Endless Agony","floor":8},{"not_picked":["Dodge and Roll","Flying Knee"],"picked":"Prepared","floor":10},{"not_picked":["Eviscerate","Underhanded Strike"],"picked":"Backstab","floor":14},{"not_picked":["Tools of the Trade","A Thousand Cuts"],"picked":"Night Terror+1","floor":16},{"not_picked":["Deflect+1","Flechettes+1"],"picked":"Terror+1","floor":18},{"not_picked":["Quick Slash","Poisoned Stab"],"picked":"Prepared+1","floor":20},{"not_picked":["Dagger Spray","Dagger Throw"],"picked":"Quick Slash","floor":22},{"not_picked":["Predator","Leg Sweep+1"],"picked":"Finisher+1","floor":27},{"not_picked":["Slice","Dagger Throw"],"picked":"Dagger Spray","floor":30},{"not_picked":["Die Die Die","After Image"],"picked":"Burst+1","floor":33},{"not_picked":["Predator+1","All Out Attack+1"],"picked":"Deadly Poison+1","floor":35},{"not_picked":["Poisoned Stab","PiercingWail+1"],"picked":"Prepared+1","floor":37},{"not_picked":["Dagger Throw","All Out Attack+1","Well Laid Plans"],"picked":"SKIP","floor":39},{"not_picked":["The Bomb+1","Trip+1"],"picked":"Apotheosis+1","floor":41},{"not_picked":["PiercingWail+1","Predator","Terror+1"],"picked":"SKIP","floor":44},{"not_picked":["Flying Knee","Calculated Gamble+1"],"picked":"Slice","floor":45},{"not_picked":["Prepared+1","Flying Knee+1","Masterful Stab"],"picked":"SKIP","floor":46},{"not_picked":["Outmaneuver+1","Dagger Spray+1"],"picked":"Deflect+1","floor":47},{"not_picked":["Poisoned Stab+1","Leg Sweep+1","Quick Slash"],"picked":"SKIP","floor":48}],"player_experience":16533,"relics_obtained":[{"floor":7,"key":"PreservedInsect"},{"floor":9,"key":"Anchor"},{"floor":12,"key":"Toxic Egg 2"},{"floor":26,"key":"Meat on the Bone"},{"floor":43,"key":"Bottled Tornado"},{"floor":47,"key":"Gambling Chip"}],"event_choices":[{"damage_healed":0,"gold_gain":0,"player_choice":"Donut","damage_taken":0,"max_hp_gain":5,"max_hp_loss":0,"event_name":"Big Fish","floor":2,"gold_loss":0},{"damage_healed":0,"gold_gain":0,"cards_transformed":["Defend_G"],"player_choice":"Change","damage_taken":0,"max_hp_gain":0,"max_hp_loss":0,"event_name":"Living Wall","floor":3,"gold_loss":0,"cards_obtained":["Dash"]},{"damage_healed":0,"gold_gain":0,"player_choice":"Success","damage_taken":3,"relics_obtained":["Shuriken"],"max_hp_gain":0,"max_hp_loss":0,"event_name":"Scrap Ooze","floor":5,"gold_loss":0},{"damage_healed":0,"gold_gain":0,"player_choice":"Ignored","damage_taken":0,"max_hp_gain":0,"max_hp_loss":0,"event_name":"Liars Game","floor":11,"gold_loss":0},{"damage_healed":0,"gold_gain":0,"player_choice":"Ignored","damage_taken":0,"max_hp_gain":0,"max_hp_loss":0,"event_name":"The Mausoleum","floor":19,"gold_loss":0},{"damage_healed":0,"gold_gain":0,"cards_transformed":["Strike_G","Strike_G"],"player_choice":"Became Test Subject","damage_taken":0,"max_hp_gain":0,"max_hp_loss":0,"event_name":"Drug Dealer","floor":24,"gold_loss":0,"cards_obtained":["Underhanded Strike","Backstab"]},{"cards_removed":["Survivor"],"damage_healed":0,"gold_gain":0,"player_choice":"Elegance","damage_taken":0,"max_hp_gain":0,"max_hp_loss":0,"event_name":"Back to Basics","floor":28,"gold_loss":0},{"cards_removed":["Defend_G"],"damage_healed":0,"gold_gain":0,"player_choice":"Offered Basic","damage_taken":0,"max_hp_gain":0,"max_hp_loss":0,"event_name":"Bonfire Elementals","floor":31,"gold_loss":0},{"damage_healed":0,"gold_gain":0,"player_choice":"Memory 1","damage_taken":0,"max_hp_gain":0,"max_hp_loss":0,"event_name":"SensoryStone","floor":41,"gold_loss":0},{"damage_healed":0,"gold_gain":0,"player_choice":"Fight","damage_taken":0,"max_hp_gain":0,"max_hp_loss":0,"event_name":"MindBloom","floor":47,"gold_loss":0}],"is_beta":false,"boss_relics":[{"not_picked":["Lizard Tail","Fusion Hammer"],"picked":"Astrolabe"},{"not_picked":["HoveringKite","Snecko Eye"],"picked":"Black Star"}],"items_purged_floors":[4,13,21,36],"is_endless":false,"potions_floor_spawned":[1,7,10,14,20,33,35,45,46,47],"ascension_level":0}