{"gold_per_floor":[114,125,137,149,2,2,22,37,63,75,85,85,101,118,118,218,218,238,238,238],"floor_reached":20,"playtime":709,"items_purged":[],"score":172,"play_id":"f94b4f7f-3823-497e-9bba-b828d070c60b","local_time":"20190415150616","is_ascension_mode":false,"campfire_choices":[{"data":"Streamline","floor":6,"key":"SMITH"},{"floor":12,"key":"REST"},{"floor":15,"key":"REST"}],"neow_cost":"NONE","seed_source_timestamp":2014841684298,"circlet_count":0,"master_deck":["Strike_B+1","Strike_B+1","Strike_B+1","Strike_B+1","Defend_B+1","Defend_B+1","Defend_B+1","Defend_B+1","Zap","Dualcast","Coolheaded","Coolheaded","Static Discharge","Streamline+1","Defragment","Redo","Static Discharge","Streamline","Biased Cognition","Static Discharge","Biased Cognition","Ball Lightning+1"],"relics":["Cracked Core","War Paint","Eternal Feather","Nilry\u0027s Codex"],"potions_floor_usage":[16,16],"damage_taken":[{"damage":1,"enemies":"Cultist","floor":1,"turns":3},{"damage":13,"enemies":"Small Slimes","floor":2,"turns":3},{"damage":0,"enemies":"2 Louse","floor":3,"turns":2},{"damage":7,"enemies":"Blue Slaver","floor":4,"turns":3},{"damage":24,"enemies":"Exordium Thugs","floor":7,"turns":4},{"damage":7,"enemies":"Looter","floor":8,"turns":3},{"damage":12,"enemies":"Large Slime","floor":10,"turns":7},{"damage":8,"enemies":"Blue Slaver","floor":11,"turns":3},{"damage":8,"enemies":"Looter","floor":13,"turns":2},{"damage":0,"enemies":"Large Slime","floor":14,"turns":4},{"damage":16,"enemies":"Slime Boss","floor":16,"turns":7},{"damage":32,"enemies":"Shell Parasite","floor":18,"turns":5}],"seed_played":"-766192091891742776","potions_obtained":[{"floor":4,"key":"SkillPotion"},{"floor":8,"key":"Regen Potion"},{"floor":14,"key":"SkillPotion"},{"floor":16,"key":"SkillPotion"},{"floor":18,"key":"AttackPotion"}],"is_trial":false,"path_per_floor":["M","M","M","M","$","R","M","M","T","M","M","R","M","M","R","B",null,"M","?","?"],"character_chosen":"DEFECT","items_purchased":["War Paint"],"campfire_rested":2,"item_purchase_floors":[5],"current_hp_per_floor":[74,61,61,54,54,54,30,23,23,11,3,25,17,17,39,23,75,43,43,27],"gold":238,"neow_bonus":"THREE_CARDS","is_prod":false,"is_daily":false,"chose_seed":false,"campfire_upgraded":1,"win_rate":0,"timestamp":1555355176,"path_taken":["M","M","M","M","?","R","M","M","T","M","?","R","M","M","R","BOSS","M","?","?"],"build_version":"2019-01-23","purchased_purges":0,"victory":false,"max_hp_per_floor":[75,75,75,75,75,75,75,75,75,75,75,75,75,75,75,75,75,75,75,75],"card_choices":[{"not_picked":["Gash","Go for the Eyes"],"picked":"Coolheaded","floor":0},{"not_picked":["Go for the Eyes","Gash"],"picked":"Coolheaded","floor":1},{"not_picked":["Tempest","Sweeping Beam"],"picked":"Static Discharge","floor":2},{"not_picked":["Sweeping Beam","Go for the Eyes","Auto Shields"],"picked":"SKIP","floor":3},{"not_picked":["Turbo","Fusion"],"picked":"Streamline","floor":4},{"not_picked":["Redo","Turbo"],"picked":"Defragment","floor":7},{"not_picked":["Force Field","Stack"],"picked":"Redo","floor":8},{"not_picked":["Turbo","Barrage"],"picked":"Static Discharge","floor":10},{"not_picked":["Melter","Consume"],"picked":"Streamline","floor":11},{"not_picked":["Reinforced Body","Aggregate"],"picked":"Biased Cognition","floor":13},{"not_picked":["Cold Snap","Rebound"],"picked":"Static Discharge","floor":14},{"not_picked":["Hyperbeam","All For One"],"picked":"Biased Cognition","floor":16},{"not_picked":["Rebound+1","Cold Snap"],"picked":"Ball Lightning+1","floor":18}],"player_experience":824935,"relics_obtained":[{"floor":20,"key":"Nilry\u0027s Codex"}],"event_choices":[{"damage_healed":0,"gold_gain":0,"player_choice":"Simplicity","damage_taken":0,"max_hp_gain":0,"max_hp_loss":0,"event_name":"Back to Basics","floor":19,"gold_loss":0,"cards_upgraded":["Strike_B","Strike_B","Strike_B","Strike_B","Defend_B","Defend_B"]},{"damage_healed":0,"gold_gain":0,"player_choice":"Obtained Book","damage_taken":16,"max_hp_gain":0,"max_hp_loss":0,"event_name":"Cursed Tome","floor":20,"gold_loss":0}],"is_beta":false,"boss_relics":[{"not_picked":["Snecko Eye","Nuclear Battery"],"picked":"Eternal Feather"}],"items_purged_floors":[],"is_endless":false,"potions_floor_spawned":[4,8,14,16,18],"ascension_level":0}