{"gold_per_floor":[114,129,148,148,22,22,22,22,22,36,63,73,91,119,119,190,190,210,110,110,110,125,157,157,72,72,72,91,103,103,122,122,122],"floor_reached":33,"playtime":735,"items_purged":["Strike_R","Defend_R"],"score":554,"play_id":"68caea1a-6120-4447-a30e-4d4951f8d746","local_time":"20190601203039","is_ascension_mode":true,"campfire_choices":[{"data":"Whirlwind","floor":6.0,"key":"SMITH"},{"data":"True Grit","floor":8.0,"key":"SMITH"},{"data":"Disarm","floor":15.0,"key":"SMITH"},{"data":"Burning Pact","floor":24.0,"key":"SMITH"},{"floor":30,"key":"REST"},{"data":"Dark Embrace","floor":32,"key":"SMITH"}],"neow_cost":"PERCENT_DAMAGE","seed_source_timestamp":19591636187855,"circlet_count":0,"master_deck":["AscendersBane","Defend_R","Defend_R","Defend_R","Whirlwind+1","True Grit+1","Offering","Disarm+1","Shrug It Off","Double Tap","Burning Pact+1","Inflame","Dark Embrace+1"],"special_seed":0,"relics":["Burning Blood","Omamori","Happy Flower","Potion Belt","Boot","Unceasing Top","Nloth\u0027s Gift"],"potions_floor_usage":[31,31,33],"damage_taken":[{"damage":9.0,"enemies":"Jaw Worm","floor":1.0,"turns":5.0},{"damage":8.0,"enemies":"2 Louse","floor":2.0,"turns":4.0},{"damage":2.0,"enemies":"Cultist","floor":3.0,"turns":4.0},{"damage":0.0,"enemies":"2 Fungi Beasts","floor":10.0,"turns":2.0},{"damage":32.0,"enemies":"Gremlin Nob","floor":11.0,"turns":4.0},{"damage":0.0,"enemies":"Lots of Slimes","floor":12.0,"turns":2.0},{"damage":0.0,"enemies":"3 Louse","floor":13.0,"turns":1.0},{"damage":20.0,"enemies":"3 Sentries","floor":14.0,"turns":3.0},{"damage":25.0,"enemies":"The Guardian","floor":16.0,"turns":10.0},{"damage":22.0,"enemies":"2 Thieves","floor":18.0,"turns":3.0},{"damage":6.0,"enemies":"3 Byrds","floor":22.0,"turns":1.0},{"damage":30.0,"enemies":"Book of Stabbing","floor":23.0,"turns":6.0},{"damage":6.0,"enemies":"Centurion and Healer","floor":28.0,"turns":2.0},{"damage":8,"enemies":"Cultist and Chosen","floor":29,"turns":5},{"damage":9,"enemies":"Shelled Parasite and Fungi","floor":31,"turns":6},{"damage":56,"enemies":"Collector","floor":33,"turns":3}],"seed_played":"-8123832541927221939","potions_obtained":[{"floor":1.0,"key":"Fire Potion"},{"floor":11.0,"key":"SkillPotion"},{"floor":14.0,"key":"SteroidPotion"},{"floor":16.0,"key":"Weak Potion"},{"floor":18.0,"key":"FearPotion"},{"floor":22.0,"key":"Fire Potion"},{"floor":28.0,"key":"AttackPotion"}],"is_trial":false,"path_per_floor":["M","M","M","?","$","R","?","R","T","M","E","M","M","E","R","B",null,"M","$","?","$","M","E","R","$","T","?","M","M","R","M","R","B"],"character_chosen":"IRONCLAD","items_purchased":["True Grit","Inflame"],"campfire_rested":1,"item_purchase_floors":[5,25],"current_hp_per_floor":[47,45,49,49,49,49,74,74,74,75,49,55,61,47,47,28,63,47,47,47,47,47,23,23,23,23,23,23,21,43,40,40,0],"gold":122,"neow_bonus":"REMOVE_TWO","is_prod":false,"is_daily":false,"chose_seed":false,"campfire_upgraded":5,"win_rate":0,"timestamp":1559392239,"path_taken":["M","M","M","?","$","R","?","R","T","M","E","M","M","E","R","BOSS","M","$","?","$","?","E","R","$","T","?","M","M","R","M","R","BOSS"],"build_version":"2019-01-23","purchased_purges":2,"victory":false,"max_hp_per_floor":[75,75,75,75,75,75,75,75,75,75,75,75,75,75,75,75,75,75,75,75,75,75,75,75,75,75,75,75,75,75,75,75,75],"card_choices":[{"not_picked":["Cleave","Fire Breathing","Heavy Blade"],"picked":"SKIP","floor":1.0},{"not_picked":["Havoc","Headbutt"],"picked":"Whirlwind","floor":2.0},{"not_picked":["Infernal Blade","Clash","Blood for Blood"],"picked":"SKIP","floor":3.0},{"not_picked":["Searing Blow","Sword Boomerang","Heavy Blade"],"picked":"SKIP","floor":10.0},{"not_picked":["Disarm","Clothesline"],"picked":"Offering","floor":11.0},{"not_picked":["Clash","Wild Strike"],"picked":"Disarm","floor":12.0},{"not_picked":["Heavy Blade","Clothesline","Perfected Strike"],"picked":"SKIP","floor":13.0},{"not_picked":["Clothesline","Twin Strike"],"picked":"Shrug It Off","floor":14.0},{"not_picked":["Impervious","Berserk"],"picked":"Double Tap","floor":16.0},{"not_picked":["Warcry","Disarm","Clash"],"picked":"SKIP","floor":18.0},{"not_picked":["Heavy Blade","Hemokinesis","Clash"],"picked":"SKIP","floor":22.0},{"not_picked":["Flex","Searing Blow","Bludgeon"],"picked":"SKIP","floor":23.0},{"not_picked":["Havoc","Anger","Body Slam"],"picked":"SKIP","floor":28.0},{"not_picked":["Headbutt","Heavy Blade"],"picked":"Dark Embrace","floor":29},{"not_picked":["Anger","Havoc+1","True Grit"],"picked":"SKIP","floor":31}],"player_experience":1826087,"relics_obtained":[{"floor":9.0,"key":"Omamori"},{"floor":11.0,"key":"Happy Flower"},{"floor":14.0,"key":"Potion Belt"},{"floor":23.0,"key":"Boot"},{"floor":26.0,"key":"Unceasing Top"}],"event_choices":[{"damage_healed":0.0,"max_hp_gain":0.0,"max_hp_loss":0.0,"gold_gain":0.0,"event_name":"Liars Game","player_choice":"Ignored","floor":4.0,"gold_loss":0.0,"damage_taken":0.0},{"damage_healed":25.0,"max_hp_gain":0.0,"max_hp_loss":0.0,"gold_gain":0.0,"event_name":"Big Fish","player_choice":"Banana","floor":7.0,"gold_loss":0.0,"damage_taken":0.0},{"damage_healed":0.0,"max_hp_gain":0.0,"max_hp_loss":0.0,"gold_gain":0.0,"cards_transformed":["Bash"],"event_name":"Transmorgrifier","player_choice":"Transformed","floor":20.0,"gold_loss":0.0,"damage_taken":0.0,"cards_obtained":["Burning Pact"]},{"damage_healed":0.0,"max_hp_gain":0.0,"max_hp_loss":0.0,"gold_gain":0.0,"event_name":"N\u0027loth","player_choice":"Traded Relic","floor":27.0,"relics_lost":["Empty Cage"],"gold_loss":0.0,"damage_taken":0.0,"relics_obtained":["Nloth\u0027s Gift"]}],"is_beta":false,"boss_relics":[{"not_picked":["Cursed Key","Black Star"],"picked":"Empty Cage"}],"items_purged_floors":[5,19],"is_endless":false,"potions_floor_spawned":[1,11,14,16,18,22,28],"killed_by":"Collector","ascension_level":20}