{"gold_per_floor":[114,114,129,129,148,148,167,167,167,186,224,399,25,44,44,169,207,226,245,245],"floor_reached":20,"playtime":1249,"items_purged":[],"score":176,"play_id":"72ef2485-7ffa-48ce-b46b-1762c22193f5","local_time":"20180714125349","daily_mods":["Shiny","Uncertain Future","Lethality"],"is_ascension_mode":false,"campfire_choices":[{"floor":6,"key":"REST"},{"floor":8,"key":"REST"},{"floor":15,"key":"REST"}],"neow_cost":"","seed_source_timestamp":0,"circlet_count":0,"master_deck":["Multi-Cast","Hyperbeam","Thunder Strike","Biased Cognition","Machine Learning","Electrodynamics","Buffer","Rainbow","Seek","Meteor Strike","Echo Form","All For One","Reboot","Amplify+1","Creative AI","Fission","Core Surge","Double Energy","Stack","Conserve Battery","Reinforced Body","Conserve Battery","Tempest","Doubt","Turbo","Dark Shackles","Leap","Core Surge","Gash","Conserve Battery","Meteor Strike","Ball Lightning","Double Energy+1","Leap"],"special_seed":17726,"relics":["Cracked Core","Girya","Golden Idol","Pen Nib","Dodecahedron","Tiny House"],"potions_floor_usage":[20],"damage_taken":[{"damage":0,"enemies":"2 Louse","floor":1,"turns":2},{"damage":19,"enemies":"Small Slimes","floor":3,"turns":2},{"damage":0,"enemies":"Cultist","floor":5,"turns":3},{"damage":0,"enemies":"Large Slime","floor":7,"turns":4},{"damage":0,"enemies":"2 Fungi Beasts","floor":10,"turns":2},{"damage":21,"enemies":"Lagavulin","floor":11,"turns":6},{"damage":0,"enemies":"Gremlin Gang","floor":14,"turns":1},{"damage":25,"enemies":"The Guardian","floor":16,"turns":10},{"damage":0,"enemies":"Spheric Guardian","floor":18,"turns":4},{"damage":51,"enemies":"Shell Parasite","floor":19,"turns":9},{"damage":0,"enemies":"Cultist and Chosen","floor":20,"turns":1}],"seed_played":"-1557900698408723444","potions_obtained":[{"floor":1,"key":"Strength Potion"},{"floor":5,"key":"SmokeBomb"},{"floor":17,"key":"SmokeBomb"},{"floor":19,"key":"Fruit Juice"}],"is_trial":false,"path_per_floor":["M","?","M","?","M","R","M","R","T","M","E","?","$","M","R","B",null,"M","M"],"character_chosen":"DEFECT","items_purchased":["Turbo","Dark Shackles","Leap","Core Surge","Gash"],"campfire_rested":3,"item_purchase_floors":[13,13,13,13,13],"current_hp_per_floor":[75,63,44,26,26,48,48,70,70,70,49,49,49,49,71,46,80,80,29,34],"gold":245,"neow_bonus":"","is_prod":false,"is_daily":true,"chose_seed":false,"campfire_upgraded":0,"win_rate":0.0,"timestamp":1531540429,"path_taken":["M","?","M","?","M","R","M","R","T","M","E","?","$","M","R","BOSS","M","M","?"],"build_version":"2018-07-12","purchased_purges":0,"victory":false,"max_hp_per_floor":[75,75,75,75,75,75,75,75,75,75,75,75,75,75,75,75,80,80,80,85],"card_choices":[{"not_picked":["Chaos","Steam Power"],"picked":"Double Energy","floor":1},{"not_picked":["Compile Driver","Cold Snap"],"picked":"Stack","floor":3},{"not_picked":["Recycle","Gash"],"picked":"Conserve Battery","floor":5},{"not_picked":["Rebound","Stack"],"picked":"Reinforced Body","floor":7},{"not_picked":["Leap","Reprogram"],"picked":"Conserve Battery","floor":10},{"not_picked":["Steam Power","White Noise"],"picked":"Tempest","floor":11},{"not_picked":["Blizzard","Genetic Algorithm"],"picked":"Conserve Battery","floor":14},{"not_picked":["All For One","Fission"],"picked":"Meteor Strike","floor":16},{"not_picked":["Cold Snap","Hologram"],"picked":"Ball Lightning","floor":17},{"not_picked":["Redo","Coolheaded+1"],"picked":"Double Energy+1","floor":18},{"not_picked":["Barrage","Loop"],"picked":"Leap","floor":19}],"player_experience":91851,"relics_obtained":[{"floor":9,"key":"Pen Nib"},{"floor":11,"key":"Dodecahedron"}],"event_choices":[{"event_name":"Scrap Ooze","player_choice":"success","floor":2,"damage_taken":12},{"event_name":"Golden Idol","player_choice":"Take Damage","floor":4,"damage_taken":0},{"event_name":"Liars Game","player_choice":"agreed","floor":12,"damage_taken":0}],"boss_relics":[{"not_picked":["Black Star","Cursed Key"],"picked":"Tiny House"}],"items_purged_floors":[],"is_endless":false,"potions_floor_spawned":[1,5,19],"killed_by":"Cultist and Chosen","ascension_level":0}