{"gold_per_floor":[109,121,121,133,148,148,183,183,183,215,215,215,215],"floor_reached":13,"playtime":448,"items_purged":[],"score":186,"play_id":"accb456c-84d2-4b97-a9ce-ffe679e0f8d7","local_time":"20190526124432","is_ascension_mode":true,"campfire_choices":[{"data":"Uppercut","floor":6,"key":"SMITH"},{"data":"Shockwave","floor":8,"key":"SMITH"},{"data":"Evolve","floor":11,"key":"SMITH"}],"neow_cost":"NONE","seed_source_timestamp":42320758482828,"circlet_count":0,"master_deck":["AscendersBane","Strike_R","Strike_R","Strike_R","Strike_R","Strike_R","Defend_R","Defend_R","Defend_R","Defend_R","Bash","Spot Weakness","Thunderclap","Evolve+1","Uppercut+1","Shockwave+1"],"relics":["Burning Blood","Bronze Scales","Blood Vial","Bottled Tornado","Golden Idol"],"potions_floor_usage":[13,13],"damage_taken":[{"damage":2,"enemies":"Cultist","floor":1,"turns":4},{"damage":14,"enemies":"Small Slimes","floor":2,"turns":4},{"damage":1,"enemies":"2 Louse","floor":4,"turns":4},{"damage":29,"enemies":"Exordium Thugs","floor":5,"turns":5},{"damage":32,"enemies":"Lagavulin","floor":7,"turns":6},{"damage":23,"enemies":"3 Sentries","floor":10,"turns":6},{"damage":26,"enemies":"Gremlin Nob","floor":13,"turns":3}],"seed_played":"3483923336092003409","potions_obtained":[{"floor":2,"key":"Dexterity Potion"},{"floor":5,"key":"GamblersBrew"},{"floor":7,"key":"SteroidPotion"}],"is_trial":false,"path_per_floor":["M","M","?","M","M","R","E","R","T","E","R","?","E"],"character_chosen":"IRONCLAD","items_purchased":[],"campfire_rested":0,"item_purchase_floors":[],"current_hp_per_floor":[79,71,76,81,58,58,32,32,32,17,17,17,0],"gold":215,"neow_bonus":"TEN_PERCENT_HP_BONUS","is_prod":false,"is_daily":false,"chose_seed":false,"campfire_upgraded":3,"win_rate":0,"timestamp":1558889072,"path_taken":["M","?","?","M","M","R","E","R","T","E","R","?","E"],"build_version":"2019-01-23","purchased_purges":0,"victory":false,"max_hp_per_floor":[82,82,87,87,87,87,87,87,87,87,87,79,79],"card_choices":[{"not_picked":["Warcry","Perfected Strike"],"picked":"Spot Weakness","floor":1},{"not_picked":["Intimidate","Anger"],"picked":"Thunderclap","floor":2},{"not_picked":["Heavy Blade","Wild Strike"],"picked":"Evolve","floor":4},{"not_picked":["Thunderclap","Heavy Blade"],"picked":"Uppercut","floor":5},{"not_picked":["Heavy Blade","Rage"],"picked":"Shockwave","floor":7},{"not_picked":["Twin Strike","Wild Strike","Flex"],"picked":"SKIP","floor":10}],"player_experience":1440134,"relics_obtained":[{"floor":7,"key":"Bronze Scales"},{"floor":9,"key":"Blood Vial"},{"floor":10,"key":"Bottled Tornado"}],"event_choices":[{"damage_healed":0,"gold_gain":0,"player_choice":"Donut","damage_taken":0,"max_hp_gain":5,"max_hp_loss":0,"event_name":"Big Fish","floor":3,"gold_loss":0},{"damage_healed":0,"gold_gain":0,"player_choice":"Lose Max HP","damage_taken":0,"relics_obtained":["Golden Idol"],"max_hp_gain":0,"max_hp_loss":8,"event_name":"Golden Idol","floor":12,"gold_loss":0}],"is_beta":false,"boss_relics":[],"items_purged_floors":[],"is_endless":false,"potions_floor_spawned":[2,5,7],"killed_by":"Gremlin Nob","ascension_level":20}