{"gold_per_floor":[118,118,128,146,156,156,170,170,170,180,180,198,228,242,242,341,341,357,374,14,40,54,54,74,105,155,155,183,183,203,213,213,309,309,322,35,55,73,88,88,99,99,99,128,36,36,36,0,0,0],"floor_reached":51,"playtime":6250,"items_purged":[],"score":783,"play_id":"752b3392-8bc9-4b07-aabd-bbca0e52dd56","local_time":"20181123200658","is_ascension_mode":true,"campfire_choices":[{"data":"Crippling Poison","floor":6.0,"key":"SMITH"},{"data":"Enlightenment","floor":8.0,"key":"SMITH"},{"data":"Bane","floor":11.0,"key":"SMITH"},{"floor":15.0,"key":"REST"},{"data":"Catalyst","floor":23.0,"key":"SMITH"},{"floor":27.0,"key":"REST"},{"floor":29.0,"key":"REST"},{"floor":32.0,"key":"REST"},{"floor":40.0,"key":"REST"},{"data":"Adrenaline","floor":42.0,"key":"SMITH"},{"data":"Bouncing Flask","floor":46.0,"key":"SMITH"},{"data":"Footwork","floor":49.0,"key":"SMITH"}],"neow_cost":"NONE","seed_source_timestamp":0,"circlet_count":0,"master_deck":["Defend_G","Defend_G+1","Defend_G+1","Defend_G","Defend_G","Strike_G","Strike_G+1","Strike_G","Strike_G","Strike_G","Survivor+1","Neutralize","Crippling Poison+1","Heel Hook","Enlightenment+1","Predator","Predator+1","Bane+1","Riddle With Holes","Heel Hook","Poisoned Stab","Adrenaline+1","Heel Hook","Leg Sweep","Bouncing Flask+1","Catalyst+1","Crippling Poison","Predator+1","Endless Agony+1","Poisoned Stab+1","Bane+1","Night Terror","Backflip+1","Bane+1","Riddle With Holes+1","Predator+1","Footwork+1","Deadly Poison"],"special_seed":0,"relics":["Ring of the Serpent","Potion Belt","War Paint","StoneCalendar","Whetstone","Molten Egg 2","Omamori","FossilizedHelix","Busted Crown","Turnip","PreservedInsect","Regal Pillow","Red Mask"],"potions_floor_usage":[50,50],"damage_taken":[{"damage":0.0,"enemies":"Small Slimes","floor":1.0,"turns":4.0},{"damage":0.0,"enemies":"Cultist","floor":3.0,"turns":3.0},{"damage":6.0,"enemies":"2 Louse","floor":4.0,"turns":3.0},{"damage":6.0,"enemies":"2 Fungi Beasts","floor":5.0,"turns":4.0},{"damage":9.0,"enemies":"Red Slaver","floor":7.0,"turns":3.0},{"damage":0.0,"enemies":"3 Louse","floor":10.0,"turns":3.0},{"damage":4.0,"enemies":"Exordium Thugs","floor":12.0,"turns":3.0},{"damage":6.0,"enemies":"3 Sentries","floor":13.0,"turns":7.0},{"damage":0.0,"enemies":"Looter","floor":14.0,"turns":2.0},{"damage":29.0,"enemies":"Hexaghost","floor":16.0,"turns":10.0},{"damage":0.0,"enemies":"Shell Parasite","floor":18.0,"turns":4.0},{"damage":6.0,"enemies":"2 Thieves","floor":19.0,"turns":3.0},{"damage":10.0,"enemies":"Sentry and Sphere","floor":22.0,"turns":6.0},{"damage":23.0,"enemies":"Snake Plant","floor":24.0,"turns":4.0},{"damage":18.0,"enemies":"Slavers","floor":25.0,"turns":6.0},{"damage":7.0,"enemies":"Book of Stabbing","floor":28.0,"turns":5.0},{"damage":0.0,"enemies":"Snecko","floor":30.0,"turns":4.0},{"damage":8.0,"enemies":"Centurion and Healer","floor":31.0,"turns":3.0},{"damage":4.0,"enemies":"Collector","floor":33.0,"turns":9.0},{"damage":6.0,"enemies":"3 Darklings","floor":35.0,"turns":3.0},{"damage":5.0,"enemies":"3 Shapes","floor":37.0,"turns":4.0},{"damage":5.0,"enemies":"Sphere and 2 Shapes","floor":38.0,"turns":7.0},{"damage":11.0,"enemies":"Writhing Mass","floor":39.0,"turns":4.0},{"damage":10.0,"enemies":"Spire Growth","floor":41.0,"turns":3.0},{"damage":0.0,"enemies":"Giant Head","floor":44.0,"turns":7.0},{"damage":44,"enemies":"Time Eater","floor":50,"turns":7}],"seed_played":"8686409088866567207","potions_obtained":[{"floor":3.0,"key":"PowerPotion"},{"floor":5.0,"key":"Swift Potion"},{"floor":7.0,"key":"Regen Potion"},{"floor":10.0,"key":"Weak Potion"},{"floor":13.0,"key":"PowerPotion"},{"floor":19.0,"key":"EssenceOfSteel"},{"floor":22.0,"key":"LiquidBronze"},{"floor":24.0,"key":"AttackPotion"},{"floor":25.0,"key":"Explosive Potion"},{"floor":30.0,"key":"PowerPotion"},{"floor":37.0,"key":"LiquidBronze"},{"floor":44.0,"key":"PowerPotion"}],"is_trial":false,"path_per_floor":["M","?","M","M","M","R","M","R","T","M","R","M","E","M","R","B",null,"M","M","$","T","M","R","M","E","T","R","E","R","M","M","R","B",null,"M","$","M","M","M","R","M","M","R","T","E","$","R","?","?","R","B",null],"character_chosen":"THE_SILENT","items_purchased":["Bouncing Flask","StoneCalendar","Turnip","Footwork","Deadly Poison"],"campfire_rested":5,"item_purchase_floors":[20,20,36,45,45],"current_hp_per_floor":[70,70,70,64,58,58,49,49,49,49,49,57,51,51,70,41,70,70,64,64,64,54,54,31,13,13,34,27,48,48,40,61,57,70,64,64,59,54,43,64,54,54,54,54,54,54,70,70,70,26],"gold":0,"neow_bonus":"UPGRADE_CARD","is_prod":false,"is_daily":false,"chose_seed":false,"campfire_upgraded":7,"win_rate":0,"timestamp":1543021618,"path_taken":["M","?","M","M","M","R","M","R","T","M","R","M","E","M","R","BOSS","M","?","$","?","?","R","M","E","T","R","E","R","?","M","R","BOSS","M","?","M","M","M","R","M","R","T","E","$","R","?","?","R","BOSS"],"build_version":"2018-11-15","purchased_purges":0,"victory":true,"max_hp_per_floor":[70,70,70,70,70,70,70,70,70,70,70,70,70,70,70,70,70,70,70,70,70,70,70,70,70,70,70,70,70,70,70,70,70,70,70,70,70,70,70,70,70,70,70,70,70,70,70,70,70,70],"card_choices":[{"not_picked":["Prepared","Slice"],"picked":"Crippling Poison","floor":1.0},{"not_picked":["Eviscerate","Acrobatics"],"picked":"Predator","floor":3.0},{"not_picked":["Blade Dance","Masterful Stab"],"picked":"Predator","floor":4.0},{"not_picked":["Quick Slash","Prepared"],"picked":"Bane","floor":5.0},{"not_picked":["Grand Finale","Slice"],"picked":"Riddle With Holes","floor":7.0},{"not_picked":["Dagger Throw","Quick Slash"],"picked":"Heel Hook","floor":10.0},{"not_picked":["Deflect","Terror","Backflip"],"picked":"SKIP","floor":12.0},{"not_picked":["Backflip","Acrobatics","Slice"],"picked":"SKIP","floor":13.0},{"not_picked":["Endless Agony","Concentrate"],"picked":"Poisoned Stab","floor":14.0},{"not_picked":["After Image","Wraith Form v2"],"picked":"Adrenaline","floor":16.0},{"not_picked":["Caltrops","Sucker Punch+1"],"picked":"Heel Hook","floor":18.0},{"not_picked":["PiercingWail","Outmaneuver"],"picked":"Leg Sweep","floor":19.0},{"not_picked":["Underhanded Strike","Accuracy"],"picked":"Catalyst","floor":22.0},{"not_picked":["Concentrate","Tactician+1"],"picked":"Crippling Poison","floor":24.0},{"not_picked":["Doppelganger","Backflip"],"picked":"Predator+1","floor":25.0},{"not_picked":["Finisher+1","Cloak And Dagger"],"picked":"Endless Agony+1","floor":28.0},{"not_picked":["Distraction","Sucker Punch+1"],"picked":"Poisoned Stab+1","floor":30.0},{"not_picked":["Reflex","Quick Slash+1"],"picked":"Bane+1","floor":31.0},{"not_picked":["Grand Finale+1","A Thousand Cuts"],"picked":"Night Terror","floor":33.0},{"not_picked":["Tactician"],"picked":"SKIP","floor":35.0},{"not_picked":[],"picked":"Backflip+1","floor":37.0},{"not_picked":[],"picked":"Bane+1","floor":38.0},{"not_picked":["Quick Slash+1"],"picked":"SKIP","floor":39.0},{"not_picked":[],"picked":"Riddle With Holes+1","floor":41.0},{"not_picked":[],"picked":"Predator+1","floor":44.0}],"player_experience":347919,"relics_obtained":[{"floor":9.0,"key":"Potion Belt"},{"floor":13.0,"key":"War Paint"},{"floor":21.0,"key":"Whetstone"},{"floor":25.0,"key":"Molten Egg 2"},{"floor":26.0,"key":"Omamori"},{"floor":28.0,"key":"FossilizedHelix"},{"floor":43.0,"key":"PreservedInsect"},{"floor":44.0,"key":"Regal Pillow"}],"event_choices":[{"damage_healed":0.0,"max_hp_gain":0.0,"max_hp_loss":0.0,"gold_gain":0.0,"event_name":"Match and Keep!","player_choice":"2 cards matched","floor":2.0,"gold_loss":0.0,"damage_taken":0.0,"cards_obtained":["Heel Hook","Enlightenment"]},{"damage_healed":16.0,"max_hp_gain":0.0,"max_hp_loss":0.0,"gold_gain":0.0,"event_name":"MindBloom","player_choice":"Heal","floor":47.0,"gold_loss":0.0,"damage_taken":0.0,"cards_obtained":["Doubt"]},{"damage_healed":0.0,"max_hp_gain":0.0,"max_hp_loss":0.0,"gold_gain":0.0,"event_name":"Tomb of Lord Red Mask","player_choice":"Paid","floor":48.0,"gold_loss":36.0,"damage_taken":0.0,"relics_obtained":["Red Mask"]}],"is_beta":false,"boss_relics":[{"not_picked":["WristBlade","Snecko Eye"],"picked":"Ring of the Serpent"},{"not_picked":["Runic Dome","Fusion Hammer"],"picked":"Busted Crown"}],"items_purged_floors":[],"is_endless":false,"potions_floor_spawned":[3,5,7,10,13,19,22,24,25,30,37,44],"ascension_level":1}