{"gold_per_floor":[117,42,42,67,86,86,129,129,154,154,190,210,210],"floor_reached":13,"playtime":538,"items_purged":[],"score":163,"play_id":"fe29b58f-38e5-4be3-9e9e-0515715bc060","local_time":"20181005195556","is_ascension_mode":true,"campfire_choices":[{"data":"Zap","floor":6,"key":"SMITH"},{"data":"Consume","floor":8,"key":"SMITH"},{"floor":10,"key":"REST"}],"neow_cost":"NONE","seed_source_timestamp":1827668507823340,"circlet_count":0,"master_deck":["Strike_B","Strike_B","Strike_B","Defend_B","Defend_B","Defend_B","Defend_B","Zap+1","Dualcast","AscendersBane","Glacier","Consume+1","Hyperbeam","Skim","Reboot","Auto Shields"],"special_seed":0,"relics":["Cracked Core","Golden Idol","Boot","Strawberry","Dream Catcher"],"potions_floor_usage":[7,11,13],"damage_taken":[{"damage":10,"enemies":"Small Slimes","floor":1,"turns":4},{"damage":0,"enemies":"2 Louse","floor":4,"turns":5},{"damage":0,"enemies":"Jaw Worm","floor":5,"turns":6},{"damage":15,"enemies":"3 Sentries","floor":7,"turns":4},{"damage":15,"enemies":"Lagavulin","floor":11,"turns":7},{"damage":8,"enemies":"Blue Slaver","floor":12,"turns":4},{"damage":62,"enemies":"Gremlin Nob","floor":13,"turns":5}],"seed_played":"-1449015539595089331","potions_obtained":[{"floor":1,"key":"PowerPotion"},{"floor":5,"key":"SpeedPotion"},{"floor":11,"key":"LiquidBronze"}],"is_trial":false,"path_per_floor":["M","?","?","M","M","R","E","R","T","R","E","M"],"character_chosen":"DEFECT","items_purchased":[],"campfire_rested":1,"item_purchase_floors":[],"current_hp_per_floor":[61,61,34,34,34,34,19,19,26,51,36,28,0],"gold":210,"neow_bonus":"TEN_PERCENT_HP_BONUS","is_prod":false,"is_daily":false,"chose_seed":false,"campfire_upgraded":2,"win_rate":0,"timestamp":1538783756,"path_taken":["M","?","?","M","M","R","E","R","T","R","E","?","E"],"build_version":"2018-10-04","purchased_purges":0,"victory":false,"max_hp_per_floor":[78,78,78,78,78,78,78,78,85,85,85,85,85],"card_choices":[{"not_picked":["Tempest","Stack"],"picked":"Glacier","floor":1},{"not_picked":["Barrage","Turbo"],"picked":"Consume","floor":4},{"not_picked":["Rebound","Barrage"],"picked":"Hyperbeam","floor":5},{"not_picked":["Barrage","Streamline"],"picked":"Skim","floor":7},{"not_picked":["Gash","Steam Power"],"picked":"Reboot","floor":11},{"not_picked":["Leap","Barrage"],"picked":"Auto Shields","floor":12}],"player_experience":810094,"relics_obtained":[{"floor":7,"key":"Boot"},{"floor":9,"key":"Strawberry"},{"floor":11,"key":"Dream Catcher"}],"event_choices":[{"event_name":"The Cleric","player_choice":"Card Removal","floor":2,"damage_taken":0},{"event_name":"Golden Idol","player_choice":"Take Damage","floor":3,"damage_taken":0}],"is_beta":false,"boss_relics":[],"items_purged_floors":[],"is_endless":false,"potions_floor_spawned":[1,5,11],"killed_by":"Gremlin Nob","ascension_level":15}