{"gold_per_floor":[112,122,20,95,95,129,229,247,247,262,262,280,305,330,330,459,459,483,332,357,382,395,395,408,408,408,424,424,142,185,203,203,332,332,351,451,466,484,47,72,112,112,112,126,126,126,166,0,0,0],"floor_reached":50,"playtime":2574,"items_purged":["Strike_B","Strike_B","Normality","Strike_B"],"score":603,"play_id":"4e701ed9-9233-4f73-bea1-9b9af19f6f5b","local_time":"20190805075212","is_ascension_mode":false,"campfire_choices":[{"data":"Hologram","floor":11.0,"key":"SMITH"},{"data":"Zap","floor":15.0,"key":"SMITH"},{"data":"Coolheaded","floor":23.0,"key":"SMITH"},{"floor":32.0,"key":"REST"},{"floor":42.0,"key":"REST"},{"data":"Dualcast","floor":45.0,"key":"SMITH"},{"floor":49,"key":"REST"}],"neow_cost":"NONE","seed_source_timestamp":17019049981346,"circlet_count":0,"master_deck":["Strike_B","Defend_B","Defend_B","Defend_B","Defend_B","Zap+1","Dualcast+1","Conserve Battery","Steam","Gash","Hologram+1","Gash","Conserve Battery","Steam","Coolheaded+1","Coolheaded+1","Redo+1","Go for the Eyes","Hologram+1","Gash","Gash+1","Beam Cell","Hologram+1","Decay"],"special_seed":0,"relics":["Cracked Core","NeowsBlessing","Golden Idol","Mummified Hand","Ornamental Fan","Cursed Key","Singing Bowl","Bag of Preparation","Potion Belt","Inserter","Calipers","Pen Nib","Meat on the Bone","Dodecahedron","Red Mask"],"potions_floor_usage":[50,50],"damage_taken":[{"damage":0.0,"enemies":"Small Slimes","floor":1.0,"turns":1.0},{"damage":0.0,"enemies":"Jaw Worm","floor":2.0,"turns":1.0},{"damage":0.0,"enemies":"Gremlin Nob","floor":6.0,"turns":1.0},{"damage":0.0,"enemies":"Cultist","floor":8.0,"turns":3.0},{"damage":12.0,"enemies":"Large Slime","floor":10.0,"turns":8.0},{"damage":0.0,"enemies":"Blue Slaver","floor":12.0,"turns":3.0},{"damage":0.0,"enemies":"2 Fungi Beasts","floor":13.0,"turns":3.0},{"damage":0.0,"enemies":"Lots of Slimes","floor":14.0,"turns":5.0},{"damage":21.0,"enemies":"Hexaghost","floor":16.0,"turns":11.0},{"damage":23.0,"enemies":"3 Byrds","floor":18.0,"turns":6.0},{"damage":5.0,"enemies":"Shell Parasite","floor":20.0,"turns":9.0},{"damage":9.0,"enemies":"Snake Plant","floor":21.0,"turns":7.0},{"damage":7.0,"enemies":"Snecko","floor":22.0,"turns":12.0},{"damage":12.0,"enemies":"Centurion and Healer","floor":24.0,"turns":11.0},{"damage":8.0,"enemies":"Snake Plant","floor":27.0,"turns":7.0},{"damage":14.0,"enemies":"Book of Stabbing","floor":30.0,"turns":8.0},{"damage":0.0,"enemies":"Snecko","floor":31.0,"turns":7.0},{"damage":25.0,"enemies":"Champ","floor":33.0,"turns":16.0},{"damage":0.0,"enemies":"3 Shapes","floor":35.0,"turns":5.0},{"damage":17.0,"enemies":"3 Darklings","floor":37.0,"turns":9.0},{"damage":23.0,"enemies":"Maw","floor":38.0,"turns":9.0},{"damage":2.0,"enemies":"Jaw Worm Horde","floor":40.0,"turns":6.0},{"damage":2.0,"enemies":"Reptomancer","floor":41.0,"turns":9.0},{"damage":2.0,"enemies":"Sphere and 2 Shapes","floor":44.0,"turns":9.0},{"damage":28,"enemies":"Nemesis","floor":47,"turns":9},{"damage":77,"enemies":"Time Eater","floor":50,"turns":9}],"seed_played":"-820911492634998462","potions_obtained":[{"floor":1.0,"key":"Energy Potion"},{"floor":10.0,"key":"Poison Potion"},{"floor":16.0,"key":"Energy Potion"},{"floor":21.0,"key":"GamblersBrew"},{"floor":30.0,"key":"EssenceOfSteel"},{"floor":31.0,"key":"AttackPotion"},{"floor":33.0,"key":"Fruit Juice"},{"floor":37.0,"key":"Swift Potion"},{"floor":40.0,"key":"Weak Potion"},{"floor":44.0,"key":"Block Potion"},{"floor":47,"key":"Strength Potion"}],"is_trial":false,"path_per_floor":["M","M","$","?","?","E","?","M","T","M","R","M","M","M","R","B",null,"M","$","M","M","M","R","M","?","T","M","?","$","E","M","R","B",null,"M","?","M","M","$","M","E","R","T","M","R","T","E","?","R","B"],"character_chosen":"DEFECT","items_purchased":["Gash","Coolheaded","Bag of Preparation","Calipers"],"campfire_rested":3,"item_purchase_floors":[3,19,29,39],"current_hp_per_floor":[75,75,75,64,64,64,64,64,64,52,52,52,52,52,52,31,69,46,46,41,32,25,25,13,36,36,30,30,30,18,18,39,21,80,80,80,65,42,42,42,40,65,65,65,65,65,51,51,77,0],"gold":0,"neow_bonus":"THREE_ENEMY_KILL","is_prod":false,"is_daily":false,"chose_seed":false,"campfire_upgraded":4,"win_rate":0,"timestamp":1564959132,"path_taken":["M","M","$","?","?","E","?","M","T","M","R","M","M","M","R","BOSS","M","$","M","M","?","R","M","?","T","M","?","$","E","M","R","BOSS","M","?","?","M","$","M","E","R","T","M","R","?","E","?","R","BOSS"],"build_version":"2019-07-17","purchased_purges":4,"victory":false,"max_hp_per_floor":[75,75,75,75,69,69,69,69,69,69,69,69,69,69,69,69,69,69,69,69,69,69,69,69,69,69,71,71,71,73,73,73,80,80,80,80,82,82,82,84,84,84,84,86,86,86,88,88,88,88],"card_choices":[{"not_picked":["Skim","Defragment"],"picked":"Conserve Battery","floor":1.0},{"not_picked":["Rip and Tear","Undo"],"picked":"Steam","floor":2.0},{"not_picked":["Genetic Algorithm","Rebound"],"picked":"Hologram","floor":6.0},{"not_picked":["Streamline","Redo"],"picked":"Gash","floor":8.0},{"not_picked":["Turbo","Barrage","Scrape"],"picked":"SKIP","floor":10.0},{"not_picked":["Compile Driver","Loop","Barrage"],"picked":"SKIP","floor":12.0},{"not_picked":["Reboot","Barrage"],"picked":"Conserve Battery","floor":13.0},{"not_picked":["Lockon","Redo"],"picked":"Steam","floor":14.0},{"not_picked":["Rebound","Beam Cell+1"],"picked":"Coolheaded+1","floor":18.0},{"not_picked":["Hello World+1","Sweeping Beam+1"],"picked":"Redo+1","floor":20.0},{"not_picked":["Buffer","Sweeping Beam"],"picked":"Go for the Eyes","floor":21.0},{"not_picked":["Tempest+1","Defragment","Streamline+1"],"picked":"SKIP","floor":22.0},{"not_picked":["Redo","Go for the Eyes"],"picked":"Hologram+1","floor":24.0},{"not_picked":["Skim","Cold Snap","Stack"],"picked":"Singing Bowl","floor":27.0},{"not_picked":["Rainbow","Compile Driver","Stack"],"picked":"Singing Bowl","floor":30.0},{"not_picked":["Reinforced Body","Sweeping Beam+1"],"picked":"Gash","floor":31.0},{"not_picked":["Creative AI","Core Surge","Reboot"],"picked":"Singing Bowl","floor":33.0},{"not_picked":["Go for the Eyes+1","Rebound"],"picked":"Gash+1","floor":35.0},{"not_picked":["Capacitor+1","Gash","Glacier+1"],"picked":"Singing Bowl","floor":37.0},{"not_picked":["Leap","Sunder+1"],"picked":"Beam Cell","floor":38.0},{"not_picked":["Leap+1","Turbo+1","Reinforced Body+1"],"picked":"Singing Bowl","floor":40.0},{"not_picked":["Turbo","Ball Lightning"],"picked":"Hologram+1","floor":41.0},{"not_picked":["Turbo+1","Redo+1","Hello World+1"],"picked":"Singing Bowl","floor":44.0},{"not_picked":["Fission","Melter+1","BootSequence"],"picked":"Singing Bowl","floor":47}],"player_experience":262941,"relics_obtained":[{"floor":6.0,"key":"Mummified Hand"},{"floor":9.0,"key":"Ornamental Fan"},{"floor":26.0,"key":"Singing Bowl"},{"floor":30.0,"key":"Potion Belt"},{"floor":41.0,"key":"Pen Nib"},{"floor":43.0,"key":"Meat on the Bone"},{"floor":47,"key":"Dodecahedron"}],"event_choices":[{"damage_healed":0.0,"max_hp_gain":0.0,"max_hp_loss":0.0,"gold_gain":75.0,"event_name":"World of Goop","player_choice":"Gather Gold","floor":4.0,"gold_loss":0.0,"damage_taken":11.0},{"damage_healed":0.0,"max_hp_gain":0.0,"max_hp_loss":6.0,"gold_gain":0.0,"event_name":"Golden Idol","player_choice":"Lose Max HP","floor":5.0,"gold_loss":0.0,"damage_taken":0.0,"relics_obtained":["Golden Idol"]},{"damage_healed":0.0,"max_hp_gain":0.0,"max_hp_loss":0.0,"gold_gain":100.0,"event_name":"Golden Shrine","player_choice":"Pray","floor":7.0,"gold_loss":0.0,"damage_taken":0.0},{"damage_healed":23.0,"max_hp_gain":0.0,"max_hp_loss":0.0,"gold_gain":0.0,"event_name":"The Library","player_choice":"Heal","floor":25.0,"gold_loss":0.0,"damage_taken":0.0},{"damage_healed":0.0,"max_hp_gain":0.0,"max_hp_loss":0.0,"gold_gain":0.0,"event_name":"Cursed Tome","player_choice":"Ignored","floor":28.0,"gold_loss":0.0,"damage_taken":0.0},{"damage_healed":0.0,"max_hp_gain":0.0,"max_hp_loss":0.0,"gold_gain":100.0,"event_name":"Golden Shrine","player_choice":"Pray","floor":36.0,"gold_loss":0.0,"damage_taken":0.0},{"damage_healed":0,"gold_gain":0,"player_choice":"Paid","damage_taken":0,"relics_obtained":["Red Mask"],"max_hp_gain":0,"max_hp_loss":0,"event_name":"Tomb of Lord Red Mask","floor":48,"gold_loss":166}],"is_beta":false,"boss_relics":[{"not_picked":["Snecko Eye","Runic Dome"],"picked":"Cursed Key"},{"not_picked":["Philosopher\u0027s Stone","White Beast Statue"],"picked":"Inserter"}],"items_purged_floors":[3,19,29,39],"is_endless":false,"potions_floor_spawned":[1,10,16,21,30,31,33,37,40,44,47],"killed_by":"Time Eater","ascension_level":0}