{"gold_per_floor":[114,114,39,49,99,99,129,129,129,129,29,39,58,83,83,161,161,171,190,207,236,254,254],"floor_reached":23,"playtime":784,"items_purged":["Strike_B","Strike_B"],"score":396,"play_id":"8b5f7800-0aaf-422e-af0c-aeb4c044b829","local_time":"20190731020247","is_ascension_mode":true,"campfire_choices":[{"data":"Darkness","floor":6,"key":"SMITH"},{"data":"Zap","floor":8,"key":"SMITH"},{"data":"Coolheaded","floor":10,"key":"SMITH"},{"data":"Sunder","floor":15,"key":"SMITH"}],"neow_cost":"NONE","seed_source_timestamp":351683586960147,"circlet_count":0,"master_deck":["AscendersBane","Strike_B","Strike_B","Defend_B","Defend_B","Defend_B","Defend_B","Zap+1","Dualcast","Sweeping Beam+1","Darkness+1","Coolheaded+1","Reinforced Body","Chill","Sunder+1","All For One","Conserve Battery","Auto Shields+1","Compile Driver","Doom and Gloom","Go for the Eyes"],"relics":["Cracked Core","NeowsBlessing","Bottled Flame","Emotion Chip","WingedGreaves","Cursed Key","Red Mask"],"potions_floor_usage":[14,19,23],"damage_taken":[{"damage":0,"enemies":"Small Slimes","floor":1,"turns":1},{"damage":0,"enemies":"Cultist","floor":4,"turns":1},{"damage":0,"enemies":"3 Sentries","floor":7,"turns":1},{"damage":5,"enemies":"Jaw Worm","floor":12,"turns":4},{"damage":2,"enemies":"Gremlin Gang","floor":13,"turns":3},{"damage":6,"enemies":"Lagavulin","floor":14,"turns":7},{"damage":32,"enemies":"Hexaghost","floor":16,"turns":12},{"damage":0,"enemies":"Spheric Guardian","floor":18,"turns":3},{"damage":0,"enemies":"3 Byrds","floor":19,"turns":5},{"damage":10,"enemies":"Sentry and Sphere","floor":20,"turns":5},{"damage":19,"enemies":"Masked Bandits","floor":21,"turns":4},{"damage":2,"enemies":"Shelled Parasite and Fungi","floor":22,"turns":5},{"damage":27,"enemies":"Book of Stabbing","floor":23,"turns":4}],"seed_played":"-1103021610830405647","potions_obtained":[{"floor":1,"key":"Poison Potion"},{"floor":18,"key":"SkillPotion"},{"floor":20,"key":"Weak Potion"},{"floor":21,"key":"PowerPotion"}],"is_trial":false,"path_per_floor":["M","?","$","M","?","R","E","R","T","R","$","M","M","E","R","B",null,"M","M","M","?","M","E"],"character_chosen":"DEFECT","items_purchased":[],"campfire_rested":0,"item_purchase_floors":[],"current_hp_per_floor":[64,64,64,64,64,64,64,64,64,64,64,59,57,51,51,19,58,58,58,48,29,27,0],"gold":254,"neow_bonus":"THREE_ENEMY_KILL","is_prod":false,"is_daily":false,"chose_seed":false,"campfire_upgraded":4,"win_rate":0,"timestamp":1564552967,"path_taken":["M","?","?","?","?","R","E","R","T","R","$","M","M","E","R","BOSS","M","M","?","?","M","E"],"build_version":"2019-07-17","purchased_purges":2,"victory":false,"max_hp_per_floor":[71,71,71,71,71,71,71,71,71,71,71,71,71,71,71,71,71,71,71,71,71,71,71],"card_choices":[{"not_picked":["Capacitor","Lockon"],"picked":"Sweeping Beam","floor":1},{"not_picked":["Conserve Battery","Redo"],"picked":"Darkness","floor":4},{"not_picked":["Heatsinks","Beam Cell"],"picked":"Coolheaded","floor":7},{"not_picked":["Rebound","Cold Snap"],"picked":"Reinforced Body","floor":12},{"not_picked":["Leap","Hello World"],"picked":"Chill","floor":13},{"not_picked":["Steam","Redo"],"picked":"Sunder","floor":14},{"not_picked":["Meteor Strike","Hyperbeam"],"picked":"All For One","floor":16},{"not_picked":["Rebound","Ball Lightning"],"picked":"Conserve Battery","floor":18},{"not_picked":["Turbo","Reprogram"],"picked":"Auto Shields+1","floor":19},{"not_picked":["Coolheaded","Melter"],"picked":"Compile Driver","floor":20},{"not_picked":["Chill","Scrape"],"picked":"Doom and Gloom","floor":21},{"not_picked":["Genetic Algorithm","Reinforced Body"],"picked":"Go for the Eyes","floor":22}],"player_experience":1619957,"relics_obtained":[{"floor":7,"key":"Bottled Flame"},{"floor":9,"key":"Emotion Chip"},{"floor":14,"key":"WingedGreaves"},{"floor":21,"key":"Red Mask"}],"event_choices":[{"damage_healed":0,"gold_gain":0,"player_choice":"Upgraded","damage_taken":0,"max_hp_gain":0,"max_hp_loss":0,"event_name":"Upgrade Shrine","floor":2,"gold_loss":0,"cards_upgraded":["Sweeping Beam"]},{"damage_healed":0,"gold_gain":50,"player_choice":"Pray","damage_taken":0,"max_hp_gain":0,"max_hp_loss":0,"event_name":"Golden Shrine","floor":5,"gold_loss":0},{"damage_healed":0,"gold_gain":0,"player_choice":"Fought Bandits","damage_taken":0,"max_hp_gain":0,"max_hp_loss":0,"event_name":"Masked Bandits","floor":21,"gold_loss":0}],"is_beta":false,"boss_relics":[{"not_picked":["White Beast Statue","Runic Dome"],"picked":"Cursed Key"}],"items_purged_floors":[3,11],"is_endless":false,"potions_floor_spawned":[1,18,20,21],"killed_by":"Book of Stabbing","ascension_level":15}