{"gold_per_floor":[109,123,123,16,27,27,38,38,63,63,91,91,166,200,200,200],"floor_reached":16,"playtime":697,"items_purged":[],"score":189,"play_id":"255ba103-925d-4fa2-8776-213b03f50b12","local_time":"20190730134142","is_ascension_mode":true,"campfire_choices":[{"data":"Terror","floor":10,"key":"SMITH"},{"data":"Well Laid Plans","floor":12,"key":"SMITH"},{"floor":15,"key":"REST"}],"neow_cost":"NONE","seed_source_timestamp":307301725025273,"circlet_count":0,"master_deck":["AscendersBane","Strike_G","Strike_G","Strike_G","Strike_G","Strike_G","Defend_G","Defend_G","Defend_G","Defend_G","Defend_G","Survivor","Neutralize","Calculated Gamble","Dagger Spray","Neutralize","Doubt","Well Laid Plans+1","Backflip","Endless Agony","Terror+1","Leg Sweep","PiercingWail"],"relics":["Ring of the Snake","Centennial Puzzle","Art of War","Snake Skull","Vajra"],"potions_floor_usage":[14,14],"damage_taken":[{"damage":1,"enemies":"Small Slimes","floor":1,"turns":5},{"damage":1,"enemies":"Cultist","floor":2,"turns":4},{"damage":5,"enemies":"Jaw Worm","floor":5,"turns":4},{"damage":0,"enemies":"2 Fungi Beasts","floor":7,"turns":3},{"damage":31,"enemies":"3 Sentries","floor":11,"turns":13},{"damage":23,"enemies":"Gremlin Nob","floor":14,"turns":5},{"damage":25,"enemies":"Hexaghost","floor":16,"turns":13}],"seed_played":"2142130220947017432","potions_obtained":[{"floor":7,"key":"Regen Potion"},{"floor":11,"key":"Swift Potion"}],"is_trial":false,"path_per_floor":["M","M","?","$","M","?","M","?","T","R","E","R","?","E","R","B"],"character_chosen":"THE_SILENT","items_purchased":["Well Laid Plans","Backflip"],"campfire_rested":1,"item_purchase_floors":[4,4],"current_hp_per_floor":[58,57,57,57,52,47,47,52,52,52,21,21,10,1,22,0],"gold":200,"neow_bonus":"RANDOM_COMMON_RELIC","is_prod":false,"is_daily":false,"chose_seed":false,"campfire_upgraded":2,"win_rate":0,"timestamp":1564508502,"path_taken":["M","M","?","$","?","?","M","?","T","R","E","R","?","E","R","BOSS"],"build_version":"2019-07-17","purchased_purges":0,"victory":false,"max_hp_per_floor":[66,66,66,66,66,66,66,71,71,71,71,71,71,71,71,71],"card_choices":[{"not_picked":["Bane","Accuracy"],"picked":"Calculated Gamble","floor":1},{"not_picked":["Distraction","Underhanded Strike"],"picked":"Dagger Spray","floor":2},{"not_picked":["Cloak And Dagger","Setup"],"picked":"Endless Agony","floor":5},{"not_picked":["Expertise","Underhanded Strike"],"picked":"Terror","floor":7},{"not_picked":["Dodge and Roll","Slice"],"picked":"Leg Sweep","floor":11},{"not_picked":["Dagger Throw","Backflip"],"picked":"PiercingWail","floor":14}],"player_experience":1590507,"relics_obtained":[{"floor":11,"key":"Snake Skull"},{"floor":14,"key":"Vajra"}],"event_choices":[{"damage_healed":0,"gold_gain":0,"player_choice":"2 cards matched","damage_taken":0,"max_hp_gain":0,"max_hp_loss":0,"event_name":"Match and Keep!","floor":3,"gold_loss":0,"cards_obtained":["Neutralize","Doubt"]},{"damage_healed":0,"gold_gain":0,"player_choice":"Success","damage_taken":5,"relics_obtained":["Art of War"],"max_hp_gain":0,"max_hp_loss":0,"event_name":"Scrap Ooze","floor":6,"gold_loss":0},{"damage_healed":0,"gold_gain":0,"player_choice":"Donut","damage_taken":0,"max_hp_gain":5,"max_hp_loss":0,"event_name":"Big Fish","floor":8,"gold_loss":0},{"damage_healed":0,"gold_gain":75,"player_choice":"Gather Gold","damage_taken":11,"max_hp_gain":0,"max_hp_loss":0,"event_name":"World of Goop","floor":13,"gold_loss":0}],"is_beta":false,"boss_relics":[],"items_purged_floors":[],"is_endless":false,"potions_floor_spawned":[7,11],"killed_by":"Hexaghost","ascension_level":15}