{"gold_per_floor":[110,110,122,122,136,170,180,198,222,222,236,258,258,275,275,376,376,390,407,423,181,193,193,224,269,305,317,329,341,364,387,399,411],"floor_reached":33,"playtime":2218,"items_purged":["Strike_B"],"score":273,"play_id":"05ce4483-5623-43bf-9989-410355a1be89","local_time":"20180724200227","is_ascension_mode":false,"campfire_choices":[{"data":"Hologram","floor":15,"key":"SMITH"},{"floor":29,"key":"REST"},{"floor":32,"key":"REST"}],"neow_cost":"","seed_source_timestamp":276930449807189,"circlet_count":0,"master_deck":["Strike_B","Strike_B","Defend_B","Defend_B","Defend_B","Defend_B","Zap+1","Dualcast+1","Sunder","Auto Shields","Coolheaded","Rebound","Reinforced Body","Melter","Hyperbeam","Hologram+1","All For One","Coolheaded","Compile Driver","Go for the Eyes","Conserve Battery","Go for the Eyes+1","Steam","Meteor Strike","Leap","Go for the Eyes+1"],"relics":["Cracked Core","Emotion Chip","Lantern","Odd Mushroom","Inserter","Pen Nib","MawBank","Centennial Puzzle","Ancient Tea Set"],"potions_floor_usage":[6,16,16,18,22,22,25,25,33],"damage_taken":[{"damage":0,"enemies":"Small Slimes","floor":1,"turns":3},{"damage":0,"enemies":"Cultist","floor":3,"turns":2},{"damage":0,"enemies":"Jaw Worm","floor":5,"turns":3},{"damage":14,"enemies":"Gremlin Nob","floor":6,"turns":3},{"damage":1,"enemies":"Exordium Wildlife","floor":7,"turns":4},{"damage":8,"enemies":"Gremlin Gang","floor":8,"turns":4},{"damage":0,"enemies":"Blue Slaver","floor":11,"turns":2},{"damage":0,"floor":12,"turns":2},{"damage":0,"enemies":"Exordium Thugs","floor":14,"turns":3},{"damage":18,"enemies":"The Guardian","floor":16,"turns":11},{"damage":12,"enemies":"Shell Parasite","floor":18,"turns":6},{"damage":0,"enemies":"Spheric Guardian","floor":19,"turns":3},{"damage":33,"enemies":"Snake Plant","floor":20,"turns":5},{"damage":0,"enemies":"Centurion and Healer","floor":22,"turns":10},{"damage":8,"enemies":"Cultist and Chosen","floor":24,"turns":6},{"damage":9,"enemies":"Book of Stabbing","floor":25,"turns":6},{"damage":7,"enemies":"Snake Plant","floor":30,"turns":3},{"damage":8,"enemies":"Centurion and Healer","floor":31,"turns":5},{"damage":48,"enemies":"Automaton","floor":33,"turns":10}],"seed_played":"-1221887515826282077","potions_obtained":[{"floor":4,"key":"Poison Potion"},{"floor":4,"key":"Strength Potion"},{"floor":4,"key":"Block Potion"},{"floor":6,"key":"PowerPotion"},{"floor":11,"key":"EssenceOfSteel"},{"floor":16,"key":"Dexterity Potion"},{"floor":18,"key":"Fire Potion"},{"floor":19,"key":"EssenceOfSteel"},{"floor":22,"key":"LiquidBronze"},{"floor":31,"key":"SpeedPotion"}],"is_trial":false,"path_per_floor":["M","?","M","?","M","E","M","M","T","?","M","?","?","M","R","B",null,"M","M","M","$","M","?","M","E","T","?","?","R","M","M","R"],"character_chosen":"DEFECT","items_purchased":["Conserve Battery","Pen Nib"],"campfire_rested":2,"item_purchase_floors":[21,21],"current_hp_per_floor":[75,75,75,75,75,61,60,52,52,45,45,45,45,45,45,27,75,63,63,30,30,30,30,22,13,13,13,13,35,28,20,42,0],"gold":411,"neow_bonus":"","is_prod":false,"is_daily":false,"chose_seed":false,"campfire_upgraded":1,"win_rate":0,"timestamp":1532476947,"path_taken":["M","?","M","?","M","E","M","?","T","?","M","?","?","M","R","BOSS","M","M","M","$","M","?","M","E","T","?","?","R","M","?","R","BOSS"],"build_version":"2018-07-19v2","purchased_purges":1,"victory":false,"max_hp_per_floor":[75,75,75,75,75,75,75,75,75,75,75,75,75,75,75,75,75,75,75,75,75,75,75,75,75,75,75,75,75,75,75,75,75],"card_choices":[{"not_picked":["Compile Driver","White Noise"],"picked":"Sunder","floor":1},{"not_picked":["Chaos","Gash"],"picked":"Auto Shields","floor":3},{"not_picked":["Blizzard","Stack"],"picked":"Coolheaded","floor":5},{"not_picked":["Gash","Force Field"],"picked":"Rebound","floor":6},{"not_picked":["Storm","Scrape"],"picked":"Reinforced Body","floor":7},{"not_picked":["Chaos","Auto Shields"],"picked":"Melter","floor":8},{"not_picked":["Auto Shields","Rebound"],"picked":"Hyperbeam","floor":11},{"not_picked":["Redo","Steam Power"],"picked":"Hologram","floor":12},{"not_picked":["Gash","Heatsinks","Stack"],"picked":"SKIP","floor":14},{"not_picked":["Amplify","Thunder Strike"],"picked":"All For One","floor":16},{"not_picked":["Hello World","Redo"],"picked":"Coolheaded","floor":18},{"not_picked":["Rebound","Heatsinks"],"picked":"Compile Driver","floor":19},{"not_picked":["Stack+1","Static Discharge+1"],"picked":"Go for the Eyes","floor":20},{"not_picked":["Hello World","BootSequence"],"picked":"Go for the Eyes+1","floor":22},{"not_picked":["Darkness","Sweeping Beam"],"picked":"Steam","floor":24},{"not_picked":["Conserve Battery","Turbo"],"picked":"Meteor Strike","floor":25},{"not_picked":["Barrage","Redo"],"picked":"Leap","floor":30},{"not_picked":["Rebound","Sweeping Beam"],"picked":"Go for the Eyes+1","floor":31}],"player_experience":295568,"relics_obtained":[{"floor":6,"key":"Emotion Chip"},{"floor":9,"key":"Lantern"},{"floor":12,"key":"Odd Mushroom"},{"floor":25,"key":"Centennial Puzzle"},{"floor":26,"key":"Ancient Tea Set"}],"event_choices":[{"event_name":"Upgrade Shrine","player_choice":"Upgraded","floor":2,"damage_taken":0},{"event_name":"The Lab","player_choice":"Got Potions","floor":4,"damage_taken":0},{"event_name":"Golden Wing","player_choice":"Card Removal","floor":10,"damage_taken":0},{"event_name":"Mushrooms","player_choice":"Fought Mushrooms","floor":12,"damage_taken":0},{"event_name":"Accursed Blacksmith","player_choice":"Forge","floor":13,"damage_taken":0},{"event_name":"Wheel of Change","player_choice":"Relic","floor":23,"damage_taken":0},{"event_name":"Ghosts","player_choice":"Ignored","floor":27,"damage_taken":0},{"event_name":"Drug Dealer","player_choice":"Ignored","floor":28,"damage_taken":0}],"is_beta":false,"boss_relics":[{"not_picked":["Philosopher\u0027s Stone","Snecko Eye"],"picked":"Inserter"}],"items_purged_floors":[21],"is_endless":false,"potions_floor_spawned":[6,7,11,12,16,18,19,22,31],"killed_by":"Automaton","ascension_level":0}