{"gold_per_floor":[118,168,36,36,52,52,83,83,83,96,96,96,121,132,132,211,211,225,275,286,286,286],"floor_reached":22,"playtime":576,"items_purged":[],"score":434,"play_id":"2993eb4a-b2c0-4e8f-8b1a-7bf2c55f5742","local_time":"20190719141917","is_ascension_mode":true,"campfire_choices":[{"data":"Zap","floor":6.0,"key":"SMITH"},{"data":"Heatsinks","floor":15,"key":"SMITH"}],"neow_cost":"NONE","seed_source_timestamp":73813891377212,"circlet_count":0,"master_deck":["AscendersBane","Defend_B","Defend_B","Defend_B","Defend_B","Zap+1","Dualcast","Coolheaded","Self Repair","Heatsinks+1","Turbo","Lockon","Creative AI","Hologram","Fission","Doom and Gloom+1","Storm+1","Darkness+1","Hologram","Glacier"],"special_seed":0,"relics":["Cracked Core","NeowsBlessing","Singing Bowl","Smiling Mask","The Courier","Oddly Smooth Stone","Blue Candle","Astrolabe"],"potions_floor_usage":[13,18,20],"damage_taken":[{"damage":0.0,"enemies":"Cultist","floor":1.0,"turns":1.0},{"damage":0.0,"enemies":"Jaw Worm","floor":5.0,"turns":1.0},{"damage":0.0,"enemies":"Lagavulin","floor":7.0,"turns":2.0},{"damage":0,"enemies":"Small Slimes","floor":10,"turns":4},{"damage":27,"enemies":"3 Sentries","floor":13,"turns":10},{"damage":0,"enemies":"Looter","floor":14,"turns":2},{"damage":42,"enemies":"Hexaghost","floor":16,"turns":7},{"damage":12,"enemies":"3 Byrds","floor":18,"turns":3},{"damage":31,"enemies":"Spheric Guardian","floor":20,"turns":7},{"damage":8,"enemies":"Cultist and Chosen","floor":22,"turns":3}],"seed_played":"-7092961574428774535","potions_obtained":[{"floor":5.0,"key":"PowerPotion"},{"floor":14,"key":"Energy Potion"},{"floor":16,"key":"Strength Potion"},{"floor":18,"key":"SkillPotion"}],"is_trial":false,"path_per_floor":["M","?","$","T","M","R","E","?","T","M","?","?","E","M","R","B",null,"M","?","M","?","M"],"character_chosen":"DEFECT","items_purchased":["Coolheaded","Self Repair"],"campfire_rested":0,"item_purchase_floors":[3,3],"current_hp_per_floor":[64,64,64,64,64,64,71,71,71,71,76,69,49,56,56,21,62,57,57,33,11,3],"gold":286,"neow_bonus":"THREE_ENEMY_KILL","is_prod":false,"is_daily":false,"chose_seed":false,"campfire_upgraded":2,"win_rate":0,"timestamp":1563517157,"path_taken":["M","?","?","?","?","R","E","?","T","?","?","?","E","M","R","BOSS","M","?","?","?","M"],"build_version":"2019-07-17","purchased_purges":0,"victory":false,"max_hp_per_floor":[71,71,71,71,71,71,71,71,71,71,76,76,76,76,76,76,76,76,76,76,81,81],"card_choices":[{"not_picked":["Leap","Go for the Eyes"],"picked":"Cold Snap","floor":1.0},{"not_picked":["Capacitor","Self Repair"],"picked":"Heatsinks","floor":5.0},{"not_picked":["Aggregate","Rebound"],"picked":"Turbo","floor":7.0},{"not_picked":["Stack","Self Repair"],"picked":"Lockon","floor":10},{"not_picked":["Streamline","Static Discharge"],"picked":"Creative AI","floor":13},{"not_picked":["Cold Snap","Sweeping Beam"],"picked":"Hologram","floor":14},{"not_picked":["Electrodynamics","Multi-Cast"],"picked":"Fission","floor":16},{"not_picked":["Static Discharge","Ball Lightning+1"],"picked":"Hologram","floor":18},{"not_picked":["Conserve Battery","Consume"],"picked":"Glacier","floor":20}],"player_experience":2033619,"relics_obtained":[{"floor":4.0,"key":"Singing Bowl"},{"floor":7.0,"key":"Smiling Mask"},{"floor":9,"key":"Oddly Smooth Stone"},{"floor":13,"key":"Blue Candle"}],"event_choices":[{"damage_healed":0.0,"max_hp_gain":0.0,"max_hp_loss":0.0,"gold_gain":50.0,"event_name":"Golden Shrine","player_choice":"Pray","floor":2.0,"gold_loss":0.0,"damage_taken":0.0},{"cards_removed":["Cold Snap"],"damage_healed":0,"gold_gain":0,"player_choice":"Gave Card","damage_taken":0,"relics_obtained":["The Courier"],"max_hp_gain":0,"max_hp_loss":0,"event_name":"WeMeetAgain","floor":8,"gold_loss":0},{"damage_healed":0,"gold_gain":0,"player_choice":"Donut","damage_taken":0,"max_hp_gain":5,"max_hp_loss":0,"event_name":"Big Fish","floor":11,"gold_loss":0},{"cards_removed":["Strike_B"],"damage_healed":0,"gold_gain":0,"player_choice":"Card Removal","damage_taken":7,"max_hp_gain":0,"max_hp_loss":0,"event_name":"Golden Wing","floor":12,"gold_loss":0},{"damage_healed":0,"gold_gain":50,"player_choice":"Pray","damage_taken":0,"max_hp_gain":0,"max_hp_loss":0,"event_name":"Golden Shrine","floor":19,"gold_loss":0},{"damage_healed":0,"gold_gain":0,"player_choice":"Shed Blood","damage_taken":27,"max_hp_gain":5,"max_hp_loss":0,"event_name":"Forgotten Altar","floor":21,"gold_loss":0}],"is_beta":false,"boss_relics":[{"not_picked":["Snecko Eye","FrozenCore"],"picked":"Astrolabe"}],"items_purged_floors":[],"is_endless":false,"potions_floor_spawned":[5,14,16,18],"killed_by":"Cultist and Chosen","ascension_level":20}