{"gold_per_floor":[114,114,39,59,75,101,114,130,157,157,170,1,1,1,1,98,98,117,117],"floor_reached":19,"playtime":717,"items_purged":["Strike_B","Defend_B"],"score":169,"play_id":"f73aa307-ab0d-443f-bf68-0547860ad913","local_time":"20190426160327","is_ascension_mode":false,"campfire_choices":[{"floor":13,"key":"REST"},{"floor":15,"key":"RECALL"}],"neow_cost":"NONE","seed_source_timestamp":19571653450720,"circlet_count":0,"master_deck":["Strike_B+1","Strike_B","Strike_B","Strike_B","Defend_B","Defend_B+1","Defend_B","Dualcast","Darkness","BootSequence","Conserve Battery","Conserve Battery","White Noise","Buffer","Turbo"],"relics":["Cracked Core","NeowsBlessing","Calipers","Regal Pillow","Eternal Feather"],"potions_floor_usage":[16],"damage_taken":[{"damage":0,"enemies":"Jaw Worm","floor":1,"turns":1},{"damage":0,"enemies":"Cultist","floor":4,"turns":1},{"damage":0,"enemies":"2 Louse","floor":5,"turns":1},{"damage":45,"enemies":"3 Sentries","floor":6,"turns":7},{"damage":0,"enemies":"Looter","floor":7,"turns":4},{"damage":2,"enemies":"Blue Slaver","floor":8,"turns":3},{"damage":0,"enemies":"3 Louse","floor":11,"turns":3},{"damage":45,"enemies":"The Guardian","floor":16,"turns":12},{"damage":5,"enemies":"Shell Parasite","floor":18,"turns":7},{"damage":9,"enemies":"Colosseum Slavers","floor":19,"turns":6},{"damage":86,"enemies":"Colosseum Nobs","floor":19,"turns":4}],"seed_played":"716572755258106291","potions_obtained":[{"floor":5,"key":"FocusPotion"},{"floor":8,"key":"Swift Potion"},{"floor":11,"key":"Ancient Potion"}],"is_trial":false,"path_per_floor":["M","?","$","M","M","E","M","M","T","?","M","$","R","?","R","B",null,"M","?"],"character_chosen":"DEFECT","items_purchased":["White Noise"],"campfire_rested":1,"item_purchase_floors":[12],"current_hp_per_floor":[75,75,75,75,75,30,30,28,28,28,28,28,65,50,50,5,75,70,0],"gold":117,"neow_bonus":"THREE_ENEMY_KILL","is_prod":false,"is_daily":false,"chose_seed":false,"campfire_upgraded":0,"win_rate":0,"timestamp":1556309007,"path_taken":["M","?","?","M","?","E","M","M","T","?","?","$","R","?","R","BOSS","M","?"],"build_version":"2019-01-23","purchased_purges":2,"victory":false,"max_hp_per_floor":[75,75,75,75,75,75,75,75,75,75,75,75,75,75,75,75,75,75,75],"card_choices":[{"not_picked":["Streamline","Stack","Compile Driver"],"picked":"SKIP","floor":1},{"not_picked":["Beam Cell","Leap"],"picked":"Darkness","floor":4},{"not_picked":["Auto Shields","Melter"],"picked":"BootSequence","floor":5},{"not_picked":["Consume","Compile Driver"],"picked":"Conserve Battery","floor":6},{"not_picked":["Gash","Leap","Barrage"],"picked":"SKIP","floor":7},{"not_picked":["Meteor Strike","Sweeping Beam","Steam"],"picked":"SKIP","floor":8},{"not_picked":["Leap","Beam Cell"],"picked":"Conserve Battery","floor":11},{"not_picked":["Core Surge","Reboot"],"picked":"Buffer","floor":16},{"not_picked":["Streamline","Compile Driver"],"picked":"Turbo","floor":18}],"player_experience":912323,"relics_obtained":[{"floor":6,"key":"Calipers"}],"event_choices":[{"cards_removed":["Zap"],"damage_healed":0,"gold_gain":0,"player_choice":"Took Card","damage_taken":0,"max_hp_gain":0,"max_hp_loss":0,"event_name":"NoteForYourself","floor":2,"gold_loss":0,"cards_obtained":["Strike_B"]},{"damage_healed":0,"gold_gain":0,"player_choice":"Gave Potion","damage_taken":0,"relics_obtained":["Regal Pillow"],"max_hp_gain":0,"max_hp_loss":0,"event_name":"WeMeetAgain","floor":10,"gold_loss":0},{"damage_healed":0,"gold_gain":0,"player_choice":"Entered Light","damage_taken":15,"max_hp_gain":0,"max_hp_loss":0,"event_name":"Shining Light","floor":14,"gold_loss":0,"cards_upgraded":["Strike_B","Defend_B"]},{"damage_healed":0,"gold_gain":0,"player_choice":"Fight","damage_taken":0,"max_hp_gain":0,"max_hp_loss":0,"event_name":"Colosseum","floor":19,"gold_loss":0},{"damage_healed":0,"gold_gain":0,"player_choice":"Fought Nobs","damage_taken":0,"max_hp_gain":0,"max_hp_loss":0,"event_name":"Colosseum","floor":19,"gold_loss":0}],"is_beta":false,"boss_relics":[{"not_picked":["Tiny House","Nuclear Battery"],"picked":"Eternal Feather"}],"items_purged_floors":[3,12],"is_endless":false,"potions_floor_spawned":[5,8,11,19],"killed_by":"Colosseum Nobs","ascension_level":0}