{"gold_per_floor":[114,114,129,129,35,35,35,50,50,65,65,125,4,4,4,104,104,119,134,86,101,101],"floor_reached":22,"playtime":1236,"items_purged":[],"score":184,"play_id":"fb9af353-98ec-4569-b389-6d9a91039586","local_time":"20180701144738","daily_mods":["Diverse","Lethality","Binary"],"is_ascension_mode":false,"campfire_choices":[{"data":"Stack","floor":6,"key":"SMITH"},{"data":"Predator","floor":11,"key":"SMITH"},{"floor":15,"key":"REST"}],"neow_cost":"","seed_source_timestamp":8967962705944,"circlet_count":0,"master_deck":["Defend_G","Defend_G","Defend_G","Defend_G","Defend_G","Strike_G","Strike_G","Strike_G","Strike_G","Survivor+1","Neutralize","Go for the Eyes","True Grit","Go for the Eyes","Stack+1","Heel Hook","Predator+1","PiercingWail","Poisoned Stab","Headbutt+1","Rampage","Reboot","Dodge and Roll","Clothesline","Conserve Battery","Heavy Blade"],"special_seed":17713,"relics":["Ring of the Snake","Juzu Bracelet","Tiny Chest","Cursed Key"],"potions_floor_usage":[12,16,21],"damage_taken":[{"damage":0,"enemies":"Jaw Worm","floor":1,"turns":3},{"damage":0,"enemies":"Cultist","floor":3,"turns":3},{"damage":0,"enemies":"2 Louse","floor":8,"turns":2},{"damage":0,"enemies":"Gremlin Gang","floor":10,"turns":3},{"damage":2,"enemies":"Lagavulin","floor":12,"turns":5},{"damage":54,"enemies":"The Guardian","floor":16,"turns":11},{"damage":5,"enemies":"Chosen","floor":18,"turns":4},{"damage":6,"enemies":"2 Thieves","floor":19,"turns":3},{"damage":23,"enemies":"Sentry and Sphere","floor":21,"turns":6},{"damage":0,"enemies":"Slaver and Parasite","floor":22,"turns":2}],"seed_played":"-8851648875795215677","potions_obtained":[{"floor":8,"key":"SteroidPotion"},{"floor":10,"key":"FearPotion"},{"floor":12,"key":"EssenceOfSteel"},{"floor":18,"key":"Block Potion"},{"floor":21,"key":"Swift Potion"}],"is_trial":false,"path_per_floor":["M","?","M","?","$","R","?","M","T","M","R","E","$","?","R","B",null,"M","M","$","M"],"character_chosen":"THE_SILENT","items_purchased":["Go for the Eyes","Stack","Headbutt","Rampage","Conserve Battery"],"campfire_rested":1,"item_purchase_floors":[5,5,13,13,20],"current_hp_per_floor":[70,70,70,70,70,70,70,70,70,70,70,68,68,68,70,16,70,65,59,59,36,36],"gold":101,"neow_bonus":"","is_prod":false,"is_daily":true,"chose_seed":false,"campfire_upgraded":2,"win_rate":0.0,"timestamp":1530424058,"path_taken":["M","?","?","?","$","R","?","?","T","M","R","E","$","?","R","BOSS","M","M","$","M","M"],"build_version":"2018-06-28","purchased_purges":0,"victory":false,"max_hp_per_floor":[70,70,70,70,70,70,70,70,70,70,70,70,70,70,70,70,70,70,70,70,70,70],"card_choices":[{"not_picked":["Fire Breathing"],"picked":"Go for the Eyes","floor":1},{"not_picked":["Doom and Gloom"],"picked":"True Grit","floor":3},{"not_picked":["Evolve"],"picked":"Predator","floor":8},{"not_picked":["Distraction"],"picked":"PiercingWail","floor":10},{"not_picked":["Infernal Blade"],"picked":"Poisoned Stab","floor":12},{"not_picked":["Tools of the Trade"],"picked":"Reboot","floor":16},{"not_picked":["Wild Strike"],"picked":"Dodge and Roll","floor":18},{"not_picked":["Genetic Algorithm+1"],"picked":"Clothesline","floor":19},{"not_picked":["Compile Driver"],"picked":"Heavy Blade","floor":21}],"player_experience":47887,"relics_obtained":[{"floor":9,"key":"Juzu Bracelet"},{"floor":12,"key":"Tiny Chest"}],"event_choices":[{"event_name":"Upgrade Shrine","player_choice":"Upgraded","floor":2,"damage_taken":0},{"event_name":"Purifier","player_choice":"One Purge","floor":4,"damage_taken":0},{"event_name":"Match and Keep!","player_choice":"1 cards matched","floor":7,"damage_taken":0},{"event_name":"Accursed Blacksmith","player_choice":"Forge","floor":14,"damage_taken":0}],"boss_relics":[{"not_picked":["Snecko Eye","Empty Cage"],"picked":"Cursed Key"}],"items_purged_floors":[],"is_endless":false,"potions_floor_spawned":[8,10,12,18,21],"killed_by":"Slaver and Parasite","ascension_level":0}