{"gold_per_floor":[115,130,96,114,79,79,79,142,169,181,181,181,356,372,372,477,477,488,488,502],"floor_reached":20,"playtime":807,"items_purged":[],"score":164,"play_id":"7fa8410c-e4a4-4502-8400-f6f00f3b0cbc","local_time":"20190317011253","is_ascension_mode":false,"campfire_choices":[{"data":"Loop","floor":6,"key":"SMITH"},{"data":"Barrage","floor":15,"key":"SMITH"}],"neow_cost":"NONE","seed_source_timestamp":338050120625206,"circlet_count":0,"master_deck":["Strike_B","Strike_B","Strike_B","Strike_B","Defend_B","Defend_B","Defend_B","Zap","Dualcast","Loop+1","Redo","Loop+1","Conserve Battery","Redo","Steam","Doubt","Barrage+1","Biased Cognition","Melter+1"],"relics":["Cracked Core","Juzu Bracelet","Thread and Needle","Sozu"],"potions_floor_usage":[],"damage_taken":[{"damage":3,"enemies":"2 Louse","floor":1,"turns":2},{"damage":1,"enemies":"Cultist","floor":2,"turns":3},{"damage":12,"enemies":"Small Slimes","floor":4,"turns":3},{"damage":36,"enemies":"Lagavulin Event","floor":8,"turns":5},{"damage":5,"enemies":"2 Fungi Beasts","floor":10,"turns":3},{"damage":0,"enemies":"Large Slime","floor":14,"turns":4},{"damage":40,"enemies":"Hexaghost","floor":16,"turns":9},{"damage":27,"enemies":"2 Thieves","floor":18,"turns":4},{"damage":18,"enemies":"Shell Parasite","floor":20,"turns":5}],"seed_played":"-3071192067015774315","potions_obtained":[{"floor":1,"key":"Energy Potion"},{"floor":2,"key":"PowerPotion"},{"floor":8,"key":"EssenceOfSteel"}],"is_trial":false,"path_per_floor":["M","M","$","M","?","R","?","?","T","M","T","?","?","M","R","B",null,"M","?","M"],"character_chosen":"DEFECT","items_purchased":["Loop"],"campfire_rested":0,"item_purchase_floors":[3],"current_hp_per_floor":[72,71,71,59,75,75,75,39,39,34,34,59,59,59,59,19,75,48,34,16],"gold":502,"neow_bonus":"REMOVE_CARD","is_prod":false,"is_daily":false,"chose_seed":false,"campfire_upgraded":2,"win_rate":0,"timestamp":1552799573,"path_taken":["M","M","$","M","?","R","?","?","T","M","?","?","?","M","R","BOSS","M","?","M"],"build_version":"2019-01-23","purchased_purges":0,"victory":false,"max_hp_per_floor":[75,75,75,75,75,75,75,75,75,75,75,75,75,75,75,75,75,75,80,80],"card_choices":[{"not_picked":["Coolheaded","Compile Driver"],"picked":"Loop","floor":1},{"not_picked":["Compile Driver","Beam Cell"],"picked":"Redo","floor":2},{"not_picked":["Barrage","Force Field"],"picked":"Conserve Battery","floor":4},{"not_picked":["Compile Driver","Coolheaded"],"picked":"Redo","floor":8},{"not_picked":["Fusion","Echo Form"],"picked":"Steam","floor":10},{"not_picked":["Cold Snap","Go for the Eyes"],"picked":"Barrage","floor":14},{"not_picked":["Hyperbeam","Machine Learning"],"picked":"Biased Cognition","floor":16},{"not_picked":["Leap","Reprogram+1"],"picked":"Melter+1","floor":18}],"player_experience":734084,"relics_obtained":[{"floor":8,"key":"Juzu Bracelet"},{"floor":11,"key":"Thread and Needle"}],"event_choices":[{"damage_healed":18,"gold_gain":0,"player_choice":"Healed","damage_taken":0,"max_hp_gain":0,"max_hp_loss":0,"event_name":"The Cleric","floor":5,"gold_loss":35},{"damage_healed":0,"gold_gain":0,"player_choice":"Grow","damage_taken":0,"max_hp_gain":0,"max_hp_loss":0,"event_name":"Living Wall","floor":7,"gold_loss":0,"cards_upgraded":["Loop"]},{"damage_healed":0,"gold_gain":0,"player_choice":"Searched \u00271\u0027 times","damage_taken":0,"max_hp_gain":0,"max_hp_loss":0,"event_name":"Dead Adventurer","floor":8,"gold_loss":0},{"damage_healed":25,"gold_gain":0,"player_choice":"Banana","damage_taken":0,"max_hp_gain":0,"max_hp_loss":0,"event_name":"Big Fish","floor":12,"gold_loss":0},{"damage_healed":0,"gold_gain":175,"player_choice":"AGREE","damage_taken":0,"max_hp_gain":0,"max_hp_loss":0,"event_name":"Liars Game","floor":13,"gold_loss":0,"cards_obtained":["Doubt"]},{"damage_healed":0,"gold_gain":0,"player_choice":"Shed Blood","damage_taken":19,"max_hp_gain":5,"max_hp_loss":0,"event_name":"Forgotten Altar","floor":19,"gold_loss":0}],"is_beta":false,"boss_relics":[{"not_picked":["Lizard Tail","Runic Dome"],"picked":"Sozu"}],"items_purged_floors":[],"is_endless":false,"potions_floor_spawned":[1,2,8,16,18],"killed_by":"Shell Parasite","ascension_level":0}