{"gold_per_floor":[110,23,23,23,37,37,54,54,54,54,68,80,80,100,100,100],"floor_reached":16,"playtime":345,"items_purged":[],"score":184,"play_id":"98d632de-28b7-4a6d-adb6-a2f2741ea41f","local_time":"20190531160954","is_ascension_mode":true,"campfire_choices":[{"data":"Searing Blow","floor":6,"key":"SMITH"},{"data":"Searing Blow+1","floor":13,"key":"SMITH"},{"data":"Searing Blow+2","floor":15,"key":"SMITH"}],"neow_cost":"PERCENT_DAMAGE","seed_source_timestamp":78232733124697,"circlet_count":0,"master_deck":["AscendersBane","Strike_R","Defend_R","Defend_R","Defend_R","Defend_R","Bash","Power Through","Searing Blow+3","Rage","Metallicize","Feel No Pain"],"special_seed":0,"relics":["Burning Blood","The Courier"],"potions_floor_usage":[],"damage_taken":[{"damage":6.0,"enemies":"2 Louse","floor":1.0,"turns":3.0},{"damage":6,"enemies":"Small Slimes","floor":5,"turns":4},{"damage":11,"enemies":"Jaw Worm","floor":7,"turns":6},{"damage":17,"enemies":"Lots of Slimes","floor":11,"turns":10},{"damage":25,"enemies":"Exordium Wildlife","floor":12,"turns":9},{"damage":11,"enemies":"Exordium Thugs","floor":14,"turns":6},{"damage":0,"enemies":"Hexaghost","floor":16,"turns":1}],"seed_played":"6999121007522436133","potions_obtained":[{"floor":1.0,"key":"Swift Potion"},{"floor":5,"key":"Dexterity Potion"}],"is_trial":false,"path_per_floor":["M","$","?","?","M","R","M","$","T","?","M","M","R","M","R","B"],"character_chosen":"IRONCLAD","items_purchased":["Searing Blow"],"campfire_rested":0,"item_purchase_floors":[2],"current_hp_per_floor":[50,50,50,50,50,50,45,45,45,45,34,15,15,10,10,10],"gold":100,"neow_bonus":"REMOVE_TWO","is_prod":false,"is_daily":false,"chose_seed":false,"campfire_upgraded":3,"win_rate":0,"timestamp":1559290194,"path_taken":["M","$","?","?","M","R","M","$","T","?","M","M","R","?","R","BOSS"],"build_version":"2019-01-23","purchased_purges":0,"victory":false,"max_hp_per_floor":[75,75,75,75,75,75,75,75,75,75,75,75,75,75,75,75],"card_choices":[{"not_picked":["Combust","Anger"],"picked":"Power Through","floor":1.0},{"not_picked":["Fire Breathing","Flex","Pommel Strike"],"picked":"SKIP","floor":5},{"not_picked":["Combust","Twin Strike","Metallicize"],"picked":"SKIP","floor":7},{"not_picked":["Wild Strike","Combust","Anger"],"picked":"SKIP","floor":11},{"not_picked":["Uppercut","Wild Strike","Fiend Fire"],"picked":"SKIP","floor":12},{"not_picked":["Clash","Ghostly Armor"],"picked":"Feel No Pain","floor":14}],"player_experience":1801699,"relics_obtained":[{"floor":9,"key":"The Courier"}],"event_choices":[{"damage_healed":0,"gold_gain":0,"cards_transformed":["Strike_R"],"player_choice":"Change","damage_taken":0,"max_hp_gain":0,"max_hp_loss":0,"event_name":"Living Wall","floor":3,"gold_loss":0,"cards_obtained":["Rage"]},{"damage_healed":0,"gold_gain":0,"player_choice":"Ignored","damage_taken":0,"max_hp_gain":0,"max_hp_loss":0,"event_name":"Liars Game","floor":4,"gold_loss":0},{"damage_healed":0,"gold_gain":0,"cards_transformed":["Strike_R"],"player_choice":"Transformed","damage_taken":0,"max_hp_gain":0,"max_hp_loss":0,"event_name":"Transmorgrifier","floor":10,"gold_loss":0,"cards_obtained":["Metallicize"]}],"is_beta":false,"boss_relics":[],"items_purged_floors":[],"is_endless":false,"potions_floor_spawned":[1,5,11],"killed_by":"Hexaghost","ascension_level":20}