{"gold_per_floor":[368,250,250,263,278,278,313,313,337,337,351,375,375,410,410,506,506,519,519,46,70,70,70,139,153,180,104,143,157,157,171,171,260,323,339,360,360,26,50,50,91,91,114,141,160,179,194,174,174,174,174,174,174,9,45,45],"floor_reached":57,"playtime":3105,"items_purged":["Strike_B"],"score":2870,"play_id":"6936814a-7433-4d5c-9859-82d1d000b23b","local_time":"20190528134533","is_ascension_mode":true,"campfire_choices":[{"data":"Sunder","floor":6.0,"key":"SMITH"},{"data":"Zap","floor":10.0,"key":"SMITH"},{"data":"Defragment","floor":15.0,"key":"SMITH"},{"data":"Double Energy","floor":23.0,"key":"SMITH"},{"data":"Heatsinks","floor":30.0,"key":"SMITH"},{"data":"Loop","floor":32.0,"key":"SMITH"},{"floor":40.0,"key":"RECALL"},{"floor":42.0,"key":"REST"},{"data":"Tempest","floor":49.0,"key":"SMITH"},{"floor":53,"key":"REST"}],"neow_cost":"TEN_PERCENT_HP_LOSS","seed_source_timestamp":239339467588735,"circlet_count":0,"master_deck":["AscendersBane","Zap+1","Dualcast+1","Cold Snap+1","Sunder+1","Chaos+1","Chill+1","Self Repair+1","Ball Lightning+1","Defragment+1","Reboot+1","Echo Form+1","Leap+1","Defragment+1","Heatsinks+1","Buffer+1","Biased Cognition+1","Double Energy+1","Recycle+1","Skim+1","Turbo+1","Loop+1","Seek+1","Meteor Strike+1","Hologram+1","Fusion+1","Defragment+1","White Noise+1","Tempest+1","Steam Power+1"],"special_seed":0,"relics":["Cracked Core","Golden Idol","Happy Flower","Centennial Puzzle","Unceasing Top","Pandora\u0027s Box","Medical Kit","PreservedInsect","Bag of Marbles","Tiny Chest","Potion Belt","Red Mask","Tiny House","Mark of the Bloom","Pocketwatch","Thread and Needle","Dream Catcher","Oddly Smooth Stone","Boot"],"potions_floor_usage":[50,50,51,51],"damage_taken":[{"damage":7.0,"enemies":"Small Slimes","floor":1.0,"turns":4.0},{"damage":0.0,"enemies":"2 Louse","floor":4.0,"turns":1.0},{"damage":0.0,"enemies":"Cultist","floor":5.0,"turns":3.0},{"damage":14.0,"enemies":"Gremlin Nob","floor":7.0,"turns":3.0},{"damage":4.0,"enemies":"Exordium Wildlife","floor":11.0,"turns":3.0},{"damage":3.0,"enemies":"2 Fungi Beasts","floor":12.0,"turns":2.0},{"damage":5.0,"enemies":"3 Sentries","floor":14.0,"turns":4.0},{"damage":9.0,"enemies":"The Guardian","floor":16.0,"turns":8.0},{"damage":11.0,"enemies":"Spheric Guardian","floor":18.0,"turns":4.0},{"damage":17.0,"enemies":"Book of Stabbing","floor":24.0,"turns":5.0},{"damage":0.0,"enemies":"Chosen","floor":25.0,"turns":4.0},{"damage":20.0,"enemies":"Masked Bandits","floor":28.0,"turns":4.0},{"damage":0.0,"enemies":"Sentry and Sphere","floor":29.0,"turns":4.0},{"damage":4.0,"enemies":"Snake Plant","floor":31.0,"turns":3.0},{"damage":34.0,"enemies":"Champ","floor":33.0,"turns":11.0},{"damage":0.0,"enemies":"Orb Walker","floor":35.0,"turns":3.0},{"damage":17.0,"enemies":"3 Darklings","floor":36.0,"turns":4.0},{"damage":0.0,"enemies":"Sphere and 2 Shapes","floor":39.0,"turns":3.0},{"damage":0.0,"enemies":"Reptomancer","floor":41.0,"turns":3.0},{"damage":0.0,"enemies":"Writhing Mass","floor":45.0,"turns":5.0},{"damage":0.0,"enemies":"Transient","floor":46.0,"turns":6.0},{"damage":0.0,"enemies":"Maw","floor":47.0,"turns":4.0},{"damage":3,"enemies":"Time Eater","floor":50,"turns":7},{"damage":0,"enemies":"Awakened One","floor":51,"turns":5},{"damage":0,"enemies":"Shield and Spear","floor":55,"turns":3},{"damage":44,"enemies":"The Heart","floor":56,"turns":8}],"seed_played":"-818052491043841625","potions_obtained":[{"floor":4.0,"key":"Explosive Potion"},{"floor":5.0,"key":"Energy Potion"},{"floor":7.0,"key":"PowerPotion"},{"floor":25.0,"key":"Block Potion"},{"floor":28.0,"key":"Swift Potion"},{"floor":31.0,"key":"FairyPotion"},{"floor":34.0,"key":"Explosive Potion"},{"floor":36.0,"key":"PowerPotion"},{"floor":45.0,"key":"SkillPotion"},{"floor":46.0,"key":"Block Potion"},{"floor":48.0,"key":"Swift Potion"}],"is_trial":false,"path_per_floor":["M","$","?","M","M","R","E","?","T","R","M","M","?","E","R","B",null,"M","?","$","T","?","R","E","M","T","$","?","M","R","M","R","B",null,"M","M","?","$","M","R","E","R","T","T","M","M","M","?","R","B","B",null,"R","$","E","B",null],"character_chosen":"DEFECT","items_purchased":["Sunder","Recycle","Medical Kit","PreservedInsect","Loop","Pocketwatch","Oddly Smooth Stone"],"campfire_rested":2,"item_purchase_floors":[2,20,20,20,27,38,54],"current_hp_per_floor":[57,57,57,57,57,57,43,43,43,43,39,43,36,38,38,36,53,49,49,49,49,49,49,39,39,39,39,19,26,26,29,29,12,52,59,56,56,56,56,56,56,56,56,56,56,56,56,56,56,53,53,53,53,53,53,9],"gold":45,"neow_bonus":"TWO_FIFTY_GOLD","is_prod":false,"is_daily":false,"chose_seed":false,"campfire_upgraded":7,"win_rate":0,"timestamp":1559022333,"path_taken":["M","$","?","M","M","R","E","?","T","R","?","M","?","E","R","BOSS","M","?","?","?","?","R","E","M","T","$","?","?","R","M","R","BOSS","M","M","?","$","M","R","E","R","T","?","?","M","M","?","R","BOSS","BOSS","R","$","E","BOSS"],"build_version":"2019-01-23","purchased_purges":1,"victory":true,"max_hp_per_floor":[64,64,58,58,58,58,58,58,58,58,58,58,58,58,58,58,58,58,58,58,58,58,58,58,58,58,58,58,58,58,58,58,58,63,63,63,63,63,63,63,63,63,63,63,63,63,63,63,63,63,63,63,63,63,63,63],"card_choices":[{"not_picked":["Leap","FTL"],"picked":"Cold Snap","floor":1.0},{"not_picked":["Stack","Consume"],"picked":"Chaos","floor":4.0},{"not_picked":["Rebound","Hologram"],"picked":"Beam Cell","floor":5.0},{"not_picked":["Steam","Sunder"],"picked":"Chill","floor":7.0},{"not_picked":["Static Discharge","Leap"],"picked":"Self Repair","floor":11.0},{"not_picked":["Redo","Gash"],"picked":"Ball Lightning","floor":12.0},{"not_picked":["Multi-Cast","Stack"],"picked":"Defragment","floor":14.0},{"not_picked":["Hyperbeam","Buffer"],"picked":"Reboot","floor":16.0},{"not_picked":["Sunder","Scrape"],"picked":"Double Energy","floor":18.0},{"not_picked":["Rip and Tear","Go for the Eyes","Force Field"],"picked":"SKIP","floor":24.0},{"not_picked":["Fusion","Consume"],"picked":"Turbo","floor":25.0},{"not_picked":["Beam Cell","Barrage+1"],"picked":"Seek","floor":29.0},{"not_picked":["Leap","Double Energy","Barrage"],"picked":"SKIP","floor":31.0},{"not_picked":["Amplify","Seek"],"picked":"Meteor Strike","floor":33.0},{"not_picked":["Streamline","Leap"],"picked":"Hologram+1","floor":34.0},{"not_picked":["Beam Cell+1","Sweeping Beam"],"picked":"Fusion+1","floor":35.0},{"not_picked":["Rebound","Loop"],"picked":"Defragment","floor":36.0},{"not_picked":["Gash+1","Sweeping Beam+1"],"picked":"White Noise+1","floor":39.0},{"not_picked":["Scrape","Double Energy","Beam Cell+1"],"picked":"SKIP","floor":41.0},{"not_picked":["Steam+1","Cold Snap"],"picked":"Tempest","floor":45.0},{"not_picked":["Hello World+1","Rip and Tear","Beam Cell+1"],"picked":"SKIP","floor":46.0},{"not_picked":["Chill","Force Field+1"],"picked":"Steam Power+1","floor":47.0},{"not_picked":["Static Discharge","Storm","Beam Cell"],"picked":"SKIP","floor":55}],"player_experience":1781026,"relics_obtained":[{"floor":7.0,"key":"Happy Flower"},{"floor":9.0,"key":"Centennial Puzzle"},{"floor":14.0,"key":"Unceasing Top"},{"floor":21.0,"key":"Bag of Marbles"},{"floor":24.0,"key":"Tiny Chest"},{"floor":26.0,"key":"Potion Belt"},{"floor":28.0,"key":"Red Mask"},{"floor":41.0,"key":"Thread and Needle"},{"floor":44.0,"key":"Dream Catcher"},{"floor":55,"key":"Boot"}],"event_choices":[{"damage_healed":0.0,"max_hp_gain":0.0,"max_hp_loss":6.0,"gold_gain":0.0,"event_name":"Golden Idol","player_choice":"Lose Max HP","floor":3.0,"gold_loss":0.0,"damage_taken":0.0,"relics_obtained":["Golden Idol"]},{"damage_healed":0.0,"max_hp_gain":0.0,"max_hp_loss":0.0,"gold_gain":0.0,"event_name":"Upgrade Shrine","player_choice":"Upgraded","floor":8.0,"gold_loss":0.0,"damage_taken":0.0,"cards_upgraded":["Chaos"]},{"cards_removed":["Strike_B"],"damage_healed":0.0,"max_hp_gain":0.0,"max_hp_loss":0.0,"gold_gain":0.0,"event_name":"Golden Wing","player_choice":"Card Removal","floor":13.0,"gold_loss":0.0,"damage_taken":7.0},{"cards_removed":["Beam Cell"],"damage_healed":0.0,"max_hp_gain":0.0,"max_hp_loss":0.0,"gold_gain":0.0,"event_name":"Purifier","player_choice":"Purged","floor":19.0,"gold_loss":0.0,"damage_taken":0.0},{"damage_healed":0.0,"max_hp_gain":0.0,"max_hp_loss":0.0,"gold_gain":0.0,"event_name":"The Library","player_choice":"Read","floor":22.0,"gold_loss":0.0,"damage_taken":0.0,"cards_obtained":["Skim"]},{"damage_healed":0.0,"max_hp_gain":0.0,"max_hp_loss":0.0,"gold_gain":0.0,"event_name":"Masked Bandits","player_choice":"Fought Bandits","floor":28.0,"gold_loss":0.0,"damage_taken":0.0},{"damage_healed":0.0,"max_hp_gain":0.0,"max_hp_loss":0.0,"gold_gain":0.0,"event_name":"MindBloom","player_choice":"Upgrade","floor":37.0,"gold_loss":0.0,"damage_taken":0.0,"cards_upgraded":["Dualcast","Cold Snap","Chill","Self Repair","Ball Lightning","Echo Form","Leap","Defragment","Buffer","Biased Cognition","Recycle","Skim","Turbo","Seek","Meteor Strike","Defragment"],"relics_obtained":["Mark of the Bloom"]},{"damage_healed":0.0,"max_hp_gain":0.0,"max_hp_loss":0.0,"gold_gain":0.0,"event_name":"The Woman in Blue","player_choice":"Bought 1 Potion","floor":48.0,"gold_loss":0.0,"damage_taken":0.0}],"is_beta":false,"boss_relics":[{"not_picked":["FrozenCore","Philosopher\u0027s Stone"],"picked":"Pandora\u0027s Box"},{"not_picked":["Lizard Tail","Velvet Choker"],"picked":"Tiny House"}],"items_purged_floors":[2],"is_endless":false,"potions_floor_spawned":[4,5,7,11,14,25,28,31,36,45,46],"ascension_level":20}