{"gold_per_floor":[16,32,44,54,73,73,105,105,105,105,120,146,111,129,129,231,231,241,241],"floor_reached":19,"playtime":1155,"items_purged":[],"score":235,"play_id":"060db892-99f1-4331-b51d-018c38560633","local_time":"20180723225610","is_ascension_mode":true,"campfire_choices":[{"data":"Zap","floor":6,"key":"SMITH"},{"data":"Dualcast","floor":8,"key":"SMITH"},{"data":"1","floor":15,"key":"LIFT"}],"neow_cost":"NO_GOLD","seed_source_timestamp":202003067581024,"circlet_count":0,"master_deck":["Strike_B","Strike_B","Strike_B","Strike_B","Defend_B","Defend_B","Defend_B","Defend_B","Zap+1","Dualcast+1","FTL","Skim","Fusion","Conserve Battery","Rip and Tear","Ball Lightning+1","Streamline+1","Streamline+1","Creative AI","Rebound+1"],"relics":["Cracked Core","Girya","Boot","Molten Egg 2","Meat on the Bone","Inserter"],"potions_floor_usage":[12,16,19,19],"damage_taken":[{"damage":0,"enemies":"Cultist","floor":1,"turns":3},{"damage":0,"enemies":"Jaw Worm","floor":2,"turns":3},{"damage":2,"enemies":"Small Slimes","floor":3,"turns":3},{"damage":5,"enemies":"2 Fungi Beasts","floor":4,"turns":4},{"damage":7,"enemies":"Looter","floor":5,"turns":4},{"damage":36,"enemies":"Lagavulin","floor":7,"turns":8},{"damage":13,"enemies":"Exordium Wildlife","floor":11,"turns":3},{"damage":21,"enemies":"Gremlin Nob","floor":12,"turns":4},{"damage":0,"enemies":"Exordium Thugs","floor":14,"turns":3},{"damage":14,"enemies":"The Guardian","floor":16,"turns":10},{"damage":6,"enemies":"Spheric Guardian","floor":18,"turns":3},{"damage":73,"floor":19,"turns":3}],"seed_played":"-2062972712985997074","potions_obtained":[{"floor":1,"key":"Energy Potion"},{"floor":2,"key":"Strength Potion"},{"floor":4,"key":"Energy Potion"},{"floor":12,"key":"Dexterity Potion"},{"floor":14,"key":"Ancient Potion"},{"floor":18,"key":"FearPotion"}],"is_trial":false,"path_per_floor":["M","M","M","M","M","R","E","R","T","?","M","E","?","M","R","B",null,"M"],"character_chosen":"DEFECT","items_purchased":[],"campfire_rested":0,"item_purchase_floors":[],"current_hp_per_floor":[68,68,66,61,54,54,18,18,18,43,30,9,27,39,39,37,66,60,0],"gold":241,"neow_bonus":"ONE_RARE_RELIC","is_prod":false,"is_daily":false,"chose_seed":false,"campfire_upgraded":2,"win_rate":0,"timestamp":1532400970,"path_taken":["M","?","M","M","M","R","E","R","T","?","M","E","?","?","R","BOSS","M","?"],"build_version":"2018-07-19v2","purchased_purges":0,"victory":false,"max_hp_per_floor":[75,75,75,75,75,75,75,75,75,75,75,75,75,75,75,75,75,75,75],"card_choices":[{"not_picked":["Gash","Sweeping Beam"],"picked":"FTL","floor":1},{"not_picked":["Scrape","Beam Cell"],"picked":"Skim","floor":2},{"not_picked":["Redo","Chaos"],"picked":"Fusion","floor":3},{"not_picked":["Beam Cell","Streamline"],"picked":"Conserve Battery","floor":4},{"not_picked":["Streamline","Multi-Cast","Scrape"],"picked":"SKIP","floor":5},{"not_picked":["Lockon","Beam Cell"],"picked":"Rip and Tear","floor":7},{"not_picked":["Sweeping Beam+1","Coolheaded"],"picked":"Ball Lightning+1","floor":11},{"not_picked":["Leap","Skim"],"picked":"Streamline+1","floor":12},{"not_picked":["Tempest","Chaos"],"picked":"Streamline+1","floor":14},{"not_picked":["Amplify","Seek"],"picked":"Creative AI","floor":16},{"not_picked":["Turbo","Steam"],"picked":"Rebound+1","floor":18}],"player_experience":275264,"relics_obtained":[{"floor":7,"key":"Boot"},{"floor":9,"key":"Molten Egg 2"},{"floor":12,"key":"Meat on the Bone"}],"event_choices":[{"event_name":"Big Fish","player_choice":"Banana","floor":10,"damage_taken":0},{"event_name":"The Cleric","player_choice":"Healed","floor":13,"damage_taken":0},{"event_name":"Masked Bandits","player_choice":"Fought over 241 gold","floor":19,"damage_taken":0}],"is_beta":false,"boss_relics":[{"not_picked":["FrozenCore","Black Star"],"picked":"Inserter"}],"items_purged_floors":[],"is_endless":false,"potions_floor_spawned":[1,2,4,12,14,18],"ascension_level":6}