{"gold_per_floor":[10,10,24,24,37,56,56,56,131,106,121,145,145,159,159,159],"floor_reached":16,"playtime":1366,"items_purged":[],"score":96,"play_id":"75ab2a77-812c-4b2e-8489-bcfe3a30f5de","local_time":"20190802123728","is_ascension_mode":false,"campfire_choices":[{"data":"Metallicize","floor":7,"key":"SMITH"},{"floor":13,"key":"REST"},{"data":"Combust","floor":15,"key":"SMITH"}],"neow_cost":"NO_GOLD","seed_source_timestamp":41821655824406,"circlet_count":0,"master_deck":["Strike_R+1","Strike_R","Strike_R","Defend_R","Defend_R+1","Defend_R","Defend_R","Bash","Warcry","Twin Strike","Combust+1","Metallicize+1","Entrench","Bloodletting","Sword Boomerang","Ghostly Armor"],"relics":["Burning Blood","Golden Idol","Ornamental Fan"],"potions_floor_usage":[16],"damage_taken":[{"damage":16,"enemies":"Jaw Worm","floor":1,"turns":5},{"damage":3,"enemies":"Small Slimes","floor":3,"turns":3},{"damage":5,"enemies":"2 Louse","floor":5,"turns":3},{"damage":6,"enemies":"Exordium Wildlife","floor":6,"turns":4},{"damage":15,"enemies":"Exordium Thugs","floor":10,"turns":5},{"damage":9,"enemies":"Looter","floor":11,"turns":5},{"damage":22,"enemies":"Lots of Slimes","floor":12,"turns":4},{"damage":8,"enemies":"Blue Slaver","floor":14,"turns":4},{"damage":79,"enemies":"The Guardian","floor":16,"turns":17}],"seed_played":"6876344237759741447","potions_obtained":[{"floor":1,"key":"BloodPotion"},{"floor":10,"key":"GamblersBrew"},{"floor":11,"key":"FearPotion"},{"floor":12,"key":"Ancient Potion"}],"is_trial":false,"path_per_floor":["M","?","M","?","M","M","R","?","T","M","M","M","R","M","R","B"],"character_chosen":"IRONCLAD","items_purchased":[],"campfire_rested":1,"item_purchase_floors":[],"current_hp_per_floor":[70,50,53,37,38,38,38,64,64,55,52,36,60,58,58,0],"gold":159,"neow_bonus":"REMOVE_TWO","is_prod":false,"is_daily":false,"chose_seed":false,"campfire_upgraded":2,"win_rate":0.0,"timestamp":1564742248,"path_taken":["M","?","M","?","M","M","R","?","T","M","M","M","R","M","R","BOSS"],"build_version":"2019-07-17","purchased_purges":0,"victory":false,"max_hp_per_floor":[80,80,80,80,80,80,80,80,80,80,80,80,80,80,80,80],"card_choices":[{"not_picked":["Clash","Clothesline"],"picked":"Warcry","floor":1},{"not_picked":["Thunderclap","True Grit"],"picked":"Twin Strike","floor":3},{"not_picked":["Cleave","Heavy Blade"],"picked":"Combust","floor":5},{"not_picked":["True Grit","Rupture"],"picked":"Metallicize","floor":6},{"not_picked":["Cleave","True Grit"],"picked":"Entrench","floor":10},{"not_picked":["Perfected Strike","Burning Pact"],"picked":"Bloodletting","floor":11},{"not_picked":["Flex","Shockwave"],"picked":"Sword Boomerang","floor":12},{"not_picked":["Armaments","Shrug It Off"],"picked":"Ghostly Armor","floor":14}],"player_experience":11473,"relics_obtained":[{"floor":9,"key":"Ornamental Fan"}],"event_choices":[{"damage_healed":0,"gold_gain":0,"player_choice":"Take Damage","damage_taken":20,"relics_obtained":["Golden Idol"],"max_hp_gain":0,"max_hp_loss":0,"event_name":"Golden Idol","floor":2,"gold_loss":0},{"damage_healed":0,"gold_gain":0,"player_choice":"Entered Light","damage_taken":16,"max_hp_gain":0,"max_hp_loss":0,"event_name":"Shining Light","floor":4,"gold_loss":0,"cards_upgraded":["Strike_R","Defend_R"]},{"damage_healed":26,"gold_gain":0,"player_choice":"Banana","damage_taken":0,"max_hp_gain":0,"max_hp_loss":0,"event_name":"Big Fish","floor":8,"gold_loss":0}],"is_beta":false,"boss_relics":[],"items_purged_floors":[],"is_endless":false,"potions_floor_spawned":[1,10,11,12],"killed_by":"The Guardian","ascension_level":0}