{"gold_per_floor":[14,24,99,99,99,99,114,152,240,287,315,345,60],"floor_reached":13,"playtime":603,"items_purged":["Apotheosis"],"score":114,"play_id":"983a41e8-e197-4e9d-b64e-67e5c63936c2","local_time":"20180721153951","is_ascension_mode":true,"campfire_choices":[],"neow_cost":"NO_GOLD","seed_source_timestamp":3542015230554,"circlet_count":0,"master_deck":["Strike_R","Strike_R","Strike_R","Defend_R","Defend_R","Defend_R","Defend_R","Bash","Cleave","Anger","Armaments","Rampage","Spot Weakness","Pommel Strike","Shrug It Off"],"relics":["Burning Blood","Torii","Golden Idol","MawBank","Paper Frog","Shuriken"],"potions_floor_usage":[10],"damage_taken":[{"damage":1,"enemies":"Cultist","floor":1,"turns":3},{"damage":6,"enemies":"2 Louse","floor":2,"turns":2},{"damage":0,"enemies":"Small Slimes","floor":7,"turns":2},{"damage":17,"enemies":"Lagavulin","floor":8,"turns":6},{"damage":9,"enemies":"3 Sentries","floor":10,"turns":7},{"damage":1,"enemies":"Gremlin Gang","floor":11,"turns":3},{"damage":11,"enemies":"2 Fungi Beasts","floor":12,"turns":3}],"seed_played":"-1054233199310972844","potions_obtained":[{"floor":1,"key":"Fire Potion"},{"floor":8,"key":"FearPotion"},{"floor":10,"key":"SteroidPotion"},{"floor":12,"key":"SkillPotion"}],"is_trial":false,"path_per_floor":["M","M","?","?","?","?","M","E","T","E","M","M"],"character_chosen":"IRONCLAD","items_purchased":["Apotheosis","Shrug It Off"],"campfire_rested":0,"item_purchase_floors":[13,13],"current_hp_per_floor":[80,80,69,69,69,49,55,44,44,41,46,41,41],"gold":60,"neow_bonus":"ONE_RARE_RELIC","is_prod":false,"is_daily":false,"chose_seed":false,"campfire_upgraded":0,"win_rate":0,"timestamp":1532201991,"path_taken":["M","M","?","?","?","?","?","E","T","E","M","M","?"],"build_version":"2018-07-19v2","purchased_purges":1,"victory":false,"max_hp_per_floor":[80,80,80,80,80,80,80,80,80,80,80,80,80],"card_choices":[{"not_picked":["Rage","Warcry"],"picked":"Cleave","floor":1},{"not_picked":["Ghostly Armor","Whirlwind"],"picked":"Anger","floor":2},{"not_picked":["Twin Strike","Thunderclap"],"picked":"Armaments","floor":7},{"not_picked":["Blood for Blood","Flame Barrier"],"picked":"Rampage","floor":8},{"not_picked":["Dark Embrace","Havoc"],"picked":"Spot Weakness","floor":10},{"not_picked":["Havoc","Sentinel"],"picked":"Pommel Strike","floor":11},{"not_picked":["Thunderclap","Iron Wave","Combust"],"picked":"SKIP","floor":12}],"player_experience":217723,"relics_obtained":[{"floor":8,"key":"MawBank"},{"floor":9,"key":"Paper Frog"},{"floor":10,"key":"Shuriken"}],"event_choices":[{"event_name":"World of Goop","player_choice":"Gather Gold","floor":3,"damage_taken":0},{"event_name":"Bonfire Elementals","player_choice":"BASIC","floor":4,"damage_taken":0},{"event_name":"Living Wall","player_choice":"Forget","floor":5,"damage_taken":0},{"event_name":"Golden Idol","player_choice":"Take Damage","floor":6,"damage_taken":0}],"is_beta":false,"boss_relics":[],"items_purged_floors":[13],"is_endless":false,"potions_floor_spawned":[1,8,10,12],"ascension_level":4}