{"gold_per_floor":[119,139,139,109,120,445,445,520,520,535,535,562,562,574,574,574],"floor_reached":16,"playtime":486,"items_purged":[],"score":193,"play_id":"f21cb423-6609-44f9-931e-b474ebf69ac7","local_time":"20190730142044","is_ascension_mode":true,"campfire_choices":[{"data":"Zap","floor":7,"key":"SMITH"},{"data":"Go for the Eyes","floor":11,"key":"SMITH"},{"floor":13,"key":"REST"},{"data":"Dualcast","floor":15,"key":"SMITH"}],"neow_cost":"NONE","seed_source_timestamp":309854986064570,"circlet_count":0,"master_deck":["AscendersBane","Strike_B","Strike_B","Strike_B","Defend_B","Defend_B","Defend_B","Defend_B","Zap+1","Dualcast+1","Conserve Battery","Cold Snap","Go for the Eyes+1","Meteor Strike","Turbo","Undo","Auto Shields"],"relics":["Cracked Core","NeowsBlessing","Old Coin","Pocketwatch","Dodecahedron"],"potions_floor_usage":[6,6,16],"damage_taken":[{"damage":0,"enemies":"Cultist","floor":1,"turns":1},{"damage":0,"enemies":"Small Slimes","floor":2,"turns":1},{"damage":0,"enemies":"Jaw Worm","floor":5,"turns":1},{"damage":12,"enemies":"Gremlin Nob","floor":6,"turns":4},{"damage":20,"enemies":"Lots of Slimes","floor":10,"turns":4},{"damage":13,"enemies":"Lagavulin","floor":12,"turns":8},{"damage":1,"enemies":"Blue Slaver","floor":14,"turns":3},{"damage":25,"enemies":"Hexaghost","floor":16,"turns":14}],"seed_played":"2296902058391382246","potions_obtained":[{"floor":4,"key":"Fire Potion"},{"floor":4,"key":"FocusPotion"},{"floor":12,"key":"PowerPotion"}],"is_trial":false,"path_per_floor":["M","M","?","?","M","E","R","?","T","M","R","E","R","M","R","B"],"character_chosen":"DEFECT","items_purchased":[],"campfire_rested":1,"item_purchase_floors":[],"current_hp_per_floor":[64,64,57,57,57,45,45,34,34,14,14,1,22,21,21,0],"gold":574,"neow_bonus":"THREE_ENEMY_KILL","is_prod":false,"is_daily":false,"chose_seed":false,"campfire_upgraded":3,"win_rate":0,"timestamp":1564510844,"path_taken":["M","?","?","?","?","E","R","?","T","M","R","E","R","M","R","BOSS"],"build_version":"2019-07-17","purchased_purges":0,"victory":false,"max_hp_per_floor":[71,71,71,71,71,71,71,71,71,71,71,71,71,71,71,71],"card_choices":[{"not_picked":["Steam","Rebound"],"picked":"Conserve Battery","floor":1},{"not_picked":["Beam Cell","Gash"],"picked":"Cold Snap","floor":2},{"not_picked":["Fusion","Hello World"],"picked":"Go for the Eyes","floor":5},{"not_picked":["Consume","Leap"],"picked":"Meteor Strike","floor":6},{"not_picked":["Stack","Barrage"],"picked":"Turbo","floor":10},{"not_picked":["Rebound","Darkness"],"picked":"Undo","floor":12},{"not_picked":["Darkness","Go for the Eyes"],"picked":"Auto Shields","floor":14}],"player_experience":1593030,"relics_obtained":[{"floor":6,"key":"Old Coin"},{"floor":9,"key":"Pocketwatch"},{"floor":12,"key":"Dodecahedron"}],"event_choices":[{"cards_removed":["Strike_B"],"damage_healed":0,"gold_gain":0,"player_choice":"Card Removal","damage_taken":7,"max_hp_gain":0,"max_hp_loss":0,"event_name":"Golden Wing","floor":3,"gold_loss":0},{"damage_healed":0,"gold_gain":0,"player_choice":"Bought 2 Potions","damage_taken":0,"max_hp_gain":0,"max_hp_loss":0,"event_name":"The Woman in Blue","floor":4,"gold_loss":0},{"damage_healed":0,"gold_gain":75,"player_choice":"Gather Gold","damage_taken":11,"max_hp_gain":0,"max_hp_loss":0,"event_name":"World of Goop","floor":8,"gold_loss":0}],"is_beta":false,"boss_relics":[],"items_purged_floors":[],"is_endless":false,"potions_floor_spawned":[5,12],"killed_by":"Hexaghost","ascension_level":15}