{"gold_per_floor":[111,186,203,222,74,107,107,139,193,228,228,240,240,269,269,364,364,378,392,41,41,16,16,16,16,39,71,86,86,104,104,104,205,205,222,71,71,71,171,204,204,220,220,43,0,0,0,13,13,13],"floor_reached":51,"playtime":1868,"items_purged":["Defend_R","Defend_R","Shame"],"score":984,"play_id":"51ef5f85-2b96-458a-98cd-3858c2bb9308","local_time":"20190804104100","is_ascension_mode":true,"campfire_choices":[{"data":"Perfected Strike","floor":7.0,"key":"SMITH"},{"data":"Bash","floor":13.0,"key":"SMITH"},{"data":"Disarm","floor":15.0,"key":"SMITH"},{"data":"True Grit","floor":23.0,"key":"SMITH"},{"data":"Exhume","floor":25.0,"key":"SMITH"},{"data":"Perfected Strike","floor":32.0,"key":"SMITH"},{"data":"Evolve","floor":41,"key":"SMITH"},{"data":"Perfected Strike","floor":49,"key":"SMITH"}],"neow_cost":"NONE","seed_source_timestamp":289576485619147,"circlet_count":0,"master_deck":["Strike_R+1","Strike_R+1","Strike_R+1","Strike_R+1","Strike_R+1","Defend_R+1","Defend_R+1","Bash+1","Perfected Strike+1","Shrug It Off","Evolve+1","Twin Strike","Shrug It Off","Disarm+1","Twin Strike","Burning Pact","Flame Barrier+1","Exhume+1","Spot Weakness","True Grit+1","Writhe","Twin Strike+1","Perfected Strike+1","Disarm","Trip","Impatience","Perfected Strike+1","Pommel Strike","Wild Strike"],"special_seed":0,"relics":["Burning Blood","NeowsBlessing","Blue Candle","Boot","Art of War","Pantograph","Gremlin Horn","War Paint","Cursed Key","Paper Frog","Pear","Omamori","Ornamental Fan","Mark of Pain","Pen Nib","FossilizedHelix","Bottled Tornado","Sundial","Red Mask"],"potions_floor_usage":[42,50,50,50],"damage_taken":[{"damage":0.0,"enemies":"Jaw Worm","floor":1.0,"turns":1.0},{"damage":0.0,"enemies":"Cultist","floor":3.0,"turns":1.0},{"damage":0.0,"enemies":"2 Louse","floor":4.0,"turns":1.0},{"damage":32.0,"enemies":"Gremlin Nob","floor":6.0,"turns":4.0},{"damage":10.0,"enemies":"Lagavulin","floor":8.0,"turns":5.0},{"damage":6.0,"enemies":"Gremlin Nob","floor":10.0,"turns":3.0},{"damage":0.0,"enemies":"Exordium Wildlife","floor":12.0,"turns":3.0},{"damage":28.0,"enemies":"Lagavulin","floor":14.0,"turns":6.0},{"damage":19.0,"enemies":"Slime Boss","floor":16.0,"turns":9.0},{"damage":14.0,"enemies":"Shell Parasite","floor":18.0,"turns":4.0},{"damage":0.0,"enemies":"Spheric Guardian","floor":19.0,"turns":4.0},{"damage":10.0,"enemies":"Book of Stabbing","floor":27.0,"turns":5.0},{"damage":12.0,"enemies":"Snecko","floor":28.0,"turns":5.0},{"damage":24.0,"enemies":"Snake Plant","floor":30.0,"turns":3.0},{"damage":81.0,"enemies":"Champ","floor":33.0,"turns":11.0},{"damage":20.0,"enemies":"3 Shapes","floor":35.0,"turns":4.0},{"damage":0,"enemies":"Mind Bloom Boss Battle","floor":39,"turns":6},{"damage":36,"enemies":"Nemesis","floor":40,"turns":6},{"damage":0,"enemies":"3 Darklings","floor":42,"turns":5},{"damage":0,"enemies":"Sphere and 2 Shapes","floor":48,"turns":5},{"damage":43,"enemies":"Time Eater","floor":50,"turns":6}],"seed_played":"7444233381912884992","potions_obtained":[{"floor":3.0,"key":"FearPotion"},{"floor":6.0,"key":"PowerPotion"},{"floor":10.0,"key":"Poison Potion"},{"floor":19.0,"key":"Regen Potion"},{"floor":30.0,"key":"Poison Potion"},{"floor":33.0,"key":"Block Potion"},{"floor":39,"key":"SkillPotion"},{"floor":40,"key":"Fire Potion"},{"floor":48,"key":"Explosive Potion"}],"is_trial":false,"path_per_floor":["M","?","M","M","$","E","R","E","T","E","T","M","R","E","R","B",null,"M","M","$","?","$","R","T","R","T","E","M","?","M","?","R","B",null,"M","$","?","?","?","E","R","M","T","$","?","?","$","M","R","B",null],"character_chosen":"IRONCLAD","items_purchased":["Twin Strike","Shrug It Off","Paper Frog","True Grit","Pen Nib","Wild Strike"],"campfire_rested":0,"item_purchase_floors":[5,5,20,22,36,44],"current_hp_per_floor":[78,70,76,80,80,54,54,50,50,50,50,56,56,34,34,46,72,64,70,70,70,70,70,80,80,80,76,70,70,52,52,52,7,69,55,55,55,45,76,46,46,52,52,52,52,52,52,58,58,46],"gold":13,"neow_bonus":"THREE_ENEMY_KILL","is_prod":false,"is_daily":false,"chose_seed":false,"campfire_upgraded":8,"win_rate":0,"timestamp":1564882860,"path_taken":["M","?","?","M","$","E","R","E","T","E","?","M","R","E","R","BOSS","M","M","$","?","$","R","?","R","T","E","M","?","M","?","R","BOSS","M","$","?","?","?","E","R","M","T","$","?","?","?","?","R","BOSS"],"build_version":"2019-07-17","purchased_purges":3,"victory":true,"max_hp_per_floor":[80,80,80,80,80,80,80,80,80,80,80,80,80,80,80,80,80,80,80,80,80,80,80,90,90,90,90,90,90,90,90,90,90,90,90,90,90,90,90,90,90,90,90,90,90,90,90,90,90,90],"card_choices":[{"not_picked":["Wild Strike","Pommel Strike"],"picked":"Perfected Strike","floor":1.0},{"not_picked":["Reaper","Heavy Blade"],"picked":"Shrug It Off","floor":3.0},{"not_picked":["Shrug It Off","Fire Breathing"],"picked":"Evolve","floor":4.0},{"not_picked":["Spot Weakness","Iron Wave"],"picked":"Disarm","floor":6.0},{"not_picked":["Warcry","Blood for Blood"],"picked":"Twin Strike","floor":8.0},{"not_picked":["Uppercut","Entrench","Headbutt"],"picked":"SKIP","floor":10.0},{"not_picked":["Seeing Red","Thunderclap"],"picked":"Burning Pact","floor":12.0},{"not_picked":["Havoc","Burning Pact"],"picked":"Flame Barrier","floor":14.0},{"not_picked":["Fiend Fire","Bludgeon"],"picked":"Exhume","floor":16.0},{"not_picked":["Reckless Charge+1","Headbutt+1"],"picked":"Shrug It Off","floor":18.0},{"not_picked":["Anger","Iron Wave"],"picked":"Spot Weakness","floor":19.0},{"not_picked":["Pummel","Rage"],"picked":"Twin Strike+1","floor":27.0},{"not_picked":["Armaments+1","Flex+1"],"picked":"Perfected Strike","floor":28.0},{"not_picked":["True Grit","Reckless Charge"],"picked":"Disarm","floor":30.0},{"not_picked":["Shockwave+1","Anger+1","Inflame"],"picked":"SKIP","floor":35.0},{"not_picked":["Flash of Steel","Madness"],"picked":"Trip","floor":38},{"not_picked":["Trip","Discovery"],"picked":"Impatience","floor":38},{"not_picked":["Headbutt+1","Anger"],"picked":"Perfected Strike","floor":39},{"not_picked":["Sentinel","Reaper"],"picked":"Pommel Strike","floor":40},{"not_picked":["Iron Wave+1","Sentinel","Warcry"],"picked":"SKIP","floor":42},{"not_picked":["Rupture+1","Clothesline+1","Hemokinesis+1"],"picked":"SKIP","floor":48}],"player_experience":246761,"relics_obtained":[{"floor":6.0,"key":"Blue Candle"},{"floor":8.0,"key":"Boot"},{"floor":9.0,"key":"Art of War"},{"floor":10.0,"key":"Pantograph"},{"floor":11.0,"key":"Gremlin Horn"},{"floor":14.0,"key":"War Paint"},{"floor":24.0,"key":"Pear"},{"floor":26.0,"key":"Omamori"},{"floor":27.0,"key":"Ornamental Fan"},{"floor":39,"key":"FossilizedHelix"},{"floor":40,"key":"Bottled Tornado"},{"floor":43,"key":"Sundial"}],"event_choices":[{"damage_healed":0.0,"max_hp_gain":0.0,"max_hp_loss":0.0,"gold_gain":75.0,"event_name":"FaceTrader","player_choice":"Touch","floor":2.0,"gold_loss":0.0,"damage_taken":8.0},{"damage_healed":0.0,"max_hp_gain":0.0,"max_hp_loss":0.0,"gold_gain":0.0,"event_name":"Cursed Tome","player_choice":"Ignored","floor":21.0,"gold_loss":0.0,"damage_taken":0.0},{"damage_healed":0.0,"max_hp_gain":0.0,"max_hp_loss":0.0,"gold_gain":0.0,"event_name":"Back to Basics","player_choice":"Simplicity","floor":29.0,"gold_loss":0.0,"damage_taken":0.0,"cards_upgraded":["Strike_R","Strike_R","Strike_R","Strike_R","Strike_R","Defend_R"]},{"damage_healed":0.0,"max_hp_gain":0.0,"max_hp_loss":0.0,"gold_gain":0.0,"event_name":"Vampires","player_choice":"Ignored","floor":31.0,"gold_loss":0.0,"damage_taken":0.0},{"damage_healed":0,"gold_gain":0,"player_choice":"Ignored","damage_taken":0,"max_hp_gain":0,"max_hp_loss":0,"event_name":"Mysterious Sphere","floor":37,"gold_loss":0},{"damage_healed":0,"gold_gain":0,"player_choice":"Memory 3","damage_taken":10,"max_hp_gain":0,"max_hp_loss":0,"event_name":"SensoryStone","floor":38,"gold_loss":0},{"damage_healed":0,"gold_gain":0,"player_choice":"Fight","damage_taken":0,"max_hp_gain":0,"max_hp_loss":0,"event_name":"MindBloom","floor":39,"gold_loss":0},{"damage_healed":0,"gold_gain":0,"player_choice":"Paid","damage_taken":0,"relics_obtained":["Red Mask"],"max_hp_gain":0,"max_hp_loss":0,"event_name":"Tomb of Lord Red Mask","floor":45,"gold_loss":43},{"cards_removed":["Shrug It Off"],"damage_healed":0,"gold_gain":0,"player_choice":"Removed Skill","damage_taken":0,"max_hp_gain":0,"max_hp_loss":0,"event_name":"Falling","floor":46,"gold_loss":0}],"is_beta":false,"boss_relics":[{"not_picked":["Black Star","Eternal Feather"],"picked":"Cursed Key"},{"not_picked":["Runic Cube","Runic Dome"],"picked":"Mark of Pain"}],"items_purged_floors":[5,20,44],"is_endless":false,"potions_floor_spawned":[3,6,10,19,30,33,39,40,48],"ascension_level":7}