{"gold_per_floor":[112,112,125,125,125,125,135,168,244,244,244,279,292,100,100,199,199,185,185],"floor_reached":19,"playtime":1025,"items_purged":[],"score":228,"play_id":"46b882d4-7c0e-44fe-a8a8-011f7e814fc8","local_time":"20180723223644","is_ascension_mode":true,"campfire_choices":[{"floor":6,"key":"REST"},{"floor":11,"key":"REST"},{"data":"Apotheosis","floor":15,"key":"SMITH"}],"neow_cost":"NONE","seed_source_timestamp":200965084108854,"circlet_count":0,"master_deck":["Strike_B","Defend_B+1","Defend_B","Defend_B","Defend_B","Zap+1","Dualcast+1","Consume","Turbo","Capacitor","Defragment","Steam Power","Leap","Apotheosis+1","Meteor Strike","Coolheaded"],"relics":["Cracked Core","Regal Pillow","Art of War","Darkstone Periapt","Dodecahedron","Empty Cage"],"potions_floor_usage":[8,16],"damage_taken":[{"damage":0,"enemies":"2 Louse","floor":1,"turns":1},{"damage":17,"enemies":"Jaw Worm","floor":3,"turns":5},{"damage":0,"enemies":"Cultist","floor":7,"turns":3},{"damage":41,"enemies":"Gremlin Nob","floor":8,"turns":5},{"damage":25,"enemies":"Lagavulin","floor":12,"turns":7},{"damage":0,"enemies":"3 Louse","floor":13,"turns":3},{"damage":12,"enemies":"Hexaghost","floor":16,"turns":8},{"damage":24,"enemies":"2 Thieves","floor":18,"turns":5},{"damage":41,"enemies":"3 Byrds","floor":19,"turns":4}],"seed_played":"-923099011285698105","potions_obtained":[{"floor":1,"key":"Block Potion"},{"floor":13,"key":"Regen Potion"}],"is_trial":false,"path_per_floor":["M","?","M","$","?","R","M","E","T","?","R","E","M","$","R","B",null,"M"],"character_chosen":"DEFECT","items_purchased":["Apotheosis"],"campfire_rested":2,"item_purchase_floors":[14],"current_hp_per_floor":[68,50,33,33,18,55,55,14,14,14,51,26,26,26,26,29,64,40,0],"gold":185,"neow_bonus":"REMOVE_CARD","is_prod":false,"is_daily":false,"chose_seed":false,"campfire_upgraded":1,"win_rate":0,"timestamp":1532399804,"path_taken":["M","?","M","$","?","R","M","E","T","?","R","E","M","$","R","BOSS","M","M"],"build_version":"2018-07-19v2","purchased_purges":0,"victory":false,"max_hp_per_floor":[75,75,75,75,75,75,75,75,75,75,75,75,75,75,75,75,75,75,75],"card_choices":[{"not_picked":["Stack","Rebound"],"picked":"Consume","floor":1},{"not_picked":["Beam Cell","Redo"],"picked":"Turbo","floor":3},{"not_picked":["Compile Driver","Rebound"],"picked":"Capacitor","floor":7},{"not_picked":["Aggregate","Turbo"],"picked":"Defragment","floor":8},{"not_picked":["Gash","Beam Cell"],"picked":"Steam Power","floor":12},{"not_picked":["Stack","Compile Driver"],"picked":"Leap","floor":13},{"not_picked":["Biased Cognition","Buffer"],"picked":"Meteor Strike","floor":16},{"not_picked":["Leap+1","Gash"],"picked":"Coolheaded","floor":18}],"player_experience":274239,"relics_obtained":[{"floor":8,"key":"Art of War"},{"floor":9,"key":"Darkstone Periapt"},{"floor":12,"key":"Dodecahedron"}],"event_choices":[{"event_name":"Scrap Ooze","player_choice":"success","floor":2,"damage_taken":18},{"event_name":"Shining Light","player_choice":"Entered Light","floor":5,"damage_taken":0},{"event_name":"Living Wall","player_choice":"Grow","floor":10,"damage_taken":0}],"is_beta":false,"boss_relics":[{"not_picked":["Busted Crown","Runic Dome"],"picked":"Empty Cage"}],"items_purged_floors":[],"is_endless":false,"potions_floor_spawned":[1,13],"killed_by":"3 Byrds","ascension_level":6}