{"gold_per_floor":[109,120,136,136,149,149,190,34,34,34,34,34,52,52,52,178,178,196,196,248,18,32,32,32,50,75,3,16,16,16,34,34,34],"floor_reached":33,"playtime":2677,"items_purged":["Injury"],"score":247,"play_id":"51ac7ebb-4dca-4e77-b2ba-1d204001b377","local_time":"20190705160524","is_ascension_mode":false,"campfire_choices":[{"data":"Poisoned Stab","floor":6,"key":"SMITH"},{"floor":11,"key":"REST"},{"floor":15,"key":"REST"},{"data":"Apotheosis","floor":23,"key":"SMITH"},{"floor":32,"key":"REST"}],"neow_cost":"NONE","seed_source_timestamp":1344320800319700,"circlet_count":0,"master_deck":["Strike_G","Strike_G","Strike_G","Strike_G","Strike_G","Defend_G","Defend_G","Defend_G","Defend_G","Defend_G","Survivor","Neutralize","Poisoned Stab+1","All Out Attack","Dagger Spray","Heel Hook","Tactician","Dagger Spray","A Thousand Cuts","Deflect+1","Apotheosis+1","Dodge and Roll","Dagger Throw","Deadly Poison","Caltrops+1","Expertise","Crippling Poison"],"relics":["Ring of the Snake","NeowsBlessing","Bloody Idol","Anchor","Juzu Bracelet","Pear","Snecko Eye","MawBank","MutagenicStrength","Centennial Puzzle"],"potions_floor_usage":[7,16,16,22,22,28,30],"damage_taken":[{"damage":0,"enemies":"Jaw Worm","floor":1,"turns":1},{"damage":0,"enemies":"Small Slimes","floor":2,"turns":1},{"damage":0,"enemies":"Cultist","floor":3,"turns":1},{"damage":15,"enemies":"Exordium Thugs","floor":5,"turns":5},{"damage":34,"enemies":"Gremlin Nob","floor":7,"turns":5},{"damage":0,"enemies":"Gremlin Gang","floor":13,"turns":4},{"damage":64,"enemies":"Slime Boss","floor":16,"turns":10},{"damage":0,"enemies":"Chosen","floor":18,"turns":4},{"damage":28,"enemies":"3 Byrds","floor":22,"turns":6},{"damage":34,"enemies":"Shelled Parasite and Fungi","floor":25,"turns":6},{"damage":16,"enemies":"Cultist and Chosen","floor":28,"turns":6},{"damage":1,"enemies":"Snake Plant","floor":30,"turns":3},{"damage":1,"enemies":"Chosen and Byrds","floor":31,"turns":4},{"damage":62,"enemies":"Collector","floor":33,"turns":5}],"seed_played":"-4483991169031543181","potions_obtained":[{"floor":2,"key":"EntropicBrew"},{"floor":13,"key":"LiquidBronze"},{"floor":18,"key":"Block Potion"},{"floor":22,"key":"SmokeBomb"}],"is_trial":false,"path_per_floor":["M","M","M","?","M","R","E","$","T","?","R","?","M","?","R","B",null,"M","?","T","$","M","R","?","M","T","$","M","?","M","M","R","B"],"character_chosen":"THE_SILENT","items_purchased":["Tactician","Apotheosis","Dodge and Roll","Dagger Throw","GhostInAJar"],"campfire_rested":3,"item_purchase_floors":[8,21,21,21,27],"current_hp_per_floor":[70,70,70,70,55,55,21,21,21,13,37,63,63,63,80,16,80,80,80,80,80,66,66,66,37,42,42,31,31,30,34,58,0],"gold":34,"neow_bonus":"THREE_ENEMY_KILL","is_prod":false,"is_daily":false,"chose_seed":false,"campfire_upgraded":2,"win_rate":0.0,"timestamp":1562360724,"path_taken":["M","M","M","?","M","R","E","$","T","?","R","?","M","?","R","BOSS","M","?","?","$","M","R","?","M","T","$","M","?","M","M","R","BOSS"],"build_version":"2019-07-01","purchased_purges":1,"victory":false,"max_hp_per_floor":[70,70,70,70,70,70,70,70,70,80,80,80,80,80,80,80,80,80,80,80,80,80,80,80,80,80,80,80,80,80,80,80,80],"card_choices":[{"not_picked":["Sucker Punch","Deadly Poison"],"picked":"Poisoned Stab","floor":1},{"not_picked":["PiercingWail","Acrobatics"],"picked":"Masterful Stab","floor":2},{"not_picked":["Dagger Spray","Envenom"],"picked":"All Out Attack","floor":3},{"not_picked":["Footwork","Dagger Throw"],"picked":"Dagger Spray","floor":5},{"not_picked":["Slice","Deflect"],"picked":"Heel Hook","floor":7},{"not_picked":["Underhanded Strike","Calculated Gamble"],"picked":"Dagger Spray","floor":13},{"not_picked":["Envenom","Tools of the Trade"],"picked":"A Thousand Cuts","floor":16},{"not_picked":["All Out Attack","Distraction"],"picked":"Deflect+1","floor":18},{"not_picked":["Blur","Underhanded Strike"],"picked":"Deadly Poison","floor":22},{"not_picked":["Deadly Poison","Deflect"],"picked":"Caltrops+1","floor":25},{"not_picked":["Dagger Spray","Reflex"],"picked":"Expertise","floor":28},{"not_picked":["All Out Attack+1","Backflip"],"picked":"Crippling Poison","floor":31}],"player_experience":27697,"relics_obtained":[{"floor":7,"key":"Anchor"},{"floor":9,"key":"Juzu Bracelet"},{"floor":20,"key":"MawBank"},{"floor":26,"key":"Centennial Puzzle"}],"event_choices":[{"damage_healed":0,"gold_gain":0,"player_choice":"Take Wound","damage_taken":0,"relics_obtained":["Golden Idol"],"max_hp_gain":0,"max_hp_loss":0,"event_name":"Golden Idol","floor":4,"gold_loss":0,"cards_obtained":["Injury"]},{"damage_healed":0,"gold_gain":0,"player_choice":"Success","damage_taken":18,"relics_obtained":["Pear"],"max_hp_gain":0,"max_hp_loss":0,"event_name":"Scrap Ooze","floor":10,"gold_loss":0},{"damage_healed":26,"gold_gain":0,"player_choice":"Banana","damage_taken":0,"max_hp_gain":0,"max_hp_loss":0,"event_name":"Big Fish","floor":12,"gold_loss":0},{"damage_healed":0,"gold_gain":0,"player_choice":"Bought 0 Potions","damage_taken":0,"max_hp_gain":0,"max_hp_loss":0,"event_name":"The Woman in Blue","floor":14,"gold_loss":0},{"damage_healed":0,"gold_gain":0,"player_choice":"Gave Idol","damage_taken":0,"relics_obtained":["Bloody Idol"],"max_hp_gain":0,"max_hp_loss":0,"event_name":"Forgotten Altar","floor":19,"relics_lost":["Golden Idol"],"gold_loss":0},{"damage_healed":0,"gold_gain":0,"player_choice":"Inject Mutagens","damage_taken":0,"relics_obtained":["MutagenicStrength"],"max_hp_gain":0,"max_hp_loss":0,"event_name":"Drug Dealer","floor":24,"gold_loss":0},{"cards_removed":["Masterful Stab"],"damage_healed":0,"gold_gain":0,"player_choice":"Elegance","damage_taken":0,"max_hp_gain":0,"max_hp_loss":0,"event_name":"Back to Basics","floor":29,"gold_loss":0}],"is_beta":false,"boss_relics":[{"not_picked":["Coffee Dripper","Fusion Hammer"],"picked":"Snecko Eye"}],"items_purged_floors":[8],"is_endless":false,"potions_floor_spawned":[2,13,18,22],"killed_by":"Collector","ascension_level":0}