{"gold_per_floor":[114,114,39,51,78,111,111,127,127,157,157,29,47,57,57,135,135,152,170,170,220,220,220,237,237],"floor_reached":25,"playtime":731,"items_purged":["Strike_B","Strike_B"],"score":472,"play_id":"b57d8397-3564-4324-abf4-12910351953c","local_time":"20190601012644","is_ascension_mode":true,"campfire_choices":[{"data":"Dualcast","floor":11.0,"key":"SMITH"},{"data":"Consume","floor":15.0,"key":"SMITH"},{"data":"Ghostly","floor":23,"key":"SMITH"}],"neow_cost":"NONE","seed_source_timestamp":111218753768115,"circlet_count":0,"master_deck":["AscendersBane","Defend_B","Defend_B","Defend_B","Zap+1","Dualcast+1","Glacier","BootSequence","Seek","Gash","Consume+1","Hologram","Core Surge","Undo","Turbo+1","Ghostly","Ghostly","Ghostly+1"],"special_seed":0,"relics":["Cracked Core","NeowsBlessing","Orichalcum","Dream Catcher","Cables","Strawberry","Empty Cage"],"potions_floor_usage":[19,19],"damage_taken":[{"damage":0.0,"enemies":"Small Slimes","floor":1.0,"turns":1.0},{"damage":0.0,"enemies":"Jaw Worm","floor":4.0,"turns":1.0},{"damage":0.0,"enemies":"Gremlin Nob","floor":6.0,"turns":1.0},{"damage":0.0,"enemies":"2 Louse","floor":8.0,"turns":3.0},{"damage":16.0,"enemies":"3 Sentries","floor":10.0,"turns":13.0},{"damage":0.0,"enemies":"Lots of Slimes","floor":13.0,"turns":5.0},{"damage":0.0,"enemies":"2 Fungi Beasts","floor":14.0,"turns":4.0},{"damage":18.0,"enemies":"The Guardian","floor":16.0,"turns":17.0},{"damage":1.0,"enemies":"Shell Parasite","floor":18.0,"turns":11.0},{"damage":17,"enemies":"2 Thieves","floor":19,"turns":4},{"damage":0,"enemies":"Shelled Parasite and Fungi","floor":24,"turns":14},{"damage":0,"enemies":"Slavers","floor":25,"turns":1}],"seed_played":"5009881851713783837","potions_obtained":[{"floor":1.0,"key":"Strength Potion"},{"floor":6.0,"key":"Energy Potion"},{"floor":10.0,"key":"FearPotion"},{"floor":19,"key":"Energy Potion"}],"is_trial":false,"path_per_floor":["M","?","$","M","T","E","?","M","T","E","R","$","M","M","R","B",null,"M","M","?","?","?","R","M","E"],"character_chosen":"DEFECT","items_purchased":["Gash"],"campfire_rested":0,"item_purchase_floors":[12],"current_hp_per_floor":[64,57,57,57,57,57,57,57,57,48,48,48,48,48,48,30,66,65,48,39,39,39,39,39,39],"gold":237,"neow_bonus":"THREE_ENEMY_KILL","is_prod":false,"is_daily":false,"chose_seed":false,"campfire_upgraded":3,"win_rate":0,"timestamp":1559323604,"path_taken":["M","?","$","M","?","E","?","?","T","E","R","$","M","M","R","BOSS","M","M","?","?","?","R","M","E"],"build_version":"2019-01-23","purchased_purges":2,"victory":false,"max_hp_per_floor":[71,71,71,71,71,71,71,71,71,78,78,78,78,78,78,78,78,78,78,39,39,39,39,39,39],"card_choices":[{"not_picked":["Genetic Algorithm","Go for the Eyes"],"picked":"Glacier","floor":1.0},{"not_picked":["Beam Cell","Stack"],"picked":"BootSequence","floor":4.0},{"not_picked":["Steam Power","Steam","Hologram"],"picked":"SKIP","floor":6.0},{"not_picked":["Redo","Double Energy","FTL"],"picked":"SKIP","floor":8.0},{"not_picked":["Scrape","Steam"],"picked":"Seek","floor":10.0},{"not_picked":["Glacier","Static Discharge"],"picked":"Consume","floor":13.0},{"not_picked":["Rebound","Cold Snap"],"picked":"Hologram","floor":14.0},{"not_picked":["Biased Cognition","Meteor Strike"],"picked":"Core Surge","floor":16.0},{"not_picked":["Compile Driver","Reprogram"],"picked":"Undo","floor":18.0},{"not_picked":["Cold Snap","Consume"],"picked":"Turbo","floor":19},{"not_picked":["Hello World","Redo+1","Streamline"],"picked":"SKIP","floor":24}],"player_experience":1817231,"relics_obtained":[{"floor":5.0,"key":"Orichalcum"},{"floor":6.0,"key":"Dream Catcher"},{"floor":9.0,"key":"Cables"},{"floor":10.0,"key":"Strawberry"}],"event_choices":[{"cards_removed":["Strike_B"],"damage_healed":0.0,"max_hp_gain":0.0,"max_hp_loss":0.0,"gold_gain":0.0,"event_name":"Golden Wing","player_choice":"Card Removal","floor":2.0,"gold_loss":0.0,"damage_taken":7.0},{"damage_healed":0.0,"max_hp_gain":0.0,"max_hp_loss":0.0,"gold_gain":0.0,"event_name":"Upgrade Shrine","player_choice":"Upgraded","floor":7.0,"gold_loss":0.0,"damage_taken":0.0,"cards_upgraded":["Zap"]},{"damage_healed":0,"gold_gain":0,"player_choice":"Became a Ghost","damage_taken":0,"max_hp_gain":0,"max_hp_loss":39,"event_name":"Ghosts","floor":20,"gold_loss":0,"cards_obtained":["Ghostly","Ghostly","Ghostly"]},{"damage_healed":0,"gold_gain":50,"player_choice":"Stole From Cult","damage_taken":0,"max_hp_gain":0,"max_hp_loss":0,"event_name":"Nest","floor":21,"gold_loss":0},{"damage_healed":0,"gold_gain":0,"player_choice":"Forge","damage_taken":0,"max_hp_gain":0,"max_hp_loss":0,"event_name":"Accursed Blacksmith","floor":22,"gold_loss":0,"cards_upgraded":["Turbo"]}],"is_beta":false,"boss_relics":[{"not_picked":["Sozu","Black Star"],"picked":"Empty Cage"}],"items_purged_floors":[3,12],"is_endless":false,"potions_floor_spawned":[1,6,10,14,18,19],"killed_by":"Slavers","ascension_level":20}