{"gold_per_floor":[111,111,130,143,143,143,154,154,204,204,204,204],"floor_reached":12,"playtime":258,"items_purged":[],"score":136,"play_id":"67c5b20b-edf2-44b5-ae32-8fa520af0d75","local_time":"20190603224454","is_ascension_mode":true,"campfire_choices":[{"data":"Sword Boomerang","floor":6,"key":"SMITH"},{"data":"Pummel","floor":8,"key":"SMITH"},{"floor":10,"key":"DIG"}],"neow_cost":"TEN_PERCENT_HP_LOSS","seed_source_timestamp":112995524466231,"circlet_count":0,"master_deck":["AscendersBane","Strike_R","Strike_R","Strike_R","Strike_R","Strike_R","Defend_R","Defend_R","Defend_R","Defend_R","Bash","Dropkick","Limit Break","Pummel+1","Sword Boomerang+1","Power Through","Shrug It Off"],"special_seed":0,"relics":["Burning Blood","Shovel","Juzu Bracelet","Ancient Tea Set","Omamori"],"potions_floor_usage":[12,12,12],"damage_taken":[{"damage":5.0,"enemies":"Small Slimes","floor":1.0,"turns":4.0},{"damage":7,"enemies":"Cultist","floor":3,"turns":4},{"damage":4,"enemies":"Jaw Worm","floor":4,"turns":3},{"damage":19,"enemies":"Blue Slaver","floor":7,"turns":6},{"damage":32,"enemies":"3 Sentries","floor":12,"turns":6}],"seed_played":"-2982195282313260150","potions_obtained":[{"floor":1.0,"key":"Weak Potion"},{"floor":3,"key":"EntropicBrew"}],"is_trial":false,"path_per_floor":["M","?","M","M","?","R","M","R","T","R","T","E"],"character_chosen":"IRONCLAD","items_purchased":[],"campfire_rested":0,"item_purchase_floors":[],"current_hp_per_floor":[68,68,67,68,73,73,60,60,60,60,60,28],"gold":204,"neow_bonus":"ONE_RARE_RELIC","is_prod":false,"is_daily":false,"chose_seed":false,"campfire_upgraded":2,"win_rate":0,"timestamp":1559573094,"path_taken":["M","?","?","M","?","R","M","R","T","R","?","E"],"build_version":"2019-01-23","purchased_purges":0,"victory":false,"max_hp_per_floor":[68,68,68,68,73,73,73,73,73,73,73,73],"card_choices":[{"not_picked":["Ghostly Armor","Thunderclap"],"picked":"Dropkick","floor":1.0},{"not_picked":["Infernal Blade","Iron Wave","Hemokinesis"],"picked":"SKIP","floor":3},{"not_picked":["Iron Wave","Body Slam"],"picked":"Power Through","floor":4},{"not_picked":["Warcry","Uppercut"],"picked":"Shrug It Off","floor":7}],"player_experience":1851617,"relics_obtained":[{"floor":9,"key":"Juzu Bracelet"},{"floor":10,"key":"Ancient Tea Set"},{"floor":11,"key":"Omamori"}],"event_choices":[{"damage_healed":0,"gold_gain":0,"player_choice":"3 cards matched","damage_taken":0,"max_hp_gain":0,"max_hp_loss":0,"event_name":"Match and Keep!","floor":2,"gold_loss":0,"cards_obtained":["Limit Break","Pummel","Sword Boomerang"]},{"damage_healed":0,"gold_gain":0,"player_choice":"Donut","damage_taken":0,"max_hp_gain":5,"max_hp_loss":0,"event_name":"Big Fish","floor":5,"gold_loss":0}],"is_beta":false,"boss_relics":[],"items_purged_floors":[],"is_endless":false,"potions_floor_spawned":[1,3],"killed_by":"3 Sentries","ascension_level":20}