{"gold_per_floor":[17,17,28,39,51,51,64,64,140,100,116,116,116,134,134,236,236,248,248,248,248],"floor_reached":21,"playtime":1350,"items_purged":[],"score":171,"play_id":"f262c0e6-d6ef-4231-b391-c60756399175","local_time":"20190228213230","is_ascension_mode":false,"campfire_choices":[{"data":"Burst","floor":6,"key":"SMITH"},{"data":"Dagger Spray","floor":12,"key":"SMITH"},{"floor":15,"key":"REST"}],"neow_cost":"NO_GOLD","seed_source_timestamp":99149711299798,"circlet_count":0,"master_deck":["Defend_G","Defend_G","Defend_G","Defend_G","Defend_G","Strike_G","Strike_G","Strike_G+1","Strike_G","Strike_G","Survivor","Neutralize","Tools of the Trade","Dagger Spray+1","Dagger Spray","Burst+1","Terror+1","Footwork","Deflect","Die Die Die","Distraction+1","RitualDagger"],"relics":["Ring of the Snake","Letter Opener","Ninja Scroll","Coffee Dripper"],"potions_floor_usage":[5,16,16,16],"damage_taken":[{"damage":9,"enemies":"Jaw Worm","floor":1,"turns":7},{"damage":0,"enemies":"2 Louse","floor":3,"turns":3},{"damage":0,"enemies":"Small Slimes","floor":4,"turns":2},{"damage":3,"enemies":"3 Louse","floor":5,"turns":2},{"damage":20,"enemies":"Exordium Thugs","floor":7,"turns":7},{"damage":0,"enemies":"Lots of Slimes","floor":11,"turns":1},{"damage":0,"enemies":"Looter","floor":14,"turns":2},{"damage":26,"enemies":"Hexaghost","floor":16,"turns":11},{"damage":0,"enemies":"3 Byrds","floor":18,"turns":4},{"damage":61,"enemies":"Chosen","floor":21,"turns":8}],"seed_played":"1501055820201646002","potions_obtained":[{"floor":1,"key":"Weak Potion"},{"floor":4,"key":"GamblersBrew"},{"floor":7,"key":"SteroidPotion"},{"floor":11,"key":"AttackPotion"},{"floor":18,"key":"LiquidBronze"}],"is_trial":false,"path_per_floor":["M","?","M","M","M","R","M","T","T","$","M","R","?","M","R","B",null,"M","?","?","M"],"character_chosen":"THE_SILENT","items_purchased":["Footwork"],"campfire_rested":1,"item_purchase_floors":[10],"current_hp_per_floor":[61,61,61,61,58,58,38,38,38,38,38,38,24,24,45,19,70,70,57,51,0],"gold":248,"neow_bonus":"THREE_RARE_CARDS","is_prod":false,"is_daily":false,"chose_seed":false,"campfire_upgraded":2,"win_rate":0,"timestamp":1551407550,"path_taken":["M","?","M","M","M","R","M","?","T","?","M","R","?","M","R","BOSS","M","?","?","?"],"build_version":"2019-01-23","purchased_purges":0,"victory":false,"max_hp_per_floor":[70,70,70,70,70,70,70,70,70,70,70,70,70,70,70,70,70,70,75,75,75],"card_choices":[{"not_picked":["Venomology","After Image"],"picked":"Tools of the Trade","floor":0},{"not_picked":["Leg Sweep","Expertise"],"picked":"Dagger Spray","floor":1},{"not_picked":["Heel Hook","Slice"],"picked":"Dagger Spray","floor":3},{"not_picked":["Slice","Crippling Poison"],"picked":"Burst","floor":4},{"not_picked":["Skewer","Expertise","Reflex"],"picked":"SKIP","floor":5},{"not_picked":["Skewer","Expertise","Reflex"],"picked":"SKIP","floor":5},{"not_picked":["Skewer","Masterful Stab"],"picked":"Terror","floor":7},{"not_picked":["Prepared","Bouncing Flask"],"picked":"Deflect","floor":11},{"not_picked":["Poisoned Stab","Bane","Catalyst"],"picked":"SKIP","floor":14},{"not_picked":["After Image","Unload"],"picked":"Die Die Die","floor":16},{"not_picked":["All Out Attack","Bane"],"picked":"Distraction+1","floor":18}],"player_experience":612125,"relics_obtained":[{"floor":8,"key":"Letter Opener"},{"floor":9,"key":"Ninja Scroll"}],"event_choices":[{"damage_healed":0,"gold_gain":0,"player_choice":"Ignored","damage_taken":0,"max_hp_gain":0,"max_hp_loss":0,"event_name":"Golden Wing","floor":2,"gold_loss":0},{"damage_healed":0,"gold_gain":0,"player_choice":"Entered Light","damage_taken":14,"max_hp_gain":0,"max_hp_loss":0,"event_name":"Shining Light","floor":13,"gold_loss":0,"cards_upgraded":["Strike_G","Terror"]},{"damage_healed":0,"gold_gain":0,"player_choice":"Shed Blood","damage_taken":18,"max_hp_gain":5,"max_hp_loss":0,"event_name":"Forgotten Altar","floor":19,"gold_loss":0},{"damage_healed":0,"gold_gain":0,"player_choice":"Joined the Cult","damage_taken":6,"max_hp_gain":0,"max_hp_loss":0,"event_name":"Nest","floor":20,"gold_loss":0,"cards_obtained":["RitualDagger"]}],"is_beta":false,"boss_relics":[{"not_picked":["Ring of the Serpent","Eternal Feather"],"picked":"Coffee Dripper"}],"items_purged_floors":[],"is_endless":false,"potions_floor_spawned":[1,4,7,11,18],"killed_by":"Chosen","ascension_level":0}