{"gold_per_floor":[110,130,142,154,3,3,336,336,411,411,424,449,292,292,292,292],"floor_reached":16,"playtime":419,"items_purged":["Strike_R","Strike_R"],"score":200,"play_id":"847133ab-ea63-4321-b5e7-c92982f080b4","local_time":"20190603225215","is_ascension_mode":true,"campfire_choices":[{"data":"Armaments","floor":6,"key":"SMITH"},{"data":"Battle Trance","floor":8,"key":"SMITH"},{"data":"Burning Pact","floor":10,"key":"SMITH"},{"data":"True Grit","floor":15,"key":"SMITH"}],"neow_cost":"NONE","seed_source_timestamp":113304016116702,"circlet_count":0,"master_deck":["AscendersBane","Strike_R","Strike_R","Strike_R","Defend_R","Defend_R","Defend_R","Defend_R","Bash","Battle Trance+1","Armaments+1","Uppercut","Burning Pact+1","Inflame","Body Slam","True Grit+1","Decay"],"relics":["Burning Blood","NeowsBlessing","Old Coin","Paper Frog","Odd Mushroom"],"potions_floor_usage":[12,16],"damage_taken":[{"damage":0,"enemies":"Cultist","floor":1,"turns":1},{"damage":0,"enemies":"Small Slimes","floor":2,"turns":1},{"damage":0,"enemies":"2 Louse","floor":3,"turns":1},{"damage":22,"enemies":"Looter","floor":4,"turns":3},{"damage":42,"enemies":"Lagavulin","floor":7,"turns":10},{"damage":9,"enemies":"Exordium Wildlife","floor":11,"turns":7},{"damage":16,"enemies":"The Mushroom Lair","floor":12,"turns":5},{"damage":1,"enemies":"Hexaghost","floor":16,"turns":7}],"seed_played":"653248511789237568","potions_obtained":[{"floor":4,"key":"Explosive Potion"},{"floor":7,"key":"GamblersBrew"},{"floor":12,"key":"Ancient Potion"}],"is_trial":false,"path_per_floor":["M","M","M","M","$","R","E","R","T","R","M","?","$","?","R","B"],"character_chosen":"IRONCLAD","items_purchased":["Uppercut","True Grit"],"campfire_rested":0,"item_purchase_floors":[5,13],"current_hp_per_floor":[74,75,75,59,59,59,23,23,23,23,20,10,10,10,10,9],"gold":292,"neow_bonus":"THREE_ENEMY_KILL","is_prod":false,"is_daily":false,"chose_seed":false,"campfire_upgraded":4,"win_rate":0,"timestamp":1559573535,"path_taken":["M","?","M","M","?","R","E","R","T","R","?","?","$","?","R","BOSS"],"build_version":"2019-01-23","purchased_purges":2,"victory":false,"max_hp_per_floor":[75,75,75,75,75,75,75,75,75,75,75,75,75,75,75,75],"card_choices":[{"not_picked":["Twin Strike","Wild Strike","Clothesline"],"picked":"SKIP","floor":1},{"not_picked":["Ghostly Armor","Iron Wave","Rupture"],"picked":"SKIP","floor":2},{"not_picked":["Headbutt","Sever Soul"],"picked":"Battle Trance","floor":3},{"not_picked":["Seeing Red","Entrench"],"picked":"Armaments","floor":4},{"not_picked":["Rupture","Headbutt"],"picked":"Burning Pact","floor":7},{"not_picked":["Pommel Strike","Blood for Blood"],"picked":"Inflame","floor":11},{"not_picked":["Headbutt","Clothesline"],"picked":"Body Slam","floor":12}],"player_experience":1851875,"relics_obtained":[{"floor":7,"key":"Old Coin"},{"floor":9,"key":"Paper Frog"},{"floor":12,"key":"Odd Mushroom"}],"event_choices":[{"damage_healed":0,"gold_gain":0,"player_choice":"Fought Mushrooms","damage_taken":0,"max_hp_gain":0,"max_hp_loss":0,"event_name":"Mushrooms","floor":12,"gold_loss":0},{"damage_healed":0,"gold_gain":0,"player_choice":"Cursed","damage_taken":0,"max_hp_gain":0,"max_hp_loss":0,"event_name":"Wheel of Change","floor":14,"gold_loss":0,"cards_obtained":["Decay"]}],"is_beta":false,"boss_relics":[],"items_purged_floors":[5,13],"is_endless":false,"potions_floor_spawned":[4,7,11,12],"killed_by":"Hexaghost","ascension_level":20}