{"gold_per_floor":[114,114,132,146,22,51,0,11,37,67,342,375,388,403,403,506,506,521,446,536,36,51,51,84,84,84,12,28,128,139,157,157,157],"floor_reached":33,"playtime":2228,"items_purged":["Strike_R","Shame"],"score":359,"play_id":"137024b8-032e-4ae2-a59c-62453ade5c62","local_time":"20190731231800","is_ascension_mode":true,"campfire_choices":[{"data":"Twin Strike","floor":15,"key":"SMITH"},{"data":"Shockwave","floor":23,"key":"SMITH"},{"data":"Iron Wave","floor":25,"key":"SMITH"},{"floor":32,"key":"REST"}],"neow_cost":"NONE","seed_source_timestamp":514415000660600,"circlet_count":0,"master_deck":["Strike_R","Strike_R","Strike_R","Defend_R+1","Defend_R+1","Defend_R","Defend_R","Bash","Twin Strike+1","Cleave","Clash","Pummel+1","Iron Wave+1","Shrug It Off","Infernal Blade","Rage","Clothesline","Infernal Blade","Immolate+1","Clumsy","Writhe","Flame Barrier+1","Shockwave+1","Impervious","Flex+1","Ghostly Armor"],"relics":["Burning Blood","Omamori","WarpedTongs","War Paint","Blood Vial","Regal Pillow","Shuriken","Calling Bell","Bag of Preparation","Pantograph","Mango","PreservedInsect","Oddly Smooth Stone","Whetstone","Ornamental Fan"],"potions_floor_usage":[6,12,12,13,16,22,22,24,28,28,33],"damage_taken":[{"damage":14,"enemies":"Small Slimes","floor":1,"turns":5},{"damage":0,"enemies":"Cultist","floor":3,"turns":4},{"damage":12,"enemies":"Jaw Worm","floor":4,"turns":3},{"damage":26,"enemies":"Lagavulin","floor":6,"turns":5},{"damage":0,"enemies":"Red Slaver","floor":8,"turns":3},{"damage":13,"enemies":"Gremlin Nob","floor":10,"turns":4},{"damage":17,"enemies":"3 Sentries","floor":12,"turns":5},{"damage":9,"enemies":"3 Louse","floor":13,"turns":2},{"damage":0,"enemies":"Large Slime","floor":14,"turns":7},{"damage":35,"enemies":"Hexaghost","floor":16,"turns":12},{"damage":22,"enemies":"2 Thieves","floor":18,"turns":3},{"damage":0,"enemies":"Chosen","floor":22,"turns":4},{"damage":29,"enemies":"Book of Stabbing","floor":24,"turns":5},{"damage":22,"enemies":"Centurion and Healer","floor":28,"turns":5},{"damage":0,"enemies":"3 Cultists","floor":30,"turns":3},{"damage":18,"enemies":"Snecko","floor":31,"turns":6},{"damage":116,"enemies":"Automaton","floor":33,"turns":12}],"seed_played":"779355338076275474","potions_obtained":[{"floor":3,"key":"LiquidBronze"},{"floor":4,"key":"Ancient Potion"},{"floor":10,"key":"GamblersBrew"},{"floor":12,"key":"Dexterity Potion"},{"floor":18,"key":"Fire Potion"},{"floor":22,"key":"Poison Potion"},{"floor":31,"key":"Strength Potion"}],"is_trial":false,"path_per_floor":["M","?","M","M","$","E","$","M","T","E","?","E","M","M","R","B",null,"M","?","?","$","M","R","E","R","T","$","M","?","M","M","R","B"],"character_chosen":"IRONCLAD","items_purchased":["Dexterity Potion","Iron Wave","PreservedInsect","Oddly Smooth Stone","Explosive Potion","Dexterity Potion","BloodPotion"],"campfire_rested":1,"item_purchase_floors":[5,7,21,21,21,21,27],"current_hp_per_floor":[72,72,78,72,72,52,52,58,58,53,53,44,43,51,51,24,80,66,66,48,48,56,56,35,35,35,35,44,44,52,42,85,0],"gold":157,"neow_bonus":"RANDOM_COMMON_RELIC","is_prod":false,"is_daily":false,"chose_seed":false,"campfire_upgraded":3,"win_rate":0,"timestamp":1564633080,"path_taken":["M","?","M","?","$","E","$","M","T","E","?","E","?","M","R","BOSS","M","?","?","$","M","R","E","R","T","$","?","?","M","M","R","BOSS"],"build_version":"2019-07-17","purchased_purges":2,"victory":false,"max_hp_per_floor":[80,80,80,80,80,80,80,80,80,80,80,80,80,80,80,80,94,94,94,94,94,94,94,94,94,94,94,94,94,94,94,94,94],"card_choices":[{"not_picked":["Sword Boomerang","Infernal Blade"],"picked":"Twin Strike","floor":1},{"not_picked":["Twin Strike","Heavy Blade"],"picked":"Cleave","floor":3},{"not_picked":["Cleave","Rupture"],"picked":"Clash","floor":4},{"not_picked":["Bloodletting","Headbutt"],"picked":"Pummel","floor":6},{"not_picked":["True Grit","Fire Breathing"],"picked":"Shrug It Off","floor":8},{"not_picked":["Perfected Strike","Twin Strike"],"picked":"Infernal Blade","floor":10},{"not_picked":["Searing Blow","Barricade"],"picked":"Rage","floor":12},{"not_picked":["Headbutt","Sword Boomerang"],"picked":"Clothesline","floor":13},{"not_picked":["Wild Strike","Flex"],"picked":"Infernal Blade","floor":14},{"not_picked":["Feed","Reaper"],"picked":"Immolate","floor":16},{"not_picked":["Body Slam","Wild Strike+1"],"picked":"Flame Barrier+1","floor":18},{"not_picked":["Heavy Blade","Rupture+1"],"picked":"Shockwave","floor":22},{"not_picked":["Dual Wield","Twin Strike"],"picked":"Impervious","floor":24},{"not_picked":["Warcry","Pommel Strike"],"picked":"Flex+1","floor":28},{"not_picked":["Heavy Blade","Havoc","Sword Boomerang"],"picked":"SKIP","floor":30},{"not_picked":["Metallicize","Disarm"],"picked":"Ghostly Armor","floor":31}],"player_experience":206268,"relics_obtained":[{"floor":6,"key":"War Paint"},{"floor":9,"key":"Blood Vial"},{"floor":10,"key":"Regal Pillow"},{"floor":12,"key":"Shuriken"},{"floor":17,"key":"Bag of Preparation"},{"floor":17,"key":"Pantograph"},{"floor":17,"key":"Mango"},{"floor":24,"key":"Whetstone"},{"floor":26,"key":"Ornamental Fan"}],"event_choices":[{"damage_healed":0,"gold_gain":0,"player_choice":"Rummage","damage_taken":0,"relics_obtained":["WarpedTongs"],"max_hp_gain":0,"max_hp_loss":0,"event_name":"Accursed Blacksmith","floor":2,"gold_loss":0,"cards_obtained":["Pain"]},{"damage_healed":0,"gold_gain":275,"player_choice":"Desecrate","damage_taken":0,"max_hp_gain":0,"max_hp_loss":0,"event_name":"Golden Shrine","floor":11,"gold_loss":0,"cards_obtained":["Regret"]},{"cards_removed":["Strike_R"],"damage_healed":0,"gold_gain":0,"player_choice":"Gave Gold","damage_taken":0,"max_hp_gain":0,"max_hp_loss":0,"event_name":"Beggar","floor":19,"gold_loss":75},{"damage_healed":0,"gold_gain":90,"player_choice":"GOLD ","damage_taken":18,"max_hp_gain":0,"max_hp_loss":0,"event_name":"Knowing Skull","floor":20,"potions_obtained":[],"gold_loss":0,"cards_obtained":[]},{"damage_healed":0,"gold_gain":100,"player_choice":"Pray","damage_taken":0,"max_hp_gain":0,"max_hp_loss":0,"event_name":"Golden Shrine","floor":29,"gold_loss":0}],"is_beta":false,"boss_relics":[{"not_picked":["Mark of Pain","Runic Dome"],"picked":"Calling Bell"}],"items_purged_floors":[5,21],"is_endless":false,"potions_floor_spawned":[3,4,10,12,18,22,31],"killed_by":"Automaton","ascension_level":5}