{"gold_per_floor":[114,129,129,148,167,186,186,14,64,83,258,258,277,296,296,421,421,440,116,135,154,173,173,173,192,192,192,211,230,230,33,33,158,158,177,196,196,196],"floor_reached":38,"playtime":5341,"items_purged":[],"score":549,"play_id":"5dcac38a-6848-4425-89ce-7202f0eb3591","local_time":"20180630165621","daily_mods":["Heirloom","Cursed Run","Terminal"],"is_ascension_mode":false,"campfire_choices":[{"data":"Streamline","floor":7,"key":"SMITH"},{"data":"Doom and Gloom","floor":12,"key":"SMITH"},{"data":"Auto Shields","floor":15,"key":"SMITH"},{"floor":24,"key":"REST"},{"floor":32,"key":"REST"}],"neow_cost":"","seed_source_timestamp":3548732469677221,"circlet_count":0,"master_deck":["Strike_B","Strike_B","Strike_B","Strike_B","Defend_B","Defend_B","Defend_B","Defend_B","Zap","Dualcast","Turbo","Streamline+1","Beam Cell","FTL","Auto Shields+1","Doom and Gloom+1","Skim","Self Repair","Capacitor","Echo Form","Loop","Hyperbeam","Injury","Decay","Hello World","Doom and Gloom","Panache","Flash of Steel","Skim+1","Streamline","Coolheaded","Stack+1","Stack","Doubt","Zap","Mind Blast","Conserve Battery+1","BootSequence","Clumsy","Melter","Amplify","Redo","Turbo","Pain","Rainbow","Aggregate","Redo+1","Apotheosis","Finesse","Jack Of All Trades"],"special_seed":17712,"relics":["Cursed Key","Darkstone Periapt","Du-Vu Doll","Torii","Golden Idol","Dream Catcher","Astrolabe","Emotion Chip","Nuclear Battery"],"potions_floor_usage":[5,6,14,20,22,33,38,38,38],"damage_taken":[{"damage":0,"enemies":"Cultist","floor":1,"turns":4},{"damage":0,"enemies":"2 Louse","floor":2,"turns":3},{"damage":1,"enemies":"Jaw Worm","floor":4,"turns":2},{"damage":1,"enemies":"Lots of Slimes","floor":5,"turns":3},{"damage":1,"enemies":"Red Slaver","floor":6,"turns":3},{"damage":4,"enemies":"Gremlin Gang","floor":10,"turns":3},{"damage":0,"enemies":"3 Louse","floor":13,"turns":2},{"damage":0,"enemies":"2 Fungi Beasts","floor":14,"turns":2},{"damage":17,"enemies":"The Guardian","floor":16,"turns":9},{"damage":24,"enemies":"3 Byrds","floor":18,"turns":6},{"damage":8,"enemies":"Shell Parasite","floor":20,"turns":3},{"damage":22,"enemies":"Centurion and Healer","floor":21,"turns":6},{"damage":11,"enemies":"Slaver and Parasite","floor":22,"turns":5},{"damage":21,"enemies":"Snake Plant","floor":25,"turns":4},{"damage":7,"enemies":"Centurion and Healer","floor":28,"turns":4},{"damage":3,"enemies":"Slaver and Parasite","floor":29,"turns":3},{"damage":50,"enemies":"Collector","floor":33,"turns":11},{"damage":0,"enemies":"Orb Walker","floor":35,"turns":3},{"damage":19,"enemies":"3 Shapes","floor":36,"turns":3},{"damage":18,"enemies":"3 Darklings","floor":38,"turns":4}],"seed_played":"-1755974802296634168","potions_obtained":[{"floor":2,"key":"GamblersBrew"},{"floor":4,"key":"Weak Potion"},{"floor":10,"key":"FocusPotion"},{"floor":13,"key":"SkillPotion"},{"floor":16,"key":"Regen Potion"},{"floor":18,"key":"Explosive Potion"},{"floor":21,"key":"Weak Potion"},{"floor":22,"key":"Fire Potion"},{"floor":29,"key":"Fruit Juice"},{"floor":36,"key":"FearPotion"}],"is_trial":false,"path_per_floor":["M","M","?","M","M","M","R","$","T","M","?","R","M","M","R","B",null,"M","$","M","M","M","?","R","M","T","?","M","M","?","$","R","B",null,"M","M","?"],"character_chosen":"DEFECT","items_purchased":["Doom and Gloom","Skim","Self Repair","Doom and Gloom","Panache","Flash of Steel","Melter","Amplify","Redo"],"campfire_rested":2,"item_purchase_floors":[8,8,8,19,19,19,31,31,31],"current_hp_per_floor":[73,72,54,53,52,51,51,51,57,60,66,66,66,72,71,67,93,76,76,77,62,51,51,77,63,69,69,69,66,72,72,90,46,94,93,81,71,58],"gold":196,"neow_bonus":"","is_prod":false,"is_daily":true,"chose_seed":false,"campfire_upgraded":3,"win_rate":0.0,"timestamp":1530345381,"path_taken":["M","M","?","M","?","M","R","?","T","?","?","R","M","M","R","BOSS","M","$","M","?","M","?","R","M","T","?","M","M","?","$","R","BOSS","M","M","?","M"],"build_version":"2018-06-28","purchased_purges":0,"victory":false,"max_hp_per_floor":[73,72,71,70,69,68,67,66,71,70,75,74,73,72,71,76,93,92,91,90,89,88,87,86,85,90,89,88,87,92,91,90,95,94,93,92,91,96],"card_choices":[{"not_picked":["Coolheaded","Darkness"],"picked":"Turbo","floor":1},{"not_picked":["Go for the Eyes","Conserve Battery"],"picked":"Streamline","floor":2},{"not_picked":["Biased Cognition","Go for the Eyes"],"picked":"Beam Cell","floor":4},{"not_picked":["Self Repair","Reinforced Body"],"picked":"FTL","floor":5},{"not_picked":["Steam","Ball Lightning"],"picked":"Auto Shields","floor":6},{"not_picked":["Leap","Aggregate"],"picked":"Capacitor","floor":10},{"not_picked":["Redo","Rebound"],"picked":"Echo Form","floor":13},{"not_picked":["Blizzard","Heatsinks"],"picked":"Loop","floor":14},{"not_picked":["Biased Cognition","Machine Learning"],"picked":"Hyperbeam","floor":16},{"not_picked":["Static Discharge","Cold Snap"],"picked":"Hello World","floor":18},{"not_picked":["Ball Lightning","Chill"],"picked":"Skim+1","floor":20},{"not_picked":["Cold Snap","Rebound"],"picked":"Streamline","floor":21},{"not_picked":["Barrage","Capacitor+1"],"picked":"Coolheaded","floor":22},{"not_picked":["Machine Learning","Leap+1"],"picked":"Stack+1","floor":24},{"not_picked":["Sweeping Beam+1","Streamline"],"picked":"Stack","floor":25},{"not_picked":["Rip and Tear","Go for the Eyes"],"picked":"Conserve Battery+1","floor":28},{"not_picked":["Cold Snap+1","Undo+1"],"picked":"BootSequence","floor":29},{"not_picked":["Ball Lightning","Sweeping Beam+1"],"picked":"Turbo","floor":32},{"not_picked":["Hyperbeam","Creative AI"],"picked":"Rainbow","floor":33},{"not_picked":["Leap","Lockon"],"picked":"Aggregate","floor":35},{"not_picked":["Cold Snap+1","Streamline"],"picked":"Redo+1","floor":36},{"not_picked":["Sadistic Nature","Trip"],"picked":"Apotheosis","floor":37},{"not_picked":["Flash of Steel","Good Instincts"],"picked":"Finesse","floor":37},{"not_picked":["Flash of Steel","Magnetism"],"picked":"Jack Of All Trades","floor":37}],"player_experience":26354,"relics_obtained":[{"floor":9,"key":"Dream Catcher"},{"floor":26,"key":"Emotion Chip"}],"event_choices":[{"event_name":"Golden Idol","player_choice":"Take Damage","floor":3,"damage_taken":0},{"event_name":"Liars Game","player_choice":"agreed","floor":11,"damage_taken":0},{"event_name":"Ghosts","player_choice":"Ignored","floor":23,"damage_taken":0},{"event_name":"Match and Keep!","player_choice":"2 cards matched","floor":27,"damage_taken":0},{"event_name":"Transmorgrifier","player_choice":"Transform","floor":30,"damage_taken":0},{"event_name":"SensoryStone","player_choice":"Memory 3","floor":37,"damage_taken":0}],"boss_relics":[{"not_picked":["Sozu","Orrery"],"picked":"Astrolabe"},{"not_picked":["White Beast Statue","Black Star"],"picked":"Nuclear Battery"}],"items_purged_floors":[],"is_endless":false,"potions_floor_spawned":[2,4,10,13,16,18,21,22,29,36],"killed_by":"3 Darklings","ascension_level":0}