{"gold_per_floor":[109,184,204,218,237,269,269,287,312,312,326,339,339,112,112,240,240,258,173,216,230,245,286,286,63,63,79,79,99,114,134,134,134],"floor_reached":33,"playtime":2160,"items_purged":["Injury"],"score":323,"play_id":"31f7360a-729f-4de4-a862-3d9ca2d291e7","local_time":"20190204120052","is_ascension_mode":false,"campfire_choices":[{"floor":7,"key":"REST"},{"floor":13,"key":"REST"},{"data":"Glass Knife","floor":15,"key":"SMITH"},{"floor":24,"key":"REST"},{"floor":32,"key":"REST"}],"neow_cost":"NONE","seed_source_timestamp":181036871862857,"circlet_count":0,"master_deck":["Survivor","Neutralize","Poisoned Stab","Leg Sweep","Bane","Poisoned Stab","Backstab","Corpse Explosion","Deadly Poison","Glass Knife+1","Envenom","Expertise","Underhanded Strike","Finisher","Envenom","Flechettes","Poisoned Stab","Malaise","Finisher","Reflex","Infinite Blades","Dagger Throw+1","Slice+1","Deflect+1","Cloak And Dagger+1","Dash","Blur","Concentrate+1","Backflip+1"],"relics":["Ring of the Snake","Ginger","Bronze Scales","Golden Idol","Pandora\u0027s Box","Bag of Preparation","Red Mask","PreservedInsect","Happy Flower"],"potions_floor_usage":[6,16,23,23,29,33],"damage_taken":[{"damage":3,"enemies":"Jaw Worm","floor":1,"turns":4},{"damage":8,"enemies":"2 Louse","floor":3,"turns":2},{"damage":3,"enemies":"Small Slimes","floor":4,"turns":3},{"damage":7,"enemies":"Exordium Wildlife","floor":5,"turns":7},{"damage":19,"enemies":"Lagavulin","floor":6,"turns":6},{"damage":0,"enemies":"Blue Slaver","floor":8,"turns":3},{"damage":6,"enemies":"Lots of Slimes","floor":11,"turns":3},{"damage":0,"enemies":"3 Louse","floor":12,"turns":1},{"damage":25,"enemies":"The Guardian","floor":16,"turns":8},{"damage":17,"enemies":"2 Thieves","floor":18,"turns":1},{"damage":16,"enemies":"Masked Bandits","floor":20,"turns":4},{"damage":10,"enemies":"Spheric Guardian","floor":21,"turns":3},{"damage":0,"enemies":"Chosen and Byrds","floor":22,"turns":4},{"damage":0,"enemies":"Gremlin Leader","floor":23,"turns":6},{"damage":3,"enemies":"Centurion and Healer","floor":27,"turns":3},{"damage":3,"enemies":"Snecko","floor":29,"turns":4},{"damage":10,"enemies":"3 Cultists","floor":30,"turns":3},{"damage":6,"enemies":"Chosen and Byrds","floor":31,"turns":2},{"damage":51,"enemies":"Automaton","floor":33,"turns":6}],"seed_played":"-1666926697615040969","potions_obtained":[{"floor":4,"key":"GhostInAJar"},{"floor":6,"key":"Energy Potion"},{"floor":11,"key":"Swift Potion"},{"floor":21,"key":"AttackPotion"},{"floor":22,"key":"Poison Potion"},{"floor":30,"key":"SpeedPotion"}],"is_trial":false,"path_per_floor":["M","?","M","M","M","E","R","M","T","?","M","M","R","$","R","B",null,"M","?","?","M","M","E","R","$","T","M","$","M","M","M","R","B"],"character_chosen":"THE_SILENT","items_purchased":["Glass Knife","Blur","Happy Flower"],"campfire_rested":4,"item_purchase_floors":[14,25,25],"current_hp_per_floor":[67,56,48,45,38,19,40,40,40,40,34,34,55,55,55,30,70,53,53,37,27,27,27,48,48,48,45,45,42,32,26,47,0],"gold":134,"neow_bonus":"THREE_CARDS","is_prod":false,"is_daily":false,"chose_seed":false,"campfire_upgraded":1,"win_rate":0,"timestamp":1549299652,"path_taken":["M","?","M","M","M","E","R","M","T","?","M","M","R","$","R","BOSS","M","?","?","M","M","E","R","?","T","M","?","M","?","M","R","BOSS"],"build_version":"2019-01-23","purchased_purges":1,"victory":false,"max_hp_per_floor":[70,70,70,70,70,70,70,70,70,70,70,70,70,70,70,70,70,70,70,70,70,70,70,70,70,70,70,70,70,70,70,70,70],"card_choices":[{"not_picked":["Acrobatics","Bane"],"picked":"Poisoned Stab","floor":1},{"not_picked":["Underhanded Strike","Poisoned Stab"],"picked":"Leg Sweep","floor":3},{"not_picked":["Blade Dance","Leg Sweep"],"picked":"Bane","floor":4},{"not_picked":["Dagger Spray","PiercingWail"],"picked":"Poisoned Stab","floor":5},{"not_picked":["Acrobatics","Masterful Stab"],"picked":"Backstab","floor":6},{"not_picked":["Dagger Throw","Accuracy"],"picked":"Corpse Explosion","floor":8},{"not_picked":["Deflect","PiercingWail"],"picked":"Deadly Poison","floor":11},{"not_picked":["Underhanded Strike","Acrobatics","Sucker Punch"],"picked":"SKIP","floor":12},{"not_picked":["Storm of Steel","Bullet Time"],"picked":"Envenom","floor":16},{"not_picked":["Dodge and Roll","Poisoned Stab"],"picked":"Dagger Throw+1","floor":18},{"not_picked":["Cloak And Dagger","Flying Knee"],"picked":"Slice+1","floor":20},{"not_picked":["Blade Dance","Bouncing Flask"],"picked":"Deflect+1","floor":21},{"not_picked":["Poisoned Stab+1","Acrobatics+1"],"picked":"Cloak And Dagger+1","floor":22},{"not_picked":["Poisoned Stab","Bullet Time"],"picked":"Dash","floor":23},{"not_picked":["Slice","Cloak And Dagger","Eviscerate"],"picked":"SKIP","floor":27},{"not_picked":["Riddle With Holes","Slice"],"picked":"Concentrate+1","floor":29},{"not_picked":["Dagger Spray+1","Prepared+1"],"picked":"Backflip+1","floor":30},{"not_picked":["Eviscerate","Infinite Blades+1","Expertise"],"picked":"SKIP","floor":31}],"player_experience":554282,"relics_obtained":[{"floor":6,"key":"Ginger"},{"floor":9,"key":"Bronze Scales"},{"floor":20,"key":"Red Mask"},{"floor":23,"key":"PreservedInsect"}],"event_choices":[{"damage_healed":0,"gold_gain":75,"player_choice":"Gather Gold","damage_taken":11,"max_hp_gain":0,"max_hp_loss":0,"event_name":"World of Goop","floor":2,"gold_loss":0},{"damage_healed":0,"gold_gain":0,"player_choice":"Take Wound","damage_taken":0,"relics_obtained":["Golden Idol"],"max_hp_gain":0,"max_hp_loss":0,"event_name":"Golden Idol","floor":10,"gold_loss":0,"cards_obtained":["Injury"]},{"damage_healed":0,"gold_gain":0,"player_choice":"Obtained Relic","damage_taken":0,"relics_obtained":["Bag of Preparation"],"max_hp_gain":0,"max_hp_loss":0,"event_name":"Addict","floor":19,"gold_loss":85},{"damage_healed":0,"gold_gain":0,"player_choice":"Fought Bandits","damage_taken":0,"max_hp_gain":0,"max_hp_loss":0,"event_name":"Masked Bandits","floor":20,"gold_loss":0}],"is_beta":false,"boss_relics":[{"not_picked":["Fusion Hammer","Tiny House"],"picked":"Pandora\u0027s Box"}],"items_purged_floors":[14],"is_endless":false,"potions_floor_spawned":[4,6,11,21,22,30],"killed_by":"Automaton","ascension_level":0}