{"gold_per_floor":[119,130,80,80,91,91,111,111,111,18,38,38,66,66,66,168,168,188,203,56,75,6,6,38,38,38,38],"floor_reached":27,"playtime":1632,"items_purged":[],"score":231,"play_id":"6bbae679-2bc8-44b7-8a7b-dc2bbd42fbe6","local_time":"20190317133434","is_ascension_mode":false,"campfire_choices":[{"floor":6,"key":"RECALL"},{"data":"Capacitor","floor":8,"key":"SMITH"},{"floor":12,"key":"REST"},{"floor":15,"key":"REST"},{"floor":23,"key":"REST"}],"neow_cost":"NONE","seed_source_timestamp":381725503576524,"circlet_count":0,"master_deck":["Strike_B","Defend_B","Defend_B","Zap","Dualcast","Barrage","Ball Lightning","Capacitor+1","Static Discharge","Leap","Melter","White Noise","Creative AI","Turbo+1","Steam+1","Double Energy+1","Rebound","Hologram","Defragment","Leap"],"relics":["Gremlin Horn","Bottled Tornado","Bronze Scales","Pen Nib","Astrolabe","DataDisk","Meat on the Bone","Nloth\u0027s Gift","Toxic Egg 2"],"potions_floor_usage":[13,21,27],"damage_taken":[{"damage":3,"enemies":"Small Slimes","floor":1,"turns":3},{"damage":1,"enemies":"2 Louse","floor":2,"turns":2},{"damage":1,"enemies":"Jaw Worm","floor":5,"turns":2},{"damage":15,"enemies":"Gremlin Gang","floor":7,"turns":4},{"damage":16,"enemies":"Red Slaver","floor":11,"turns":4},{"damage":26,"enemies":"3 Sentries","floor":13,"turns":6},{"damage":30,"enemies":"Slime Boss","floor":16,"turns":7},{"damage":0,"enemies":"Spheric Guardian","floor":18,"turns":2},{"damage":27,"enemies":"Shell Parasite","floor":19,"turns":4},{"damage":24,"enemies":"Centurion and Healer","floor":21,"turns":5},{"damage":31,"enemies":"Gremlin Leader","floor":24,"turns":7},{"damage":16,"enemies":"Shelled Parasite and Fungi","floor":27,"turns":4}],"seed_played":"-1382682058438953345","potions_obtained":[{"floor":2,"key":"SpeedPotion"},{"floor":5,"key":"Swift Potion"},{"floor":21,"key":"Swift Potion"}],"is_trial":false,"path_per_floor":["M","M","?","?","M","R","M","R","T","$","M","R","E","?","R","B",null,"M","M","$","M","$","R","E","?","T","M"],"character_chosen":"DEFECT","items_purchased":["Static Discharge","Leap","DataDisk","Defragment"],"campfire_rested":3,"item_purchase_floors":[10,10,20,22],"current_hp_per_floor":[72,71,71,68,67,67,52,52,52,52,36,58,32,32,54,24,75,75,48,48,24,24,46,15,15,15,0],"gold":38,"neow_bonus":"REMOVE_CARD","is_prod":false,"is_daily":false,"chose_seed":false,"campfire_upgraded":1,"win_rate":0,"timestamp":1552844074,"path_taken":["M","M","?","?","M","R","M","R","T","$","M","R","E","?","R","BOSS","M","M","$","?","?","R","E","?","T","M"],"build_version":"2019-01-23","purchased_purges":0,"victory":false,"max_hp_per_floor":[75,75,75,75,75,75,75,75,75,75,75,75,75,75,75,75,75,75,75,75,75,75,75,75,75,75,75],"card_choices":[{"not_picked":["Compile Driver","Cold Snap"],"picked":"Barrage","floor":1},{"not_picked":["Go for the Eyes","Leap"],"picked":"Ball Lightning","floor":2},{"not_picked":["Gash","Go for the Eyes","Chill"],"picked":"SKIP","floor":5},{"not_picked":["Heatsinks","Rebound"],"picked":"Capacitor","floor":7},{"not_picked":["Glacier","Compile Driver"],"picked":"Melter","floor":11},{"not_picked":["Storm","Streamline"],"picked":"White Noise","floor":13},{"not_picked":["Multi-Cast","Machine Learning"],"picked":"Creative AI","floor":16},{"not_picked":["Double Energy","Stack+1"],"picked":"Rebound","floor":18},{"not_picked":["Rip and Tear","Sweeping Beam"],"picked":"Hologram","floor":19},{"not_picked":["FTL","Turbo+1","Hologram"],"picked":"SKIP","floor":21},{"not_picked":["All For One","Rip and Tear"],"picked":"Leap","floor":24}],"player_experience":736746,"relics_obtained":[{"floor":9,"key":"Bottled Tornado"},{"floor":13,"key":"Bronze Scales"},{"floor":14,"key":"Pen Nib"},{"floor":24,"key":"Meat on the Bone"},{"floor":26,"key":"Toxic Egg 2"}],"event_choices":[{"cards_removed":["Defend_B"],"damage_healed":0,"gold_gain":0,"player_choice":"Card Removal","damage_taken":0,"max_hp_gain":0,"max_hp_loss":0,"event_name":"The Cleric","floor":3,"gold_loss":50},{"damage_healed":0,"gold_gain":0,"player_choice":"Success","damage_taken":3,"relics_obtained":["Gremlin Horn"],"max_hp_gain":0,"max_hp_loss":0,"event_name":"Scrap Ooze","floor":4,"gold_loss":0},{"damage_healed":0,"gold_gain":0,"player_choice":"Relic","damage_taken":0,"max_hp_gain":0,"max_hp_loss":0,"event_name":"Wheel of Change","floor":14,"gold_loss":0},{"damage_healed":0,"gold_gain":0,"player_choice":"Traded Relic","damage_taken":0,"relics_obtained":["Nloth\u0027s Gift"],"max_hp_gain":0,"max_hp_loss":0,"event_name":"N\u0027loth","floor":25,"relics_lost":["Cracked Core"],"gold_loss":0}],"is_beta":false,"boss_relics":[{"not_picked":["Fusion Hammer","Nuclear Battery"],"picked":"Astrolabe"}],"items_purged_floors":[],"is_endless":false,"potions_floor_spawned":[2,5,21],"killed_by":"Shelled Parasite and Fungi","ascension_level":0}