{"gold_per_floor":[110,185,185,199,211,211,211,227,257,257,272,272,289,315,315,394,394,412,462,307,318,318,318,77,95,95,121,121,136,136,150,150,223,223,240,251,251,251,33,33,46,5,29,42,73,73,73,101,101,101,101,101,101,20,49,49],"floor_reached":57,"playtime":2178,"items_purged":["Rebound","Hello World"],"score":2870,"play_id":"ed61d922-b187-4aad-94fd-ef352a0b7fa4","local_time":"20190524194333","is_ascension_mode":true,"campfire_choices":[{"data":"Zap","floor":6.0,"key":"SMITH"},{"floor":10.0,"key":"REST"},{"data":"Dualcast","floor":12.0,"key":"SMITH"},{"data":"Loop","floor":15.0,"key":"SMITH"},{"data":"Chaos","floor":23.0,"key":"SMITH"},{"data":"Heatsinks","floor":28.0,"key":"SMITH"},{"floor":30.0,"key":"REST"},{"data":"Turbo","floor":32.0,"key":"SMITH"},{"data":"Recycle","floor":40.0,"key":"SMITH"},{"data":"Coolheaded","floor":46,"key":"SMITH"},{"floor":49,"key":"RECALL"},{"data":"Skim","floor":53,"key":"SMITH"}],"neow_cost":"PERCENT_DAMAGE","seed_source_timestamp":762136059904,"circlet_count":0,"master_deck":["AscendersBane","Zap+1","Dualcast+1","Biased Cognition","White Noise","Glacier","Hologram","Undo","Cold Snap","Ball Lightning","Loop+1","Core Surge","Seek","Reprogram","Core Surge","Skim+1","Leap","Chaos+1","Hologram","Biased Cognition","Turbo+1","Heatsinks+1","Recycle+1","Loop","Sunder+1","Core Surge","Compile Driver+1","Coolheaded+1","Hologram","Double Energy+1","White Noise","Blizzard+1"],"special_seed":0,"relics":["Cracked Core","Symbiotic Virus","Tiny Chest","Letter Opener","Pandora\u0027s Box","Mercury Hourglass","Happy Flower","Nuclear Battery","Medical Kit","Omamori","Incense Burner","Whetstone"],"potions_floor_usage":[45,50,56],"damage_taken":[{"damage":9.0,"enemies":"Jaw Worm","floor":1.0,"turns":3.0},{"damage":1.0,"enemies":"Small Slimes","floor":4.0,"turns":4.0},{"damage":6.0,"enemies":"Cultist","floor":5.0,"turns":3.0},{"damage":2.0,"enemies":"2 Fungi Beasts","floor":8.0,"turns":4.0},{"damage":0.0,"enemies":"Looter","floor":11.0,"turns":3.0},{"damage":7.0,"enemies":"Exordium Thugs","floor":13.0,"turns":3.0},{"damage":3.0,"enemies":"Lagavulin","floor":14.0,"turns":6.0},{"damage":4.0,"enemies":"The Guardian","floor":16.0,"turns":10.0},{"damage":18.0,"enemies":"Chosen","floor":18.0,"turns":4.0},{"damage":18.0,"enemies":"3 Byrds","floor":21.0,"turns":3.0},{"damage":0.0,"enemies":"Sentry and Sphere","floor":25.0,"turns":4.0},{"damage":13.0,"enemies":"Snake Plant","floor":29.0,"turns":5.0},{"damage":6.0,"enemies":"Centurion and Healer","floor":31.0,"turns":6.0},{"damage":0.0,"enemies":"Champ","floor":33.0,"turns":9.0},{"damage":0.0,"enemies":"Orb Walker","floor":35.0,"turns":2.0},{"damage":13.0,"enemies":"3 Shapes","floor":36.0,"turns":3.0},{"damage":1.0,"enemies":"Transient","floor":41.0,"turns":6.0},{"damage":7.0,"enemies":"Sphere and 2 Shapes","floor":44.0,"turns":5.0},{"damage":9,"enemies":"Reptomancer","floor":45,"turns":4},{"damage":0,"enemies":"Giant Head","floor":48,"turns":7},{"damage":20,"enemies":"Time Eater","floor":50,"turns":8},{"damage":45,"enemies":"Donu and Deca","floor":51,"turns":10},{"damage":0,"enemies":"Shield and Spear","floor":55,"turns":2},{"damage":43,"enemies":"The Heart","floor":56,"turns":10}],"seed_played":"-7221968076202460741","potions_obtained":[{"floor":1.0,"key":"Regen Potion"},{"floor":5.0,"key":"Explosive Potion"},{"floor":21.0,"key":"FearPotion"},{"floor":25.0,"key":"PowerPotion"},{"floor":41.0,"key":"SkillPotion"}],"is_trial":false,"path_per_floor":["M","?","?","M","M","R","?","M","T","R","M","R","M","E","R","B",null,"M","?","$","M","?","R","$","M","T","T","R","M","R","M","R","B",null,"M","M","?","?","$","R","M","$","T","M","E","R","?","E","R","B","B",null,"R","$","E","B",null],"character_chosen":"DEFECT","items_purchased":["Chaos","Turbo","Heatsinks","Medical Kit","White Noise","FocusPotion"],"campfire_rested":2,"item_purchase_floors":[20,24,24,39,42,54],"current_hp_per_floor":[37,26,26,25,19,19,8,6,6,27,27,27,20,32,32,28,60,42,42,42,24,24,24,24,24,24,24,24,11,32,26,26,26,60,60,47,47,47,47,47,46,46,46,39,30,30,71,71,71,51,6,55,55,55,55,12],"gold":49,"neow_bonus":"THREE_RARE_CARDS","is_prod":false,"is_daily":false,"chose_seed":false,"campfire_upgraded":9,"win_rate":0,"timestamp":1558698213,"path_taken":["M","?","?","M","M","R","?","M","T","R","?","R","?","E","R","BOSS","M","?","$","M","?","R","$","?","T","?","R","M","R","M","R","BOSS","M","M","?","?","$","R","?","$","T","M","E","R","?","E","R","BOSS","BOSS","R","$","E","BOSS"],"build_version":"2019-01-23","purchased_purges":2,"victory":true,"max_hp_per_floor":[71,71,71,71,71,71,71,71,71,71,71,71,71,71,71,71,71,71,71,71,71,71,71,71,71,71,71,71,71,71,71,71,71,71,71,71,71,71,71,71,71,71,71,71,71,71,71,71,71,71,71,71,71,71,71,71],"card_choices":[{"not_picked":["Thunder Strike","Creative AI"],"picked":"Biased Cognition","floor":0.0},{"not_picked":["Genetic Algorithm","Static Discharge"],"picked":"White Noise","floor":1.0},{"not_picked":["Consume","Gash"],"picked":"Hologram","floor":4.0},{"not_picked":["Blizzard","Sweeping Beam"],"picked":"Undo","floor":5.0},{"not_picked":["Gash","Consume"],"picked":"Cold Snap","floor":8.0},{"not_picked":["Hologram","Melter"],"picked":"Ball Lightning","floor":11.0},{"not_picked":["Undo","Lockon","Force Field"],"picked":"SKIP","floor":13.0},{"not_picked":["Cold Snap","Consume"],"picked":"Loop","floor":14.0},{"not_picked":["Thunder Strike","Amplify"],"picked":"Core Surge","floor":16.0},{"not_picked":["Sweeping Beam","Go for the Eyes","Steam"],"picked":"SKIP","floor":18.0},{"not_picked":["Beam Cell","Gash"],"picked":"Hologram","floor":21.0},{"not_picked":["Loop","Barrage"],"picked":"Recycle","floor":25.0},{"not_picked":["FTL","Gash","Loop"],"picked":"SKIP","floor":29.0},{"not_picked":["FTL","Gash"],"picked":"Loop","floor":29.0},{"not_picked":["Steam Power","Redo"],"picked":"Sunder","floor":31.0},{"not_picked":["Reboot","Thunder Strike"],"picked":"Core Surge","floor":33.0},{"not_picked":["Lockon+1","Cold Snap"],"picked":"Compile Driver","floor":35.0},{"not_picked":["Leap","Stack"],"picked":"Coolheaded","floor":36.0},{"not_picked":["Leap","Conserve Battery"],"picked":"Double Energy+1","floor":41.0},{"not_picked":["Redo","Stack","Doom and Gloom"],"picked":"SKIP","floor":44.0},{"not_picked":["Lockon","Genetic Algorithm+1","Hello World+1"],"picked":"SKIP","floor":45},{"not_picked":["Aggregate","Hologram","Tempest"],"picked":"SKIP","floor":48},{"not_picked":["Sunder+1","Conserve Battery+1"],"picked":"Blizzard+1","floor":55}],"player_experience":1762612,"relics_obtained":[{"floor":9.0,"key":"Tiny Chest"},{"floor":14.0,"key":"Letter Opener"},{"floor":26.0,"key":"Mercury Hourglass"},{"floor":27.0,"key":"Happy Flower"},{"floor":45,"key":"Omamori"},{"floor":48,"key":"Incense Burner"},{"floor":55,"key":"Whetstone"}],"event_choices":[{"damage_healed":0.0,"max_hp_gain":0.0,"max_hp_loss":0.0,"gold_gain":75.0,"event_name":"World of Goop","player_choice":"Gather Gold","floor":2.0,"gold_loss":0.0,"damage_taken":11.0},{"damage_healed":0.0,"max_hp_gain":0.0,"max_hp_loss":0.0,"gold_gain":0.0,"cards_transformed":["Strike_B"],"event_name":"Living Wall","player_choice":"Change","floor":3.0,"gold_loss":0.0,"damage_taken":0.0,"cards_obtained":["Glacier"]},{"damage_healed":0.0,"max_hp_gain":0.0,"max_hp_loss":0.0,"gold_gain":0.0,"event_name":"Scrap Ooze","player_choice":"Success","floor":7.0,"gold_loss":0.0,"damage_taken":11.0,"relics_obtained":["Symbiotic Virus"]},{"damage_healed":0.0,"max_hp_gain":0.0,"max_hp_loss":0.0,"gold_gain":50.0,"event_name":"Nest","player_choice":"Stole From Cult","floor":19.0,"gold_loss":0.0,"damage_taken":0.0},{"damage_healed":0.0,"max_hp_gain":0.0,"max_hp_loss":0.0,"gold_gain":0.0,"event_name":"Duplicator","player_choice":"Copied","floor":22.0,"gold_loss":0.0,"damage_taken":0.0,"cards_obtained":["Biased Cognition"]},{"damage_healed":0.0,"max_hp_gain":0.0,"max_hp_loss":0.0,"gold_gain":0.0,"event_name":"Tomb of Lord Red Mask","player_choice":"Ignored","floor":37.0,"gold_loss":0.0,"damage_taken":0.0},{"damage_healed":0.0,"max_hp_gain":0.0,"max_hp_loss":0.0,"gold_gain":0.0,"event_name":"Match and Keep!","player_choice":"1 cards matched","floor":38.0,"gold_loss":0.0,"damage_taken":0.0,"cards_obtained":["Hologram"]},{"damage_healed":41,"gold_gain":0,"player_choice":"Heal","damage_taken":0,"max_hp_gain":0,"max_hp_loss":0,"event_name":"MindBloom","floor":47,"gold_loss":0,"cards_obtained":["Doubt"]}],"is_beta":false,"boss_relics":[{"not_picked":["Fusion Hammer","Cursed Key"],"picked":"Pandora\u0027s Box"},{"not_picked":["Coffee Dripper","White Beast Statue"],"picked":"Nuclear Battery"}],"items_purged_floors":[20,24],"is_endless":false,"potions_floor_spawned":[1,5,8,13,21,25,31,36,41],"ascension_level":20}