{"gold_per_floor":[216,226,140,65,83,83,116,116,140,152,180,212,238,250,262,372,384,406,418,440,452,484,496,508,520,832,844,343,343,343,377,377,475,475,490,490,64,75,89,117,117,137,164,191,210,310,310,320,320,320,320,320,126,158,158],"floor_reached":55,"playtime":32625,"items_purged":["Defend_B","Defend_B","Defend_B"],"score":770,"play_id":"a47d977d-c7d5-4d80-8561-406d091e47e6","local_time":"20190414212636","is_ascension_mode":false,"campfire_choices":[{"data":"Defragment","floor":6,"key":"SMITH"},{"data":"Blizzard","floor":8,"key":"SMITH"},{"floor":10,"key":"REST"},{"floor":15,"key":"REST"},{"floor":24,"key":"REST"},{"data":"White Noise","floor":27,"key":"SMITH"},{"data":"Streamline","floor":29,"key":"SMITH"},{"floor":32,"key":"REST"},{"floor":41,"key":"REST"},{"floor":47,"key":"RECALL"},{"data":"Redo","floor":49,"key":"SMITH"},{"data":"Storm","floor":52,"key":"SMITH"}],"neow_cost":"NONE","seed_source_timestamp":332500394661468,"circlet_count":0,"master_deck":["Strike_B","Strike_B","Strike_B","Strike_B","Defend_B","Zap","Dualcast","Streamline+1","Blizzard+1","Coolheaded","Defragment+1","Barrage","Storm+1","Leap","White Noise+1","Echo Form","Redo+1","Conserve Battery+1","Coolheaded","Cold Snap","Force Field","Heatsinks","Electrodynamics","Loop+1","Secret Weapon","Hologram+1","Steam+1","Cold Snap","Redo+1","Coolheaded+1","Defragment+1","Coolheaded+1","Storm"],"relics":["FrozenCore","DataDisk","MawBank","Sozu","Bottled Tornado","Old Coin","Bird Faced Urn","StoneCalendar","Emotion Chip","Gremlin Horn","Art of War","Ice Cream","Bronze Scales","Bag of Preparation"],"potions_floor_usage":[20,31,31],"damage_taken":[{"damage":1,"enemies":"Cultist","floor":1,"turns":3},{"damage":0,"enemies":"Small Slimes","floor":2,"turns":3},{"damage":9,"enemies":"Jaw Worm","floor":5,"turns":3},{"damage":30,"enemies":"Lagavulin","floor":7,"turns":6},{"damage":11,"enemies":"Large Slime","floor":11,"turns":4},{"damage":3,"enemies":"2 Fungi Beasts","floor":12,"turns":3},{"damage":13,"enemies":"Blue Slaver","floor":13,"turns":3},{"damage":4,"enemies":"The Guardian","floor":16,"turns":10},{"damage":24,"enemies":"2 Thieves","floor":18,"turns":4},{"damage":4,"enemies":"Shell Parasite","floor":20,"turns":4},{"damage":33,"enemies":"Sentry and Sphere","floor":22,"turns":5},{"damage":41,"enemies":"Slavers","floor":31,"turns":4},{"damage":4,"enemies":"Collector","floor":33,"turns":9},{"damage":4,"enemies":"Orb Walker","floor":35,"turns":4},{"damage":43,"enemies":"3 Darklings","floor":38,"turns":3},{"damage":3,"enemies":"Sphere and 2 Shapes","floor":39,"turns":3},{"damage":24,"enemies":"Reptomancer","floor":40,"turns":7},{"damage":11,"enemies":"Jaw Worm Horde","floor":42,"turns":4},{"damage":0,"enemies":"Nemesis","floor":44,"turns":7},{"damage":27,"enemies":"Transient","floor":45,"turns":5},{"damage":0,"enemies":"Mind Bloom Boss Battle","floor":46,"turns":5},{"damage":15,"enemies":"Sphere and 2 Shapes","floor":48,"turns":3},{"damage":24,"enemies":"Time Eater","floor":50,"turns":11},{"damage":31,"enemies":"Shield and Spear","floor":54,"turns":3},{"damage":68,"enemies":"The Heart","floor":55,"turns":5}],"seed_played":"3391864758740449628","potions_obtained":[{"floor":1,"key":"AttackPotion"},{"floor":2,"key":"Block Potion"},{"floor":7,"key":"EntropicBrew"}],"is_trial":false,"path_per_floor":["M","M","$","$","M","R","E","R","T","R","M","M","M","?","R","B",null,"M","?","M","$","M","T","R","?","T","R","$","R","?","E","R","B",null,"M","?","$","M","M","E","R","M","T","E","M","?","R","M","R","B",null,"R","$","E","B"],"character_chosen":"DEFECT","items_purchased":["Coolheaded","Defragment","Bird Faced Urn","Cold Snap","Force Field","Emotion Chip","Bronze Scales","Storm"],"campfire_rested":5,"item_purchase_floors":[3,3,28,28,28,37,53,53],"current_hp_per_floor":[74,74,74,74,65,65,35,35,35,57,46,43,30,48,70,66,75,51,51,47,47,14,14,35,59,59,59,59,59,59,30,51,61,72,72,72,72,37,40,28,49,48,48,66,59,72,72,71,71,63,72,72,72,51,0],"gold":158,"neow_bonus":"HUNDRED_GOLD","is_prod":false,"is_daily":false,"chose_seed":false,"campfire_upgraded":6,"win_rate":0,"timestamp":1555291596,"path_taken":["M","M","?","$","M","R","E","R","T","R","M","M","M","?","R","BOSS","M","?","M","?","?","?","R","?","T","R","$","R","?","E","R","BOSS","M","?","$","M","M","E","R","M","T","E","M","?","R","M","R","BOSS","R","$","E","BOSS"],"build_version":"2019-01-23","purchased_purges":3,"victory":false,"max_hp_per_floor":[75,75,75,75,75,75,75,75,75,75,75,75,75,75,75,75,75,75,72,72,72,72,72,72,72,72,72,72,72,72,72,72,72,72,72,72,72,72,72,72,72,72,72,72,72,72,72,72,72,72,72,72,72,72,72],"card_choices":[{"not_picked":["Doom and Gloom","Genetic Algorithm"],"picked":"Streamline","floor":1},{"not_picked":["Ball Lightning","Sunder"],"picked":"Blizzard","floor":2},{"not_picked":["Steam Power","Turbo"],"picked":"Barrage","floor":5},{"not_picked":["Heatsinks","Stack"],"picked":"Storm","floor":7},{"not_picked":["Sweeping Beam","Undo","Gash"],"picked":"SKIP","floor":11},{"not_picked":["Doom and Gloom","Turbo"],"picked":"Leap","floor":12},{"not_picked":["Sweeping Beam","BootSequence"],"picked":"White Noise","floor":13},{"not_picked":["Core Surge","Electrodynamics"],"picked":"Echo Form","floor":16},{"not_picked":["Streamline","Recycle"],"picked":"Redo","floor":18},{"not_picked":["Chaos","Gash"],"picked":"Conserve Battery+1","floor":20},{"not_picked":["Conserve Battery","Hologram"],"picked":"Coolheaded","floor":22},{"not_picked":["Redo","Gash"],"picked":"Heatsinks","floor":31},{"not_picked":["Multi-Cast","Core Surge"],"picked":"Electrodynamics","floor":33},{"not_picked":["Rebound","Darkness+1"],"picked":"Loop+1","floor":35},{"not_picked":["Secret Technique","Dramatic Entrance"],"picked":"Secret Weapon","floor":36},{"not_picked":["Streamline","Rebound+1"],"picked":"Hologram+1","floor":38},{"not_picked":["Rebound","Auto Shields"],"picked":"Steam+1","floor":39},{"not_picked":["Go for the Eyes","Auto Shields"],"picked":"Cold Snap","floor":40},{"not_picked":["Stack","Heatsinks"],"picked":"Redo+1","floor":42},{"not_picked":["Gash+1","Beam Cell"],"picked":"Coolheaded+1","floor":44},{"not_picked":["Streamline","Seek"],"picked":"Defragment+1","floor":45},{"not_picked":["Heatsinks+1","Darkness+1"],"picked":"Coolheaded+1","floor":46},{"not_picked":["Compile Driver","Go for the Eyes+1","Streamline+1"],"picked":"SKIP","floor":48},{"not_picked":["Streamline+1","Ball Lightning+1","Consume+1"],"picked":"SKIP","floor":54}],"player_experience":792310,"relics_obtained":[{"floor":7,"key":"DataDisk"},{"floor":9,"key":"MawBank"},{"floor":23,"key":"Bottled Tornado"},{"floor":26,"key":"Old Coin"},{"floor":31,"key":"StoneCalendar"},{"floor":40,"key":"Gremlin Horn"},{"floor":44,"key":"Art of War"},{"floor":46,"key":"Ice Cream"},{"floor":54,"key":"Bag of Preparation"}],"event_choices":[{"damage_healed":18,"gold_gain":0,"player_choice":"Healed and dodged fight","damage_taken":0,"max_hp_gain":0,"max_hp_loss":0,"event_name":"Mushrooms","floor":14,"gold_loss":0,"cards_obtained":["Parasite"]},{"cards_removed":["Parasite"],"damage_healed":0,"gold_gain":0,"player_choice":"Removed Curses","damage_taken":0,"max_hp_gain":0,"max_hp_loss":0,"event_name":"Fountain of Cleansing","floor":19,"gold_loss":0},{"damage_healed":24,"gold_gain":0,"player_choice":"Heal","damage_taken":0,"max_hp_gain":0,"max_hp_loss":0,"event_name":"The Library","floor":25,"gold_loss":0},{"damage_healed":0,"gold_gain":0,"player_choice":"Ignored","damage_taken":0,"max_hp_gain":0,"max_hp_loss":0,"event_name":"Ghosts","floor":30,"gold_loss":0},{"damage_healed":0,"gold_gain":0,"player_choice":"Memory 1","damage_taken":0,"max_hp_gain":0,"max_hp_loss":0,"event_name":"SensoryStone","floor":36,"gold_loss":0},{"damage_healed":0,"gold_gain":0,"player_choice":"Fight","damage_taken":0,"max_hp_gain":0,"max_hp_loss":0,"event_name":"MindBloom","floor":46,"gold_loss":0}],"is_beta":false,"boss_relics":[{"not_picked":["Nuclear Battery","Calling Bell"],"picked":"Sozu"},{"not_picked":["Orrery","Inserter"],"picked":"FrozenCore"}],"items_purged_floors":[4,28,37],"is_endless":false,"potions_floor_spawned":[1,2,7,16,18,20,35,44,45,46],"killed_by":"The Heart","ascension_level":0}