{"gold_per_floor":[109,184,208,208,228,260,271,302,370,387,387,387,31,51,51,146,146,162,174,29,39,57,92,102,21,21,21],"floor_reached":27,"playtime":1933,"items_purged":[],"score":369,"play_id":"b56644ab-9327-4b2b-891b-191c9743b301","local_time":"20180722231541","is_ascension_mode":true,"campfire_choices":[{"data":"Noxious Fumes","floor":11,"key":"SMITH"},{"data":"Catalyst","floor":15,"key":"SMITH"}],"neow_cost":"","seed_source_timestamp":115983625537739,"circlet_count":0,"master_deck":["Defend_G","Defend_G","Defend_G","Defend_G","Defend_G","Strike_G","Strike_G","Strike_G","Survivor","Neutralize","Poisoned Stab","Predator","Noxious Fumes+1","Deadly Poison","Catalyst+1","Terror","Apotheosis","Well Laid Plans","Cloak And Dagger","Backflip","Bullet Time","Prepared","Cloak And Dagger+1","Tools of the Trade","Dagger Throw","Noxious Fumes","Malaise","Slice+1","Storm of Steel","Parasite"],"relics":["Ring of the Snake","Lantern","Singing Bowl","Bag of Marbles","Bottled Lightning","Cursed Key","Prayer Wheel","Frozen Egg 2"],"potions_floor_usage":[6,10,23,23,24],"damage_taken":[{"damage":0,"enemies":"Jaw Worm","floor":1,"turns":5},{"damage":3,"enemies":"Small Slimes","floor":5,"turns":4},{"damage":26,"enemies":"Lagavulin","floor":6,"turns":6},{"damage":0,"enemies":"2 Louse","floor":7,"turns":2},{"damage":14,"enemies":"3 Sentries","floor":8,"turns":7},{"damage":3,"enemies":"Exordium Wildlife","floor":10,"turns":5},{"damage":0,"enemies":"Red Slaver","floor":14,"turns":3},{"damage":0,"enemies":"Slime Boss","floor":16,"turns":6},{"damage":10,"enemies":"2 Thieves","floor":18,"turns":4},{"damage":1,"enemies":"Chosen","floor":19,"turns":3},{"damage":11,"enemies":"3 Cultists","floor":21,"turns":5},{"damage":6,"enemies":"Cultist and Chosen","floor":22,"turns":7},{"damage":21,"enemies":"Slavers","floor":23,"turns":5},{"damage":0,"enemies":"Sentry and Sphere","floor":24,"turns":4},{"damage":18,"enemies":"Snake Plant","floor":27,"turns":2}],"seed_played":"9204514461172328824","potions_obtained":[{"floor":5,"key":"Strength Potion"},{"floor":8,"key":"EssenceOfSteel"},{"floor":10,"key":"GamblersBrew"},{"floor":21,"key":"AttackPotion"},{"floor":23,"key":"Fire Potion"},{"floor":24,"key":"Fire Potion"}],"is_trial":false,"path_per_floor":["M","?","T","?","M","E","M","E","T","M","R","?","$","M","R","B",null,"M","M","$","M","M","E","M","$","T"],"character_chosen":"THE_SILENT","items_purchased":["Apotheosis","Well Laid Plans","Cloak And Dagger","Backflip","Tools of the Trade","Storm of Steel"],"campfire_rested":0,"item_purchase_floors":[13,13,13,13,20,25],"current_hp_per_floor":[70,59,59,59,56,32,32,18,18,15,15,15,15,17,17,17,60,50,49,49,38,32,11,13,13,13,0],"gold":21,"neow_bonus":"","is_prod":false,"is_daily":false,"chose_seed":false,"campfire_upgraded":2,"win_rate":0,"timestamp":1532315741,"path_taken":["M","?","?","?","M","E","?","E","T","M","R","?","$","M","R","BOSS","M","M","$","M","?","E","M","$","T","M"],"build_version":"2018-07-19v2","purchased_purges":0,"victory":false,"max_hp_per_floor":[70,70,70,70,70,72,72,72,72,72,72,72,72,74,74,74,74,74,74,74,74,74,74,76,76,76,76],"card_choices":[{"not_picked":["Quick Slash","Eviscerate"],"picked":"Poisoned Stab","floor":1},{"not_picked":["Endless Agony","Quick Slash"],"picked":"Noxious Fumes","floor":5},{"not_picked":["Outmaneuver","Acrobatics","Deadly Poison"],"picked":"Singing Bowl","floor":6},{"not_picked":["Eviscerate","Deflect"],"picked":"Deadly Poison","floor":7},{"not_picked":["Skewer","Poisoned Stab"],"picked":"Catalyst","floor":8},{"not_picked":["Dagger Spray","Distraction"],"picked":"Terror","floor":10},{"not_picked":["Masterful Stab","Sucker Punch","Slice"],"picked":"Singing Bowl","floor":14},{"not_picked":["Doppelganger","Unload"],"picked":"Bullet Time","floor":16},{"not_picked":["Eviscerate","Endless Agony"],"picked":"Prepared","floor":18},{"not_picked":["Flying Knee","Dodge and Roll"],"picked":"Cloak And Dagger+1","floor":19},{"not_picked":["Poisoned Stab+1","Quick Slash"],"picked":"Dagger Throw","floor":21},{"not_picked":["Cloak And Dagger","Flechettes+1"],"picked":"Noxious Fumes","floor":22},{"not_picked":["Bane","Flying Knee"],"picked":"Malaise","floor":23},{"not_picked":["Deflect","Caltrops","Dagger Spray"],"picked":"Singing Bowl","floor":24},{"not_picked":["Flechettes+1","Choke"],"picked":"Slice+1","floor":24}],"player_experience":246937,"relics_obtained":[{"floor":3,"key":"Lantern"},{"floor":6,"key":"Singing Bowl"},{"floor":8,"key":"Bag of Marbles"},{"floor":9,"key":"Bottled Lightning"},{"floor":23,"key":"Prayer Wheel"},{"floor":26,"key":"Frozen Egg 2"}],"event_choices":[{"event_name":"World of Goop","player_choice":"Gather Gold","floor":2,"damage_taken":0},{"event_name":"Living Wall","player_choice":"Change","floor":4,"damage_taken":0},{"event_name":"Purifier","player_choice":"One Purge","floor":12,"damage_taken":0}],"is_beta":false,"boss_relics":[{"not_picked":["Pandora\u0027s Box","Calling Bell"],"picked":"Cursed Key"}],"items_purged_floors":[],"is_endless":false,"potions_floor_spawned":[5,8,10,21,23,24],"killed_by":"Snake Plant","ascension_level":5}