{"gold_per_floor":[366,385,385,410,24,67,67,83,83,83,96,96,112,112,112,237,237,250,8,8,8,8],"floor_reached":22,"playtime":1794,"items_purged":["Parasite","Evolve"],"score":184,"play_id":"90d96f27-fecf-4273-b790-1cd36a57be68","local_time":"20190706234221","is_ascension_mode":false,"campfire_choices":[{"floor":7,"key":"REST"},{"floor":10,"key":"REST"},{"floor":15,"key":"REST"}],"neow_cost":"CURSE","seed_source_timestamp":1459020182834300,"circlet_count":0,"master_deck":["Strike_R","Strike_R","Strike_R","Defend_R","Defend_R","Defend_R","Defend_R+1","Bash","Searing Blow","Intimidate","Clothesline","Thunderclap","Headbutt","Cleave","Heavy Blade+1","Pummel","Double Tap","Clothesline","Clash","Bloodletting","Iron Wave","Feel No Pain"],"relics":["Burning Blood","Bloody Idol","Anchor","PreservedInsect","Blood Vial","Shuriken","Runic Pyramid"],"potions_floor_usage":[6,16,18,22],"damage_taken":[{"damage":5,"enemies":"Small Slimes","floor":1,"turns":4},{"damage":15,"enemies":"2 Louse","floor":2,"turns":3},{"damage":6,"enemies":"Jaw Worm","floor":4,"turns":3},{"damage":31,"enemies":"Lagavulin","floor":6,"turns":8},{"damage":7,"enemies":"Large Slime","floor":8,"turns":5},{"damage":6,"enemies":"Exordium Thugs","floor":11,"turns":3},{"damage":7,"enemies":"Looter","floor":13,"turns":3},{"damage":19,"enemies":"Slime Boss","floor":16,"turns":8},{"damage":48,"enemies":"Shell Parasite","floor":18,"turns":11},{"damage":37,"enemies":"3 Byrds","floor":22,"turns":3}],"seed_played":"-7429282084088160136","potions_obtained":[{"floor":2,"key":"SpeedPotion"},{"floor":8,"key":"EssenceOfSteel"},{"floor":16,"key":"SkillPotion"}],"is_trial":false,"path_per_floor":["M","M","?","M","$","E","R","M","T","R","M","?","M","?","R","B",null,"M","$","?","?","M"],"character_chosen":"IRONCLAD","items_purchased":["Anchor","Clothesline","Thunderclap","Block Potion","Clash","Bloodletting","SteroidPotion"],"campfire_rested":3,"item_purchase_floors":[5,5,5,5,19,19,19],"current_hp_per_floor":[80,71,51,51,51,26,49,48,48,71,73,58,59,47,70,59,77,35,35,35,35,0],"gold":8,"neow_bonus":"TWO_FIFTY_GOLD","is_prod":false,"is_daily":false,"chose_seed":false,"campfire_upgraded":0,"win_rate":0.0,"timestamp":1562474541,"path_taken":["M","M","?","M","$","E","R","M","T","R","M","?","M","?","R","BOSS","M","$","?","?","?"],"build_version":"2019-07-05","purchased_purges":2,"victory":false,"max_hp_per_floor":[80,80,80,80,77,77,77,77,77,77,77,77,77,77,77,77,77,77,77,77,77,77],"card_choices":[{"not_picked":["Headbutt","Bloodletting"],"picked":"Searing Blow","floor":1},{"not_picked":["Wild Strike","Corruption"],"picked":"Evolve","floor":2},{"not_picked":["Inflame","Headbutt"],"picked":"Intimidate","floor":4},{"not_picked":["True Grit","Berserk"],"picked":"Headbutt","floor":6},{"not_picked":["Whirlwind","Sword Boomerang"],"picked":"Cleave","floor":8},{"not_picked":["Thunderclap","Cleave"],"picked":"Heavy Blade","floor":11},{"not_picked":["Corruption","Burning Pact"],"picked":"Pummel","floor":13},{"not_picked":["Limit Break","Dark Embrace"],"picked":"Double Tap","floor":16},{"not_picked":["Disarm","Perfected Strike"],"picked":"Clothesline","floor":18}],"player_experience":38353,"relics_obtained":[{"floor":6,"key":"PreservedInsect"},{"floor":9,"key":"Blood Vial"}],"event_choices":[{"damage_healed":0,"gold_gain":0,"player_choice":"Take Damage","damage_taken":20,"relics_obtained":["Golden Idol"],"max_hp_gain":0,"max_hp_loss":0,"event_name":"Golden Idol","floor":3,"gold_loss":0},{"damage_healed":0,"gold_gain":0,"player_choice":"Entered Light","damage_taken":15,"max_hp_gain":0,"max_hp_loss":0,"event_name":"Shining Light","floor":12,"gold_loss":0,"cards_upgraded":["Heavy Blade","Defend_R"]},{"damage_healed":0,"gold_gain":0,"player_choice":"Success","damage_taken":12,"relics_obtained":["Shuriken"],"max_hp_gain":0,"max_hp_loss":0,"event_name":"Scrap Ooze","floor":14,"gold_loss":0},{"damage_healed":0,"gold_gain":0,"cards_transformed":["Strike_R","Strike_R"],"player_choice":"Became Test Subject","damage_taken":0,"max_hp_gain":0,"max_hp_loss":0,"event_name":"Drug Dealer","floor":20,"gold_loss":0,"cards_obtained":["Iron Wave","Feel No Pain"]},{"damage_healed":0,"gold_gain":0,"player_choice":"Gave Idol","damage_taken":0,"relics_obtained":["Bloody Idol"],"max_hp_gain":0,"max_hp_loss":0,"event_name":"Forgotten Altar","floor":21,"relics_lost":["Golden Idol"],"gold_loss":0}],"is_beta":false,"boss_relics":[{"not_picked":["Velvet Choker","Ectoplasm"],"picked":"Runic Pyramid"}],"items_purged_floors":[5,19],"is_endless":false,"potions_floor_spawned":[2,8,16],"killed_by":"3 Byrds","ascension_level":0}