{"gold_per_floor":[114,134,4,4,20,20,55,55,103,130,143,143,143,143,143,143],"floor_reached":16,"playtime":395,"items_purged":["Strike_B"],"score":216,"play_id":"a3c964ff-b4e3-4cbf-95f0-dbd276e54689","local_time":"20190623211619","is_ascension_mode":true,"campfire_choices":[{"data":"Barrage","floor":6.0,"key":"SMITH"},{"floor":8.0,"key":"REST"},{"data":"Capacitor","floor":13.0,"key":"SMITH"},{"floor":15.0,"key":"REST"}],"neow_cost":"NONE","seed_source_timestamp":1835425119631131,"circlet_count":0,"master_deck":["AscendersBane","Strike_B+1","Strike_B","Defend_B","Defend_B","Defend_B","Defend_B","Zap","Dualcast","Heatsinks+1","Turbo","Barrage+1","Beam Cell","Self Repair","Glacier","Capacitor+1"],"special_seed":0,"relics":["Cracked Core","NeowsBlessing","Art of War","Potion Belt","Bag of Marbles","Blue Candle"],"potions_floor_usage":[16],"damage_taken":[{"damage":0.0,"enemies":"Cultist","floor":1.0,"turns":1.0},{"damage":0.0,"enemies":"2 Louse","floor":2.0,"turns":1.0},{"damage":0.0,"enemies":"Jaw Worm","floor":5.0,"turns":1.0},{"damage":50.0,"enemies":"3 Sentries","floor":7.0,"turns":8.0},{"damage":25.0,"enemies":"Lagavulin","floor":10.0,"turns":7.0},{"damage":3.0,"enemies":"Exordium Wildlife","floor":11.0,"turns":5.0},{"damage":33,"enemies":"Slime Boss","floor":16,"turns":8}],"seed_played":"-5443867672600135462","potions_obtained":[{"floor":1.0,"key":"FairyPotion"},{"floor":10.0,"key":"Ancient Potion"},{"floor":11.0,"key":"Weak Potion"}],"is_trial":false,"path_per_floor":["M","M","$","?","M","R","E","R","T","E","M","?","R","?","R","B"],"character_chosen":"DEFECT","items_purchased":["Barrage"],"campfire_rested":2,"item_purchase_floors":[3],"current_hp_per_floor":[64,64,64,43,43,43,7,28,28,10,14,7,7,7,28,0],"gold":143,"neow_bonus":"THREE_ENEMY_KILL","is_prod":false,"is_daily":false,"chose_seed":false,"campfire_upgraded":2,"win_rate":0,"timestamp":1561295779,"path_taken":["M","?","$","?","M","R","E","R","T","E","M","?","R","?","R","BOSS"],"build_version":"2019-01-23","purchased_purges":1,"victory":false,"max_hp_per_floor":[71,71,71,71,71,71,71,71,71,71,71,71,71,71,71,71],"card_choices":[{"not_picked":["Chaos","Sweeping Beam"],"picked":"Heatsinks","floor":1.0},{"not_picked":["Reinforced Body","Go for the Eyes"],"picked":"Turbo","floor":2.0},{"not_picked":["Lockon","Conserve Battery"],"picked":"Beam Cell","floor":5.0},{"not_picked":["Consume","Barrage"],"picked":"Self Repair","floor":7.0},{"not_picked":["Chaos","Turbo"],"picked":"Glacier","floor":10.0},{"not_picked":["Fusion","Tempest"],"picked":"Capacitor","floor":11.0}],"player_experience":1978996,"relics_obtained":[{"floor":7.0,"key":"Art of War"},{"floor":9.0,"key":"Potion Belt"},{"floor":10.0,"key":"Bag of Marbles"}],"event_choices":[{"damage_healed":0.0,"max_hp_gain":0.0,"max_hp_loss":0.0,"gold_gain":0.0,"event_name":"Shining Light","player_choice":"Entered Light","floor":4.0,"gold_loss":0.0,"damage_taken":21.0,"cards_upgraded":["Strike_B","Heatsinks"]},{"cards_removed":["Strike_B"],"damage_healed":0.0,"max_hp_gain":0.0,"max_hp_loss":0.0,"gold_gain":0.0,"event_name":"Golden Wing","player_choice":"Card Removal","floor":12.0,"gold_loss":0.0,"damage_taken":7.0},{"damage_healed":0.0,"max_hp_gain":0.0,"max_hp_loss":0.0,"gold_gain":0.0,"event_name":"Dead Adventurer","player_choice":"Searched \u00271\u0027 times","floor":14.0,"gold_loss":0.0,"damage_taken":0.0,"relics_obtained":["Blue Candle"]}],"is_beta":false,"boss_relics":[],"items_purged_floors":[3],"is_endless":false,"potions_floor_spawned":[1,10,11],"killed_by":"Slime Boss","ascension_level":20}