{"gold_per_floor":[110,125,39,39,117,117,42,77,77,100,138,162,162,162,162,162],"floor_reached":16,"playtime":319,"items_purged":["Strike_R"],"score":266,"play_id":"c86b95dd-f676-41e8-a112-e2af3116630c","local_time":"20190622131650","is_ascension_mode":true,"campfire_choices":[{"data":"Armaments","floor":6.0,"key":"SMITH"},{"data":"Inflame","floor":13.0,"key":"SMITH"},{"data":"Bash","floor":15.0,"key":"SMITH"}],"neow_cost":"NONE","seed_source_timestamp":1720345723813816,"circlet_count":0,"master_deck":["AscendersBane","Strike_R","Strike_R","Strike_R","Defend_R","Defend_R","Defend_R","Defend_R","Bash+1","Armaments+1","Inflame+1","Warcry+1","Limit Break+1"],"special_seed":0,"relics":["Burning Blood","NeowsBlessing","Golden Idol","Toxic Egg 2","PreservedInsect","Matryoshka","Self Forming Clay"],"potions_floor_usage":[16,16],"damage_taken":[{"damage":0.0,"enemies":"2 Louse","floor":1.0,"turns":1.0},{"damage":0.0,"enemies":"Jaw Worm","floor":2.0,"turns":1.0},{"damage":0.0,"enemies":"3 Sentries","floor":8.0,"turns":2.0},{"damage":1.0,"enemies":"Cultist","floor":10.0,"turns":4.0},{"damage":11.0,"enemies":"Lagavulin","floor":11.0,"turns":7.0},{"damage":24.0,"enemies":"Large Slime","floor":12.0,"turns":8.0},{"damage":24,"enemies":"Hexaghost","floor":16,"turns":9}],"seed_played":"1234120226002171777","potions_obtained":[{"floor":1.0,"key":"Dexterity Potion"},{"floor":10.0,"key":"FearPotion"}],"is_trial":false,"path_per_floor":["M","M","$","?","T","R","$","E","T","M","E","M","R","?","R","B"],"character_chosen":"IRONCLAD","items_purchased":["Inflame"],"campfire_rested":0,"item_purchase_floors":[3],"current_hp_per_floor":[74,75,75,49,49,49,49,55,55,60,55,37,37,37,37,13],"gold":162,"neow_bonus":"THREE_ENEMY_KILL","is_prod":false,"is_daily":false,"chose_seed":false,"campfire_upgraded":3,"win_rate":0,"timestamp":1561180610,"path_taken":["M","M","$","?","?","R","$","E","T","M","E","M","R","?","R","BOSS"],"build_version":"2019-01-23","purchased_purges":1,"victory":false,"max_hp_per_floor":[75,75,75,75,75,75,75,75,75,75,75,75,75,75,75,75],"card_choices":[{"not_picked":["Reckless Charge","Havoc"],"picked":"Armaments","floor":1.0},{"not_picked":["Hemokinesis","Perfected Strike","Headbutt"],"picked":"SKIP","floor":2.0},{"not_picked":["Clothesline","Rage+1"],"picked":"Warcry+1","floor":8.0},{"not_picked":["Perfected Strike","Headbutt","Heavy Blade"],"picked":"SKIP","floor":10.0},{"not_picked":["Metallicize","Headbutt","Infernal Blade+1"],"picked":"SKIP","floor":11.0},{"not_picked":["Iron Wave","Exhume+1","Sentinel+1"],"picked":"SKIP","floor":12.0},{"not_picked":["Iron Wave","Exhume+1","Sentinel+1"],"picked":"SKIP","floor":12.0}],"player_experience":1969283,"relics_obtained":[{"floor":5.0,"key":"Toxic Egg 2"},{"floor":8.0,"key":"PreservedInsect"},{"floor":9.0,"key":"Matryoshka"},{"floor":11.0,"key":"Self Forming Clay"}],"event_choices":[{"damage_healed":0.0,"max_hp_gain":0.0,"max_hp_loss":0.0,"gold_gain":0.0,"event_name":"Golden Idol","player_choice":"Take Damage","floor":4.0,"gold_loss":0.0,"damage_taken":26.0,"relics_obtained":["Golden Idol"]},{"damage_healed":0.0,"max_hp_gain":0.0,"max_hp_loss":0.0,"gold_gain":0.0,"cards_transformed":["Strike_R"],"event_name":"Transmorgrifier","player_choice":"Transformed","floor":14.0,"gold_loss":0.0,"damage_taken":0.0,"cards_obtained":["Limit Break"]}],"is_beta":false,"boss_relics":[],"items_purged_floors":[7],"is_endless":false,"potions_floor_spawned":[1,10],"killed_by":"Hexaghost","ascension_level":20}