{"gold_per_floor":[113,163,176,16,16,50,50,78,78,92,92,127,139,39,39,39],"floor_reached":16,"playtime":321,"items_purged":["Strike_R","Strike_R"],"score":286,"play_id":"ee59c55d-a7dd-4305-801b-8a558ae41512","local_time":"20190602160254","is_ascension_mode":true,"campfire_choices":[{"data":"Searing Blow","floor":7,"key":"SMITH"},{"data":"Searing Blow+1","floor":11,"key":"SMITH"},{"data":"Searing Blow+2","floor":15,"key":"SMITH"}],"neow_cost":"NONE","seed_source_timestamp":2424868711078,"circlet_count":0,"master_deck":["AscendersBane","Strike_R","Strike_R","Strike_R","Defend_R","Defend_R","Defend_R","Defend_R","Bash","Shrug It Off","True Grit","Pommel Strike","Searing Blow+3"],"special_seed":0,"relics":["Burning Blood","NeowsBlessing","Meat on the Bone","Art of War","Gremlin Horn","Ornamental Fan"],"potions_floor_usage":[16,16],"damage_taken":[{"damage":0.0,"enemies":"Small Slimes","floor":1.0,"turns":1.0},{"damage":0,"enemies":"Cultist","floor":3,"turns":1},{"damage":0,"enemies":"Gremlin Nob","floor":6,"turns":1},{"damage":67,"enemies":"Lagavulin","floor":8,"turns":7},{"damage":2,"enemies":"2 Louse","floor":10,"turns":3},{"damage":32,"enemies":"3 Sentries","floor":12,"turns":10},{"damage":23,"enemies":"Exordium Thugs","floor":13,"turns":4},{"damage":18,"enemies":"Slime Boss","floor":16,"turns":6}],"seed_played":"5748378292068230394","potions_obtained":[{"floor":6,"key":"FearPotion"},{"floor":12,"key":"Dexterity Potion"},{"floor":13,"key":"Swift Potion"}],"is_trial":false,"path_per_floor":["M","?","M","$","?","E","R","E","T","M","R","E","M","$","R","B"],"character_chosen":"IRONCLAD","items_purchased":["True Grit","Pommel Strike"],"campfire_rested":0,"item_purchase_floors":[4,4],"current_hp_per_floor":[74,67,73,73,73,75,75,26,26,42,42,28,23,23,23,5],"gold":39,"neow_bonus":"THREE_ENEMY_KILL","is_prod":false,"is_daily":false,"chose_seed":false,"campfire_upgraded":3,"win_rate":0,"timestamp":1559462574,"path_taken":["M","?","?","$","?","E","R","E","T","M","R","E","M","?","R","BOSS"],"build_version":"2019-01-23","purchased_purges":2,"victory":false,"max_hp_per_floor":[75,75,75,75,75,75,75,75,75,75,75,75,75,75,75,75],"card_choices":[{"not_picked":["Perfected Strike","Sword Boomerang"],"picked":"Shrug It Off","floor":1.0},{"not_picked":["Blood for Blood","Headbutt","Sword Boomerang"],"picked":"SKIP","floor":3},{"not_picked":["Heavy Blade","Exhume"],"picked":"Searing Blow","floor":6},{"not_picked":["Clash","Sword Boomerang","Warcry"],"picked":"SKIP","floor":8},{"not_picked":["Heavy Blade","Sword Boomerang","Spot Weakness"],"picked":"SKIP","floor":10},{"not_picked":["Pummel","Rampage","True Grit"],"picked":"SKIP","floor":12},{"not_picked":["Shrug It Off","Bloodletting","Clothesline"],"picked":"SKIP","floor":13}],"player_experience":1841419,"relics_obtained":[{"floor":6,"key":"Meat on the Bone"},{"floor":8,"key":"Art of War"},{"floor":9,"key":"Gremlin Horn"},{"floor":12,"key":"Ornamental Fan"}],"event_choices":[{"damage_healed":0,"gold_gain":50,"player_choice":"Touch","damage_taken":7,"max_hp_gain":0,"max_hp_loss":0,"event_name":"FaceTrader","floor":2,"gold_loss":0},{"damage_healed":0,"gold_gain":0,"player_choice":"Leave","damage_taken":0,"max_hp_gain":0,"max_hp_loss":0,"event_name":"The Cleric","floor":5,"gold_loss":0}],"is_beta":false,"boss_relics":[],"items_purged_floors":[4,14],"is_endless":false,"potions_floor_spawned":[6,12,13],"killed_by":"Slime Boss","ascension_level":20}