{"gold_per_floor":[144,189,189,26,71,161,161,206,256,301,476,290,380,425,437,749,761,818,755,767],"floor_reached":20,"playtime":1487,"items_purged":[],"score":234,"play_id":"68577d7c-b5ba-4920-b0a3-6dfe974c73d7","local_time":"20180824124451","daily_mods":["Specialized","Midas","Vintage"],"is_ascension_mode":false,"campfire_choices":[{"floor":7,"key":"REST"},{"floor":15,"key":"DIG"}],"neow_cost":"","seed_source_timestamp":0,"circlet_count":0,"master_deck":["Strike_R+1","Defend_R","Defend_R","Defend_R+1","Defend_R","Bash","Reaper+1","Reaper","Reaper","Reaper","Reaper","Evolve","Warcry+1","Disarm","Iron Wave","Corruption","Ghostly Armor","Juggernaut","Brutality+1","Exhume+1","Rage+1"],"special_seed":17767,"relics":["Burning Blood","Bronze Scales","Unceasing Top","Orichalcum","Strawberry","Shovel","Omamori","Whetstone","Centennial Puzzle","Self Forming Clay","MawBank","Matryoshka","Red Skull","Astrolabe","Torii","War Paint"],"potions_floor_usage":[13,13,13,16],"damage_taken":[{"damage":11,"enemies":"Cultist","floor":1,"turns":5},{"damage":6,"enemies":"Small Slimes","floor":2,"turns":4},{"damage":3,"enemies":"Jaw Worm","floor":5,"turns":5},{"damage":45,"enemies":"3 Sentries","floor":6,"turns":10},{"damage":12,"enemies":"Looter","floor":8,"turns":4},{"damage":11,"enemies":"3 Louse","floor":10,"turns":3},{"damage":38,"enemies":"Lagavulin","floor":13,"turns":11},{"damage":13,"enemies":"Exordium Wildlife","floor":14,"turns":5},{"damage":62,"enemies":"The Guardian","floor":16,"turns":19},{"damage":38,"enemies":"Spheric Guardian","floor":18,"turns":12},{"damage":7,"enemies":"2 Thieves","floor":19,"turns":5},{"damage":26,"enemies":"Centurion and Healer","floor":20,"turns":9}],"seed_played":"-2736081404112847193","potions_obtained":[{"floor":2,"key":"Block Potion"},{"floor":5,"key":"EssenceOfSteel"},{"floor":6,"key":"SpeedPotion"},{"floor":14,"key":"Weak Potion"}],"is_trial":false,"path_per_floor":["M","M","?","$","M","E","R","M","T","M","?","$","E","M","R","B",null,"M","M"],"character_chosen":"IRONCLAD","items_purchased":["Evolve","Warcry","Disarm","Corruption","Centennial Puzzle"],"campfire_rested":1,"item_purchase_floors":[4,4,4,12,12],"current_hp_per_floor":[75,80,80,80,80,85,87,85,85,87,87,87,55,61,61,18,87,56,69,55],"gold":767,"neow_bonus":"","is_prod":false,"is_daily":true,"chose_seed":false,"campfire_upgraded":0,"win_rate":0,"timestamp":1535082291,"path_taken":["M","M","?","$","M","E","R","M","T","M","?","$","E","M","R","BOSS","M","M","M"],"build_version":"2018-08-23","purchased_purges":0,"victory":false,"max_hp_per_floor":[80,80,80,80,80,87,87,87,87,87,87,87,87,87,87,87,87,87,87,87],"card_choices":[{"not_picked":["Clash","Seeing Red"],"picked":"Iron Wave","floor":6},{"not_picked":["Fire Breathing","Rampage"],"picked":"Ghostly Armor","floor":13},{"not_picked":["Immolate","Demon Form"],"picked":"Juggernaut","floor":16}],"player_experience":223816,"relics_obtained":[{"floor":1,"key":"Bronze Scales"},{"floor":2,"key":"Unceasing Top"},{"floor":5,"key":"Orichalcum"},{"floor":6,"key":"Strawberry"},{"floor":8,"key":"Shovel"},{"floor":9,"key":"Omamori"},{"floor":10,"key":"Whetstone"},{"floor":13,"key":"Self Forming Clay"},{"floor":14,"key":"MawBank"},{"floor":15,"key":"Matryoshka"},{"floor":16,"key":"Red Skull"},{"floor":18,"key":"Torii"},{"floor":19,"key":"War Paint"}],"event_choices":[{"event_name":"Bonfire Elementals","player_choice":"BASIC","floor":3,"damage_taken":0},{"event_name":"Liars Game","player_choice":"agreed","floor":11,"damage_taken":0}],"is_beta":false,"boss_relics":[{"not_picked":["Cursed Key","White Beast Statue"],"picked":"Astrolabe"}],"items_purged_floors":[],"is_endless":false,"potions_floor_spawned":[2,5,6,14],"killed_by":"Centurion and Healer","ascension_level":0}