{"gold_per_floor":[110,122,139,139,139,167,167,201,251,262,277,296,296,311,311,311],"floor_reached":16,"playtime":533,"items_purged":[],"score":148,"play_id":"7b032e7a-7a0a-45e0-9b72-36ade511f438","local_time":"20190530232649","is_ascension_mode":true,"campfire_choices":[{"data":"Apotheosis","floor":7.0,"key":"SMITH"},{"floor":15,"key":"REST"}],"neow_cost":"TEN_PERCENT_HP_LOSS","seed_source_timestamp":26054782085011,"circlet_count":0,"master_deck":["Strike_R","Strike_R","Strike_R","Strike_R","Strike_R","Defend_R","Defend_R","Defend_R","Defend_R","Bash","Panacea+1","Apotheosis+1","Pommel Strike","Pommel Strike","Wild Strike"],"special_seed":0,"relics":["Burning Blood","Singing Bowl","Art of War","Orichalcum"],"potions_floor_usage":[14],"damage_taken":[{"damage":2.0,"enemies":"Jaw Worm","floor":1.0,"turns":3.0},{"damage":2.0,"enemies":"Small Slimes","floor":2.0,"turns":3.0},{"damage":1.0,"enemies":"Cultist","floor":3.0,"turns":3.0},{"damage":40.0,"enemies":"Lagavulin","floor":6.0,"turns":5.0},{"damage":32.0,"enemies":"Gremlin Nob","floor":8.0,"turns":4.0},{"damage":2.0,"enemies":"Large Slime","floor":10.0,"turns":3.0},{"damage":12.0,"enemies":"Exordium Thugs","floor":11.0,"turns":4.0},{"damage":5.0,"enemies":"Looter","floor":12.0,"turns":2.0},{"damage":16,"enemies":"Large Slime","floor":14,"turns":4},{"damage":40,"enemies":"Slime Boss","floor":16,"turns":6}],"seed_played":"6835047906278418139","potions_obtained":[{"floor":1.0,"key":"SteroidPotion"},{"floor":2.0,"key":"Poison Potion"},{"floor":8.0,"key":"SkillPotion"},{"floor":11.0,"key":"Strength Potion"}],"is_trial":false,"path_per_floor":["M","M","M","?","?","E","R","E","T","M","M","M","?","M","R","B"],"character_chosen":"IRONCLAD","items_purchased":[],"campfire_rested":1,"item_purchase_floors":[],"current_hp_per_floor":[72,72,72,72,72,40,40,14,14,20,16,19,19,11,35,0],"gold":311,"neow_bonus":"RANDOM_COLORLESS_2","is_prod":false,"is_daily":false,"chose_seed":false,"campfire_upgraded":1,"win_rate":0,"timestamp":1559273209,"path_taken":["M","M","M","?","?","E","R","E","T","?","M","M","?","?","R","BOSS"],"build_version":"2019-01-23","purchased_purges":0,"victory":false,"max_hp_per_floor":[72,72,72,72,72,74,74,74,74,76,78,80,80,82,82,82],"card_choices":[{"not_picked":["Sword Boomerang","Intimidate"],"picked":"Pommel Strike","floor":1.0},{"not_picked":["Evolve","Sword Boomerang"],"picked":"Pommel Strike","floor":2.0},{"not_picked":["Iron Wave","Corruption","Combust"],"picked":"SKIP","floor":3.0},{"not_picked":["Dropkick","Warcry","Clothesline"],"picked":"Singing Bowl","floor":6.0},{"not_picked":["Juggernaut","Disarm"],"picked":"Wild Strike","floor":8.0},{"not_picked":["Wild Strike","Spot Weakness","Hemokinesis"],"picked":"Singing Bowl","floor":10.0},{"not_picked":["Havoc","Headbutt","Rage"],"picked":"Singing Bowl","floor":11.0},{"not_picked":["Iron Wave","Spot Weakness","Armaments"],"picked":"Singing Bowl","floor":12.0},{"not_picked":["Evolve","Dropkick","Clash"],"picked":"Singing Bowl","floor":14}],"player_experience":1043267,"relics_obtained":[{"floor":6.0,"key":"Singing Bowl"},{"floor":8.0,"key":"Art of War"},{"floor":9.0,"key":"Orichalcum"}],"event_choices":[{"damage_healed":0.0,"max_hp_gain":0.0,"max_hp_loss":0.0,"gold_gain":0.0,"event_name":"Golden Wing","player_choice":"Ignored","floor":4.0,"gold_loss":0.0,"damage_taken":0.0},{"damage_healed":0.0,"max_hp_gain":0.0,"max_hp_loss":0.0,"gold_gain":0.0,"event_name":"Purifier","player_choice":"Ignored","floor":5.0,"gold_loss":0.0,"damage_taken":0.0},{"damage_healed":0.0,"max_hp_gain":0.0,"max_hp_loss":0.0,"gold_gain":0.0,"event_name":"Upgrade Shrine","player_choice":"Upgraded","floor":13.0,"gold_loss":0.0,"damage_taken":0.0,"cards_upgraded":["Panacea"]}],"is_beta":false,"boss_relics":[],"items_purged_floors":[],"is_endless":false,"potions_floor_spawned":[1,2,8,11],"killed_by":"Slime Boss","ascension_level":6}