{"gold_per_floor":[114,129,404,29,44,74,89,104,104,119,149,164,179,179,179,279,279,294,309,324,50,50,80,95,110,110,125,140,167,194,41,41,141,141,186,201,15,15,30,60,60,90,90,105,105,120,135,150,150,150],"floor_reached":51,"playtime":3041,"items_purged":["Regret","Regret"],"score":878,"play_id":"8eb2e702-8ee6-4b9e-b9cf-450241c8abb3","local_time":"20190728232001","daily_mods":["Heirloom","Vintage","Terminal"],"is_ascension_mode":false,"campfire_choices":[{"data":"Bash","floor":15,"key":"SMITH"},{"data":"Immolate","floor":32,"key":"SMITH"},{"data":"Jack Of All Trades","floor":41,"key":"SMITH"},{"floor":49,"key":"REST"}],"neow_cost":"","seed_source_timestamp":252307959766300,"circlet_count":0,"master_deck":["Strike_R","Strike_R","Strike_R","Strike_R+1","Strike_R","Defend_R","Defend_R","Defend_R","Defend_R+1","Bash+1","Flex+1","Rampage+1","Immolate+1","Body Slam","Necronomicurse","Twin Strike+1","Mind Blast+1","Rampage+1","Feed+1","Jack Of All Trades+1","Violence","Immolate+1","Clash+1","Madness","Madness","Heavy Blade+1"],"special_seed":18106,"relics":["Burning Blood","Incense Burner","Thread and Needle","Mummified Hand","Dream Catcher","Regal Pillow","Centennial Puzzle","Orichalcum","Bag of Marbles","Red Skull","War Paint","Matryoshka","Darkstone Periapt","Self Forming Clay","Question Card","PreservedInsect","Lizard Tail","Bronze Scales","Strawberry","Bag of Preparation","Meat on the Bone","Necronomicon","Molten Egg 2","Ancient Tea Set","Potion Belt","Sundial","Mercury Hourglass","Prayer Wheel","MawBank","Kunai","Anchor","Runic Pyramid","Tiny Chest","Omamori","Shuriken","Art of War","Frozen Egg 2","Juzu Bracelet","Ornamental Fan","Pen Nib","Whetstone","Letter Opener","StoneCalendar"],"potions_floor_usage":[6,8,16,16,16,24,33,33,44,50,50,50],"damage_taken":[{"damage":1,"enemies":"Jaw Worm","floor":1,"turns":4},{"damage":0,"enemies":"Cultist","floor":2,"turns":3},{"damage":0,"enemies":"Small Slimes","floor":5,"turns":3},{"damage":0,"enemies":"3 Sentries","floor":6,"turns":9},{"damage":0,"enemies":"3 Louse","floor":7,"turns":5},{"damage":2,"enemies":"Large Slime","floor":8,"turns":7},{"damage":0,"enemies":"Blue Slaver","floor":10,"turns":2},{"damage":3,"enemies":"Lagavulin","floor":11,"turns":5},{"damage":0,"enemies":"Looter","floor":12,"turns":1},{"damage":0,"enemies":"Exordium Wildlife","floor":13,"turns":2},{"damage":21,"enemies":"The Guardian","floor":16,"turns":6},{"damage":2,"enemies":"Chosen","floor":18,"turns":4},{"damage":5,"enemies":"Shell Parasite","floor":19,"turns":5},{"damage":11,"enemies":"Snake Plant","floor":20,"turns":3},{"damage":0,"enemies":"Book of Stabbing","floor":23,"turns":3},{"damage":5,"enemies":"Chosen and Byrds","floor":24,"turns":2},{"damage":1,"enemies":"Cultist and Chosen","floor":25,"turns":3},{"damage":11,"enemies":"Snake Plant","floor":27,"turns":2},{"damage":2,"enemies":"Centurion and Healer","floor":28,"turns":3},{"damage":5,"enemies":"3 Cultists","floor":29,"turns":5},{"damage":1,"enemies":"Sentry and Sphere","floor":30,"turns":2},{"damage":10,"enemies":"Champ","floor":33,"turns":7},{"damage":0,"enemies":"3 Darklings","floor":35,"turns":1},{"damage":0,"enemies":"3 Shapes","floor":36,"turns":2},{"damage":0,"enemies":"Sphere and 2 Shapes","floor":39,"turns":1},{"damage":15,"enemies":"Giant Head","floor":40,"turns":6},{"damage":0,"enemies":"Reptomancer","floor":42,"turns":1},{"damage":15,"enemies":"Maw","floor":44,"turns":5},{"damage":10,"enemies":"4 Shapes","floor":46,"turns":2},{"damage":9,"enemies":"Writhing Mass","floor":47,"turns":2},{"damage":3,"enemies":"Sphere and 2 Shapes","floor":48,"turns":2},{"damage":36,"enemies":"Awakened One","floor":50,"turns":8}],"seed_played":"-1077660895192141243","potions_obtained":[{"floor":1,"key":"AttackPotion"},{"floor":7,"key":"SkillPotion"},{"floor":10,"key":"FearPotion"},{"floor":11,"key":"Strength Potion"},{"floor":13,"key":"PowerPotion"},{"floor":16,"key":"SteroidPotion"},{"floor":19,"key":"Swift Potion"},{"floor":28,"key":"BloodPotion"},{"floor":29,"key":"Poison Potion"},{"floor":30,"key":"PowerPotion"},{"floor":33,"key":"Poison Potion"},{"floor":36,"key":"SpeedPotion"},{"floor":40,"key":"PowerPotion"},{"floor":42,"key":"BloodPotion"},{"floor":46,"key":"SkillPotion"}],"is_trial":false,"path_per_floor":["M","M","?","$","M","E","M","M","T","M","E","M","M","?","R","B",null,"M","M","M","$","?","E","M","M","T","M","M","M","M","$","R","B",null,"M","M","$","?","M","E","R","E","T","M","?","M","M","M","R","B",null],"character_chosen":"IRONCLAD","items_purchased":["Dream Catcher","Regal Pillow","Meat on the Bone","Body Slam","Mind Blast+1","Rampage+1","Jack Of All Trades"],"campfire_rested":1,"item_purchase_floors":[4,4,21,21,31,31,37],"current_hp_per_floor":[78,77,76,75,74,73,72,71,70,69,68,67,66,71,70,55,68,67,73,68,68,58,64,65,70,70,65,69,69,68,67,66,62,64,63,62,61,60,59,54,54,60,59,50,43,43,40,47,61,50],"gold":150,"neow_bonus":"","is_prod":false,"is_daily":true,"chose_seed":false,"campfire_upgraded":3,"win_rate":0,"timestamp":1564374001,"path_taken":["M","M","?","$","M","E","M","M","T","M","E","M","?","?","R","BOSS","M","M","M","$","?","E","M","M","T","M","M","M","M","$","R","BOSS","M","M","$","?","M","E","R","E","T","M","?","M","M","M","R","BOSS"],"build_version":"2019-07-17","purchased_purges":2,"victory":true,"max_hp_per_floor":[78,77,76,75,74,73,72,71,70,69,68,67,66,71,70,69,68,67,73,72,71,76,75,74,73,72,71,70,69,68,67,66,65,64,63,62,61,60,59,62,61,60,59,58,57,60,59,62,61,64],"card_choices":[{"not_picked":["True Grit","Dark Embrace"],"picked":"Flex","floor":6},{"not_picked":["Disarm","Fire Breathing"],"picked":"Rampage","floor":11},{"not_picked":["Berserk","Demon Form","Brutality"],"picked":"Immolate","floor":16},{"not_picked":["Flame Barrier+1","Pommel Strike","Iron Wave"],"picked":"Twin Strike+1","floor":23},{"not_picked":["Limit Break","Juggernaut","Impervious"],"picked":"Feed+1","floor":33},{"not_picked":["Mayhem","Purity","Thinking Ahead"],"picked":"Violence","floor":38},{"not_picked":["Intimidate","Flex+1","Anger+1"],"picked":"Immolate+1","floor":40},{"not_picked":["Disarm+1","Reaper+1","Thunderclap+1"],"picked":"Clash+1","floor":42},{"not_picked":["Pummel+1","Havoc+1","Fire Breathing+1"],"picked":"Heavy Blade+1","floor":49}],"player_experience":175343,"relics_obtained":[{"floor":1,"key":"Thread and Needle"},{"floor":2,"key":"Mummified Hand"},{"floor":5,"key":"Centennial Puzzle"},{"floor":6,"key":"Orichalcum"},{"floor":7,"key":"Bag of Marbles"},{"floor":8,"key":"Red Skull"},{"floor":9,"key":"War Paint"},{"floor":10,"key":"Matryoshka"},{"floor":11,"key":"Darkstone Periapt"},{"floor":12,"key":"Self Forming Clay"},{"floor":13,"key":"Question Card"},{"floor":18,"key":"Bronze Scales"},{"floor":19,"key":"Strawberry"},{"floor":20,"key":"Bag of Preparation"},{"floor":22,"key":"Necronomicon"},{"floor":23,"key":"Molten Egg 2"},{"floor":24,"key":"Ancient Tea Set"},{"floor":25,"key":"Potion Belt"},{"floor":26,"key":"Sundial"},{"floor":26,"key":"Mercury Hourglass"},{"floor":27,"key":"Prayer Wheel"},{"floor":28,"key":"MawBank"},{"floor":29,"key":"Kunai"},{"floor":30,"key":"Anchor"},{"floor":35,"key":"Tiny Chest"},{"floor":36,"key":"Omamori"},{"floor":39,"key":"Shuriken"},{"floor":40,"key":"Art of War"},{"floor":42,"key":"Frozen Egg 2"},{"floor":43,"key":"Juzu Bracelet"},{"floor":43,"key":"Ornamental Fan"},{"floor":44,"key":"Pen Nib"},{"floor":46,"key":"Whetstone"},{"floor":47,"key":"Letter Opener"},{"floor":48,"key":"StoneCalendar"}],"event_choices":[{"damage_healed":0,"gold_gain":275,"player_choice":"Desecrate","damage_taken":0,"max_hp_gain":0,"max_hp_loss":0,"event_name":"Golden Shrine","floor":3,"gold_loss":0,"cards_obtained":["Regret"]},{"damage_healed":0,"gold_gain":0,"player_choice":"Box","damage_taken":0,"relics_obtained":["PreservedInsect"],"max_hp_gain":0,"max_hp_loss":0,"event_name":"Big Fish","floor":14,"gold_loss":0,"cards_obtained":["Regret"]},{"damage_healed":0,"gold_gain":0,"player_choice":"Obtained Book","damage_taken":16,"max_hp_gain":0,"max_hp_loss":0,"event_name":"Cursed Tome","floor":22,"gold_loss":0},{"damage_healed":0,"gold_gain":0,"player_choice":"Memory 1","damage_taken":0,"max_hp_gain":0,"max_hp_loss":0,"event_name":"SensoryStone","floor":38,"gold_loss":0},{"damage_healed":0,"gold_gain":0,"player_choice":"Embrace Madness","damage_taken":7,"max_hp_gain":0,"max_hp_loss":0,"event_name":"Winding Halls","floor":45,"gold_loss":0,"cards_obtained":["Madness","Madness"]}],"is_beta":false,"boss_relics":[{"not_picked":["Tiny House","Runic Dome"],"picked":"Lizard Tail"},{"not_picked":["Empty Cage","Eternal Feather"],"picked":"Runic Pyramid"}],"items_purged_floors":[4,37],"is_endless":false,"potions_floor_spawned":[1,7,10,11,13,16,19,28,29,30,33,36,40,42,46],"ascension_level":0}