{"gold_per_floor":[114,114,130,130,43,43,76,76,76,89,10,24,50,62,62,136,136,146,146,157,29,29,29,29,49,75,75,0,35,35,53,53,53],"floor_reached":33,"playtime":735,"items_purged":["Strike_B"],"score":696,"play_id":"2256d9af-21e3-46ab-90a0-f4187f3a8d75","local_time":"20190531224425","is_ascension_mode":true,"campfire_choices":[{"data":"Zap","floor":6.0,"key":"SMITH"},{"data":"Double Energy","floor":8.0,"key":"SMITH"},{"data":"Defragment","floor":15.0,"key":"SMITH"},{"data":"Dualcast","floor":23.0,"key":"SMITH"},{"data":"Darkness","floor":30.0,"key":"SMITH"},{"floor":32.0,"key":"REST"}],"neow_cost":"NONE","seed_source_timestamp":101229941619200,"circlet_count":0,"master_deck":["AscendersBane","Strike_B","Defend_B","Defend_B","Defend_B","Defend_B","Zap+1","Dualcast+1","Double Energy+1","Skim","Self Repair","Meteor Strike","Darkness+1","Defragment+1","Compile Driver","Sunder","Undo","Meteor Strike","Beam Cell+1","Conserve Battery","Hologram"],"special_seed":0,"relics":["Cracked Core","NeowsBlessing","WarpedTongs","Orichalcum","Letter Opener","Ginger","Black Star","Happy Flower","DataDisk","Centennial Puzzle"],"potions_floor_usage":[],"damage_taken":[{"damage":0.0,"enemies":"Small Slimes","floor":1.0,"turns":1.0},{"damage":0.0,"enemies":"Cultist","floor":3.0,"turns":1.0},{"damage":0.0,"enemies":"Lagavulin","floor":7.0,"turns":1.0},{"damage":7.0,"enemies":"Jaw Worm","floor":10.0,"turns":3.0},{"damage":12.0,"enemies":"Exordium Thugs","floor":12.0,"turns":3.0},{"damage":26.0,"enemies":"3 Sentries","floor":13.0,"turns":8.0},{"damage":0.0,"enemies":"3 Louse","floor":14.0,"turns":2.0},{"damage":0.0,"enemies":"Slime Boss","floor":16.0,"turns":3.0},{"damage":21.0,"enemies":"Shell Parasite","floor":18.0,"turns":3.0},{"damage":16.0,"enemies":"Chosen","floor":20.0,"turns":4.0},{"damage":8.0,"enemies":"Centurion and Healer","floor":25.0,"turns":4.0},{"damage":20.0,"enemies":"Slavers","floor":29.0,"turns":3.0},{"damage":6.0,"enemies":"Shelled Parasite and Fungi","floor":31.0,"turns":3.0},{"damage":46,"enemies":"Automaton","floor":33,"turns":8}],"seed_played":"-6403239900877415975","potions_obtained":[{"floor":10.0,"key":"SkillPotion"},{"floor":13.0,"key":"Fire Potion"},{"floor":20.0,"key":"Explosive Potion"},{"floor":25.0,"key":"FocusPotion"}],"is_trial":false,"path_per_floor":["M","?","M","?","$","R","E","R","T","M","$","M","E","M","R","B",null,"M","?","M","$","?","R","$","M","T","$","?","E","R","M","R","B"],"character_chosen":"DEFECT","items_purchased":["Self Repair","Defragment","Hologram"],"campfire_rested":1,"item_purchase_floors":[5,11,21],"current_hp_per_floor":[64,64,64,64,64,64,64,64,64,67,67,55,36,36,36,43,64,43,43,34,34,34,34,34,33,33,33,33,20,20,14,35,0],"gold":53,"neow_bonus":"THREE_ENEMY_KILL","is_prod":false,"is_daily":false,"chose_seed":false,"campfire_upgraded":5,"win_rate":0,"timestamp":1559313865,"path_taken":["M","?","?","?","$","R","E","R","T","M","?","M","E","M","R","BOSS","M","?","M","$","?","R","?","?","T","$","?","E","R","M","R","BOSS"],"build_version":"2019-01-23","purchased_purges":1,"victory":false,"max_hp_per_floor":[71,71,71,71,71,71,71,71,71,71,71,71,71,71,71,71,71,71,71,71,71,71,71,71,71,71,71,71,71,71,71,71,71],"card_choices":[{"not_picked":["Stack","Barrage"],"picked":"Double Energy","floor":1.0},{"not_picked":["Stack","Rebound"],"picked":"Skim","floor":3.0},{"not_picked":["Leap","Glacier"],"picked":"Meteor Strike","floor":7.0},{"not_picked":["Barrage","Sweeping Beam"],"picked":"Darkness","floor":10.0},{"not_picked":["Self Repair","Go for the Eyes"],"picked":"Compile Driver","floor":12.0},{"not_picked":["Doom and Gloom","Rip and Tear"],"picked":"Sunder","floor":13.0},{"not_picked":["Chill","Stack"],"picked":"Undo","floor":14.0},{"not_picked":["All For One","Hyperbeam"],"picked":"Meteor Strike","floor":16.0},{"not_picked":["Blizzard","Go for the Eyes"],"picked":"Beam Cell+1","floor":18.0},{"not_picked":["Gash","Sweeping Beam"],"picked":"Conserve Battery","floor":20.0},{"not_picked":["Conserve Battery","Rebound","Steam"],"picked":"SKIP","floor":25.0},{"not_picked":["Barrage","Melter","Lockon"],"picked":"SKIP","floor":29.0},{"not_picked":["Chaos","Leap","Ball Lightning"],"picked":"SKIP","floor":31.0}],"player_experience":1810459,"relics_obtained":[{"floor":7.0,"key":"Orichalcum"},{"floor":9.0,"key":"Letter Opener"},{"floor":13.0,"key":"Ginger"},{"floor":26.0,"key":"Happy Flower"},{"floor":29.0,"key":"DataDisk"},{"floor":29.0,"key":"Centennial Puzzle"}],"event_choices":[{"damage_healed":0.0,"max_hp_gain":0.0,"max_hp_loss":0.0,"gold_gain":0.0,"event_name":"Accursed Blacksmith","player_choice":"Rummage","floor":2.0,"gold_loss":0.0,"damage_taken":0.0,"relics_obtained":["WarpedTongs"],"cards_obtained":["Pain"]},{"cards_removed":["Pain"],"damage_healed":0.0,"max_hp_gain":0.0,"max_hp_loss":0.0,"gold_gain":0.0,"event_name":"Living Wall","player_choice":"Forget","floor":4.0,"gold_loss":0.0,"damage_taken":0.0},{"cards_removed":["Strike_B"],"damage_healed":0.0,"max_hp_gain":0.0,"max_hp_loss":0.0,"gold_gain":0.0,"event_name":"Back to Basics","player_choice":"Elegance","floor":19.0,"gold_loss":0.0,"damage_taken":0.0},{"damage_healed":0.0,"max_hp_gain":0.0,"max_hp_loss":0.0,"gold_gain":0.0,"event_name":"Vampires","player_choice":"Ignored","floor":22.0,"gold_loss":0.0,"damage_taken":0.0},{"cards_removed":["Strike_B"],"damage_healed":0.0,"max_hp_gain":0.0,"max_hp_loss":0.0,"gold_gain":0.0,"event_name":"Beggar","player_choice":"Gave Gold","floor":28.0,"gold_loss":75.0,"damage_taken":0.0}],"is_beta":false,"boss_relics":[{"not_picked":["White Beast Statue","Inserter"],"picked":"Black Star"}],"items_purged_floors":[21],"is_endless":false,"potions_floor_spawned":[10,13,20,25],"killed_by":"Automaton","ascension_level":20}