{"gold_per_floor":[110,128,49,68,68,68,98,98,124,124,199,210,240,34,34,137,137,147,147,157,157,157,157,170,170,252,285,5,32,47,47,47,149,149,166,166,166,11,0,27,27,127,154,189,189],"floor_reached":45,"playtime":4461,"items_purged":[],"score":603,"play_id":"dc02baae-1866-4b80-acdd-6d346e648cae","local_time":"20190511142306","is_ascension_mode":true,"campfire_choices":[{"data":"Cloak And Dagger","floor":6,"key":"SMITH"},{"data":"Blade Dance","floor":8,"key":"SMITH"},{"floor":10,"key":"REST"},{"floor":15,"key":"REST"},{"data":"Burst","floor":23,"key":"SMITH"},{"floor":25,"key":"REST"},{"floor":32,"key":"REST"}],"neow_cost":"NONE","seed_source_timestamp":239445621680619,"circlet_count":0,"master_deck":["Defend_G+1","Defend_G+1","Defend_G+1","Defend_G+1","Defend_G+1","Survivor","Neutralize","Cloak And Dagger+1","PiercingWail","Caltrops","Footwork","Blade Dance+1","Blur","Burst+1","Caltrops","Bite","Bite","Bite","Bite","Deflect+1","Footwork","Choke","Caltrops","Malaise"],"relics":["Ring of the Snake","NeowsBlessing","Orichalcum","Juzu Bracelet","Tiny Chest","MealTicket","WristBlade","Anchor","Shuriken","Bag of Marbles","Oddly Smooth Stone","Incense Burner","Fusion Hammer","PreservedInsect","Red Mask","Dead Branch","FossilizedHelix"],"potions_floor_usage":[7,16,24,27,33,33],"damage_taken":[{"damage":0,"enemies":"Cultist","floor":1,"turns":1},{"damage":0,"enemies":"Small Slimes","floor":2,"turns":1},{"damage":0,"enemies":"2 Louse","floor":4,"turns":1},{"damage":41,"enemies":"Lagavulin","floor":7,"turns":7},{"damage":16,"enemies":"Large Slime","floor":12,"turns":6},{"damage":36,"enemies":"Hexaghost","floor":16,"turns":15},{"damage":18,"enemies":"Spheric Guardian","floor":18,"turns":7},{"damage":0,"enemies":"3 Byrds","floor":20,"turns":2},{"damage":19,"enemies":"Snecko","floor":24,"turns":8},{"damage":50,"enemies":"Slavers","floor":27,"turns":6},{"damage":3,"enemies":"Gremlin Leader","floor":29,"turns":9},{"damage":27,"enemies":"3 Cultists","floor":30,"turns":7},{"damage":28,"enemies":"Automaton","floor":33,"turns":10},{"damage":10,"enemies":"Orb Walker","floor":35,"turns":4},{"damage":12,"enemies":"Nemesis","floor":40,"turns":8},{"damage":25,"enemies":"Giant Head","floor":44,"turns":7}],"seed_played":"6653322109723652823","potions_obtained":[{"floor":2,"key":"Fire Potion"},{"floor":12,"key":"GhostInAJar"},{"floor":18,"key":"SpeedPotion"},{"floor":24,"key":"Explosive Potion"},{"floor":29,"key":"PowerPotion"},{"floor":30,"key":"Block Potion"},{"floor":36,"key":"Poison Potion"},{"floor":36,"key":"Strength Potion"}],"is_trial":false,"path_per_floor":["M","M","$","M","$","R","E","R","T","R","?","M","?","$","R","B",null,"M","?","M","?","?","R","M","R","T","E","$","E","M","?","R","B",null,"M","?","?","$","?","E","?","?","T","E","M"],"character_chosen":"THE_SILENT","items_purchased":["Caltrops","MealTicket","Oddly Smooth Stone","Footwork","SteroidPotion","PreservedInsect"],"campfire_rested":4,"item_purchase_floors":[3,14,28,28,28,38],"current_hp_per_floor":[70,70,70,70,70,70,29,29,29,50,39,23,23,23,44,8,70,52,49,49,49,49,49,34,48,48,2,17,36,15,15,29,23,49,43,43,43,49,49,43,43,43,43,26,0],"gold":189,"neow_bonus":"THREE_ENEMY_KILL","is_prod":false,"is_daily":false,"chose_seed":false,"campfire_upgraded":3,"win_rate":0,"timestamp":1557598986,"path_taken":["M","M","$","?","$","R","E","R","T","R","?","M","?","$","R","BOSS","M","?","M","?","?","R","M","R","T","E","$","E","M","?","R","BOSS","M","?","?","$","?","E","?","?","T","E","M"],"build_version":"2019-01-23","purchased_purges":0,"victory":false,"max_hp_per_floor":[70,70,70,70,70,70,70,70,70,70,70,70,70,70,70,70,70,70,49,49,49,49,49,49,49,49,49,49,49,49,49,49,49,49,49,49,49,49,49,49,47,47,47,47,47],"card_choices":[{"not_picked":["Backflip","Expertise"],"picked":"Cloak And Dagger","floor":1},{"not_picked":["Outmaneuver","Quick Slash"],"picked":"PiercingWail","floor":2},{"not_picked":["Sucker Punch","Blur"],"picked":"Footwork","floor":4},{"not_picked":["Night Terror","Acrobatics"],"picked":"Blade Dance","floor":7},{"not_picked":["Eviscerate","Deadly Poison"],"picked":"Blur","floor":12},{"not_picked":["Adrenaline","Tools of the Trade"],"picked":"Burst","floor":16},{"not_picked":["Bane","Underhanded Strike+1"],"picked":"Caltrops","floor":18},{"not_picked":["Masterful Stab","Deadly Poison","Setup"],"picked":"SKIP","floor":20},{"not_picked":["Predator","Poisoned Stab+1","Dagger Spray"],"picked":"SKIP","floor":24},{"not_picked":["Quick Slash","Catalyst"],"picked":"Deflect+1","floor":27},{"not_picked":["Burst","Acrobatics"],"picked":"Choke","floor":29},{"not_picked":["All Out Attack+1","Underhanded Strike"],"picked":"Caltrops","floor":30},{"not_picked":["Die Die Die","Venomology"],"picked":"Malaise","floor":33},{"not_picked":["Bane+1","Underhanded Strike","Predator+1"],"picked":"SKIP","floor":35},{"not_picked":["Flying Knee","Dash","Bane"],"picked":"SKIP","floor":40},{"not_picked":["PiercingWail+1","Crippling Poison+1","Slice+1"],"picked":"SKIP","floor":44}],"player_experience":973613,"relics_obtained":[{"floor":7,"key":"Orichalcum"},{"floor":9,"key":"Juzu Bracelet"},{"floor":26,"key":"Shuriken"},{"floor":27,"key":"Bag of Marbles"},{"floor":29,"key":"Incense Burner"},{"floor":40,"key":"Dead Branch"},{"floor":44,"key":"FossilizedHelix"}],"event_choices":[{"damage_healed":0,"gold_gain":75,"player_choice":"Gather Gold","damage_taken":11,"max_hp_gain":0,"max_hp_loss":0,"event_name":"World of Goop","floor":11,"gold_loss":0},{"damage_healed":0,"gold_gain":0,"player_choice":"Searched \u00271\u0027 times","damage_taken":0,"relics_obtained":["Tiny Chest"],"max_hp_gain":0,"max_hp_loss":0,"event_name":"Dead Adventurer","floor":13,"gold_loss":0},{"damage_healed":0,"gold_gain":0,"player_choice":"Became a vampire","damage_taken":0,"max_hp_gain":0,"max_hp_loss":21,"event_name":"Vampires","floor":19,"gold_loss":0,"cards_obtained":["Bite","Bite","Bite","Bite","Bite"]},{"damage_healed":0,"gold_gain":0,"player_choice":"Opened","damage_taken":0,"relics_obtained":["Anchor"],"max_hp_gain":0,"max_hp_loss":0,"event_name":"The Mausoleum","floor":21,"gold_loss":0},{"damage_healed":0,"gold_gain":0,"player_choice":"Simplicity","damage_taken":0,"max_hp_gain":0,"max_hp_loss":0,"event_name":"Back to Basics","floor":22,"gold_loss":0,"cards_upgraded":["Defend_G","Defend_G","Defend_G","Defend_G","Defend_G"]},{"damage_healed":0,"gold_gain":0,"player_choice":"Ignored","damage_taken":0,"max_hp_gain":0,"max_hp_loss":0,"event_name":"Ghosts","floor":31,"gold_loss":0},{"damage_healed":0,"gold_gain":0,"player_choice":"Got Potions","damage_taken":0,"max_hp_gain":0,"max_hp_loss":0,"event_name":"Lab","floor":36,"gold_loss":0},{"cards_removed":["Bite"],"damage_healed":0,"gold_gain":0,"player_choice":"Removed Attack","damage_taken":0,"max_hp_gain":0,"max_hp_loss":0,"event_name":"Falling","floor":37,"gold_loss":0},{"damage_healed":0,"gold_gain":0,"player_choice":"Paid","damage_taken":0,"relics_obtained":["Red Mask"],"max_hp_gain":0,"max_hp_loss":0,"event_name":"Tomb of Lord Red Mask","floor":39,"gold_loss":11},{"damage_healed":0,"gold_gain":0,"player_choice":"Max HP","damage_taken":0,"max_hp_gain":0,"max_hp_loss":2,"event_name":"Winding Halls","floor":41,"gold_loss":0},{"damage_healed":0,"gold_gain":100,"player_choice":"Pray","damage_taken":0,"max_hp_gain":0,"max_hp_loss":0,"event_name":"Golden Shrine","floor":42,"gold_loss":0}],"is_beta":false,"boss_relics":[{"not_picked":["HoveringKite","Ectoplasm"],"picked":"WristBlade"},{"not_picked":["Lizard Tail","Pandora\u0027s Box"],"picked":"Fusion Hammer"}],"items_purged_floors":[],"is_endless":false,"potions_floor_spawned":[2,12,18,24,29,30],"killed_by":"3 Shapes","ascension_level":3}