{"gold_per_floor":[117,133,145,220,238,238,254,254,254,254,254,254,271,24,24,100,100,120,45,95,10,20,20,35,35,58,20,54,16,44,44],"floor_reached":31,"playtime":636,"items_purged":["Strike_B"],"score":486,"play_id":"cd70ec90-fa93-4c09-8ea6-488d1ebc0585","local_time":"20190618112650","is_ascension_mode":true,"campfire_choices":[{"data":"Sunder","floor":6.0,"key":"SMITH"},{"data":"Zap","floor":8.0,"key":"SMITH"},{"data":"Dualcast","floor":10.0,"key":"SMITH"},{"data":"Beam Cell","floor":12.0,"key":"SMITH"},{"data":"Consume","floor":15.0,"key":"SMITH"},{"data":"Turbo","floor":23.0,"key":"SMITH"},{"data":"Capacitor","floor":25.0,"key":"SMITH"}],"neow_cost":"PERCENT_DAMAGE","seed_source_timestamp":1367542299041235,"circlet_count":0,"master_deck":["AscendersBane","Strike_B","Defend_B","Defend_B","Defend_B","Defend_B","Zap+1","Dualcast+1","Sunder+1","Turbo+1","Beam Cell+1","Hologram","Consume+1","Capacitor+1","All For One","Ball Lightning","Skim","Coolheaded","Skim"],"special_seed":0,"relics":["Cracked Core","Calipers","Mercury Hourglass","Membership Card","Runic Pyramid","Regal Pillow","Centennial Puzzle","Red Mask","WingedGreaves"],"potions_floor_usage":[30],"damage_taken":[{"damage":1.0,"enemies":"Cultist","floor":1.0,"turns":4.0},{"damage":2.0,"enemies":"2 Louse","floor":2.0,"turns":2.0},{"damage":2.0,"enemies":"Jaw Worm","floor":3.0,"turns":3.0},{"damage":10.0,"enemies":"3 Louse","floor":5.0,"turns":3.0},{"damage":7.0,"enemies":"Exordium Wildlife","floor":7.0,"turns":3.0},{"damage":0.0,"enemies":"Large Slime","floor":13.0,"turns":4.0},{"damage":4.0,"enemies":"The Guardian","floor":16.0,"turns":9.0},{"damage":1.0,"enemies":"Spheric Guardian","floor":18.0,"turns":3.0},{"damage":30.0,"enemies":"Shell Parasite","floor":22.0,"turns":4.0},{"damage":7.0,"enemies":"3 Cultists","floor":24.0,"turns":4.0},{"damage":7.0,"enemies":"Masked Bandits","floor":28.0,"turns":2.0},{"damage":10,"enemies":"Book of Stabbing","floor":30,"turns":4},{"damage":0,"enemies":"Centurion and Healer","floor":31,"turns":1}],"seed_played":"2994553614156539845","potions_obtained":[{"floor":1.0,"key":"EssenceOfSteel"},{"floor":3.0,"key":"Ancient Potion"},{"floor":18.0,"key":"AttackPotion"},{"floor":22.0,"key":"FocusPotion"}],"is_trial":false,"path_per_floor":["M","M","M","?","M","R","M","R","T","R","?","R","M","$","R","B",null,"M","?","?","?","M","R","M","R","T","$","?","$","E","M"],"character_chosen":"DEFECT","items_purchased":["Membership Card","Capacitor","Skim"],"campfire_rested":0,"item_purchase_floors":[14,14,27],"current_hp_per_floor":[45,43,41,30,20,20,13,13,13,13,13,13,13,13,13,9,56,55,55,55,55,25,25,18,18,18,18,11,11,1,1],"gold":44,"neow_bonus":"ONE_RARE_RELIC","is_prod":false,"is_daily":false,"chose_seed":false,"campfire_upgraded":7,"win_rate":0,"timestamp":1560828410,"path_taken":["M","?","M","?","M","R","M","R","T","R","?","R","?","?","R","BOSS","M","?","?","?","M","R","?","R","T","$","?","?","E","M"],"build_version":"2019-01-23","purchased_purges":1,"victory":false,"max_hp_per_floor":[71,71,71,71,71,71,71,71,71,71,71,71,71,71,71,71,71,71,71,71,71,71,71,71,71,71,71,71,71,71,71],"card_choices":[{"not_picked":["Reinforced Body","Cold Snap"],"picked":"Sunder","floor":1.0},{"not_picked":["White Noise","Doom and Gloom"],"picked":"Turbo","floor":2.0},{"not_picked":["Leap","Barrage"],"picked":"Beam Cell","floor":3.0},{"not_picked":["Beam Cell","Lockon","Redo"],"picked":"SKIP","floor":5.0},{"not_picked":["Doom and Gloom","Gash"],"picked":"Hologram","floor":7.0},{"not_picked":["Steam Power","Compile Driver"],"picked":"Consume","floor":13.0},{"not_picked":["Amplify","Creative AI"],"picked":"All For One","floor":16.0},{"not_picked":["Rebound","Force Field","Redo"],"picked":"SKIP","floor":18.0},{"not_picked":["Hologram","Compile Driver","All For One"],"picked":"SKIP","floor":22.0},{"not_picked":["Conserve Battery","Force Field"],"picked":"Ball Lightning","floor":24.0},{"not_picked":["Gash","Go for the Eyes"],"picked":"Coolheaded","floor":28.0},{"not_picked":["Steam","Undo"],"picked":"Skim","floor":30}],"player_experience":1920179,"relics_obtained":[{"floor":9.0,"key":"Mercury Hourglass"},{"floor":26.0,"key":"Centennial Puzzle"},{"floor":28.0,"key":"Red Mask"},{"floor":30,"key":"WingedGreaves"}],"event_choices":[{"damage_healed":0.0,"max_hp_gain":0.0,"max_hp_loss":0.0,"gold_gain":75.0,"event_name":"World of Goop","player_choice":"Gather Gold","floor":4.0,"gold_loss":0.0,"damage_taken":11.0},{"cards_removed":["Strike_B"],"damage_healed":0.0,"max_hp_gain":0.0,"max_hp_loss":0.0,"gold_gain":0.0,"event_name":"Bonfire Elementals","player_choice":"Offered Basic","floor":11.0,"gold_loss":0.0,"damage_taken":0.0},{"cards_removed":["Strike_B"],"damage_healed":0.0,"max_hp_gain":0.0,"max_hp_loss":0.0,"gold_gain":0.0,"event_name":"Beggar","player_choice":"Gave Gold","floor":19.0,"gold_loss":75.0,"damage_taken":0.0},{"damage_healed":0.0,"max_hp_gain":0.0,"max_hp_loss":0.0,"gold_gain":50.0,"event_name":"Nest","player_choice":"Stole From Cult","floor":20.0,"gold_loss":0.0,"damage_taken":0.0},{"damage_healed":0.0,"max_hp_gain":0.0,"max_hp_loss":0.0,"gold_gain":0.0,"event_name":"Addict","player_choice":"Obtained Relic","floor":21.0,"gold_loss":85.0,"damage_taken":0.0,"relics_obtained":["Regal Pillow"]},{"damage_healed":0.0,"max_hp_gain":0.0,"max_hp_loss":0.0,"gold_gain":0.0,"event_name":"Masked Bandits","player_choice":"Fought Bandits","floor":28.0,"gold_loss":0.0,"damage_taken":0.0}],"is_beta":false,"boss_relics":[{"not_picked":["Lizard Tail","Sozu"],"picked":"Runic Pyramid"}],"items_purged_floors":[29],"is_endless":false,"potions_floor_spawned":[1,3,18,22,28],"killed_by":"Centurion and Healer","ascension_level":20}