{"gold_per_floor":[118,138,138,138,154,154,167,191,191,116,116,151,151,151],"floor_reached":14,"playtime":207,"items_purged":["Strike_B"],"score":180,"play_id":"4048102b-65de-4673-9da2-d5617b9a9a8a","local_time":"20190601002048","is_ascension_mode":true,"campfire_choices":[{"data":"Chaos","floor":6,"key":"SMITH"},{"data":"Sunder","floor":11,"key":"SMITH"}],"neow_cost":"NONE","seed_source_timestamp":107855081168883,"circlet_count":0,"master_deck":["AscendersBane","Strike_B","Strike_B","Defend_B","Defend_B","Defend_B","Defend_B","Zap","Dualcast","Chaos+1","Sunder+1","Ball Lightning","Loop","Hologram","Turbo+1","Recycle+1"],"relics":["Cracked Core","NeowsBlessing","Golden Idol","Dream Catcher","Toxic Egg 2","Turnip"],"potions_floor_usage":[12],"damage_taken":[{"damage":0,"enemies":"Cultist","floor":1,"turns":1},{"damage":0,"enemies":"Jaw Worm","floor":2,"turns":1},{"damage":0,"enemies":"Small Slimes","floor":5,"turns":1},{"damage":6,"enemies":"Looter","floor":7,"turns":3},{"damage":28,"enemies":"Gremlin Gang","floor":8,"turns":4},{"damage":31,"enemies":"3 Sentries","floor":12,"turns":6},{"damage":0,"enemies":"3 Louse","floor":14,"turns":1}],"seed_played":"-2977993060095460140","potions_obtained":[{"floor":2,"key":"Regen Potion"},{"floor":8,"key":"Regen Potion"}],"is_trial":false,"path_per_floor":["M","M","?","?","M","R","M","M","T","$","R","E","?","M"],"character_chosen":"DEFECT","items_purchased":[],"campfire_rested":0,"item_purchase_floors":[],"current_hp_per_floor":[64,64,64,64,64,64,58,30,30,30,30,14,14,14],"gold":151,"neow_bonus":"THREE_ENEMY_KILL","is_prod":false,"is_daily":false,"chose_seed":false,"campfire_upgraded":2,"win_rate":0,"timestamp":1559319648,"path_taken":["M","?","?","?","M","R","?","M","T","$","R","E","?","M"],"build_version":"2019-01-23","purchased_purges":1,"victory":false,"max_hp_per_floor":[71,71,64,64,64,64,64,64,64,64,64,64,64,64],"card_choices":[{"not_picked":["Conserve Battery","Sweeping Beam"],"picked":"Chaos","floor":1},{"not_picked":["Rip and Tear","Go for the Eyes"],"picked":"Sunder","floor":2},{"not_picked":["Melter","Sweeping Beam"],"picked":"Ball Lightning","floor":5},{"not_picked":["Auto Shields","Leap"],"picked":"Loop","floor":7},{"not_picked":["FTL","Gash"],"picked":"Hologram","floor":8},{"not_picked":["Scrape","Darkness+1"],"picked":"Turbo+1","floor":12}],"player_experience":1814520,"relics_obtained":[{"floor":9,"key":"Toxic Egg 2"},{"floor":12,"key":"Turnip"}],"event_choices":[{"damage_healed":0,"gold_gain":0,"player_choice":"Lose Max HP","damage_taken":0,"relics_obtained":["Golden Idol"],"max_hp_gain":0,"max_hp_loss":7,"event_name":"Golden Idol","floor":3,"gold_loss":0},{"damage_healed":0,"gold_gain":0,"player_choice":"Gave Potion","damage_taken":0,"relics_obtained":["Dream Catcher"],"max_hp_gain":0,"max_hp_loss":0,"event_name":"WeMeetAgain","floor":4,"gold_loss":0},{"damage_healed":0,"gold_gain":0,"cards_transformed":["Strike_B"],"player_choice":"Change","damage_taken":0,"max_hp_gain":0,"max_hp_loss":0,"event_name":"Living Wall","floor":13,"gold_loss":0,"cards_obtained":["Recycle"]}],"is_beta":false,"boss_relics":[],"items_purged_floors":[10],"is_endless":false,"potions_floor_spawned":[2,8],"killed_by":"3 Louse","ascension_level":20}