{"gold_per_floor":[109,109,127,138,9,9,27,27,27,39,39,50,50,63,63,163,163,175,175,193,209,209,209,228,228,228,246,246,109,132,145,145,248,248,260,135,135,147,147,147,177,177,177,177,177,177,194,211,211,211],"floor_reached":51,"playtime":3694,"items_purged":["Defend_R","Rupture","Bite"],"score":694,"play_id":"610cc82f-4d58-40d2-b483-61cdcb6790f8","local_time":"20190802134218","is_ascension_mode":false,"campfire_choices":[{"data":"Armaments","floor":6,"key":"SMITH"},{"data":"Intimidate","floor":8,"key":"SMITH"},{"data":"Flex","floor":13,"key":"SMITH"},{"data":"Pommel Strike","floor":15,"key":"SMITH"},{"data":"Fire Breathing","floor":23,"key":"SMITH"},{"data":"Anger","floor":28,"key":"SMITH"},{"data":"Feed","floor":32,"key":"SMITH"},{"data":"Offering","floor":40,"key":"SMITH"},{"data":"Pommel Strike","floor":42,"key":"SMITH"},{"data":"Inflame","floor":44,"key":"SMITH"},{"data":"Battle Trance","floor":46,"key":"SMITH"},{"data":"Battle Trance","floor":49,"key":"SMITH"}],"neow_cost":"PERCENT_DAMAGE","seed_source_timestamp":43336979685139,"circlet_count":0,"master_deck":["Inflame+1","Offering+1","Pommel Strike+1","Flex+1","Armaments+1","Intimidate+1","Twin Strike","Anger+1","Pommel Strike+1","Feed+1","Uppercut+1","Pommel Strike+1","Fire Breathing+1","Battle Trance+1","Bite","Bite","Bite","Bite","Shrug It Off+1","Battle Trance+1","Carnage+1","Feed","Anger+1","Sword Boomerang+1"],"relics":["Burning Blood","Dodecahedron","Eternal Feather","Kunai","Red Skull","Coffee Dripper","Torii","Boot","Ancient Tea Set"],"potions_floor_usage":[],"damage_taken":[{"damage":16,"enemies":"Jaw Worm","floor":1,"turns":4},{"damage":7,"enemies":"Cultist","floor":3,"turns":3},{"damage":6,"enemies":"Small Slimes","floor":4,"turns":2},{"damage":9,"enemies":"Blue Slaver","floor":7,"turns":4},{"damage":0,"enemies":"2 Fungi Beasts","floor":10,"turns":3},{"damage":11,"enemies":"Exordium Thugs","floor":12,"turns":3},{"damage":6,"enemies":"Large Slime","floor":14,"turns":2},{"damage":6,"enemies":"Slime Boss","floor":16,"turns":4},{"damage":6,"enemies":"Chosen","floor":18,"turns":3},{"damage":6,"enemies":"Spheric Guardian","floor":20,"turns":1},{"damage":16,"enemies":"Cultist and Chosen","floor":21,"turns":4},{"damage":38,"enemies":"Centurion and Healer","floor":24,"turns":4},{"damage":37,"enemies":"Sentry and Sphere","floor":27,"turns":5},{"damage":18,"enemies":"Shelled Parasite and Fungi","floor":31,"turns":5},{"damage":43,"enemies":"Collector","floor":33,"turns":8},{"damage":12,"enemies":"3 Shapes","floor":35,"turns":3},{"damage":6,"enemies":"Orb Walker","floor":38,"turns":1},{"damage":32,"enemies":"Nemesis","floor":41,"turns":5},{"damage":19,"enemies":"Spire Growth","floor":47,"turns":3},{"damage":22,"enemies":"4 Shapes","floor":48,"turns":3},{"damage":84,"enemies":"Awakened One","floor":50,"turns":8}],"seed_played":"2189707988613239763","potions_obtained":[{"floor":4,"key":"SteroidPotion"},{"floor":12,"key":"Ancient Potion"},{"floor":14,"key":"AttackPotion"},{"floor":21,"key":"Fire Potion"},{"floor":47,"key":"PowerPotion"}],"is_trial":false,"path_per_floor":["M","?","M","M","$","R","M","R","T","M","$","M","R","M","R","B",null,"M","?","M","M","?","R","M","?","T","M","R","$","T","M","R","B",null,"M","$","?","M","$","R","E","R","T","R","?","R","M","M","R","B",null],"character_chosen":"IRONCLAD","items_purchased":["Armaments","Battle Trance"],"campfire_rested":0,"item_purchase_floors":[5,29],"current_hp_per_floor":[46,46,45,45,45,45,42,42,42,48,48,43,43,43,43,43,80,80,80,80,73,73,82,53,53,53,37,49,49,49,57,66,38,66,69,69,66,70,70,70,54,66,66,70,70,70,66,55,67,7],"gold":211,"neow_bonus":"REMOVE_TWO","is_prod":false,"is_daily":false,"chose_seed":false,"campfire_upgraded":12,"win_rate":0.0,"timestamp":1564746138,"path_taken":["M","?","M","?","$","R","M","R","T","M","$","M","R","M","R","BOSS","M","?","M","M","?","R","M","?","T","M","R","$","?","M","R","BOSS","M","$","?","M","$","R","E","R","T","R","?","R","M","?","R","BOSS"],"build_version":"2019-07-17","purchased_purges":3,"victory":true,"max_hp_per_floor":[80,80,80,80,80,80,80,80,80,80,80,80,80,80,80,80,80,80,80,80,83,83,83,86,60,60,63,63,63,63,66,66,66,66,69,69,66,70,70,70,70,70,70,70,70,70,70,73,73,73],"card_choices":[{"not_picked":["Thunderclap","Sword Boomerang"],"picked":"Inflame","floor":1},{"not_picked":["Warcry","Shrug It Off"],"picked":"Pommel Strike","floor":3},{"not_picked":["Clash","Bloodletting"],"picked":"Flex","floor":4},{"not_picked":["Bloodletting","Perfected Strike"],"picked":"Intimidate","floor":7},{"not_picked":["Sever Soul","Infernal Blade"],"picked":"Twin Strike","floor":10},{"not_picked":["Sword Boomerang","Shrug It Off"],"picked":"Anger","floor":12},{"not_picked":["Feel No Pain","Body Slam"],"picked":"Pommel Strike","floor":14},{"not_picked":["Barricade","Fiend Fire"],"picked":"Feed","floor":16},{"not_picked":["Iron Wave+1","Thunderclap"],"picked":"Uppercut+1","floor":18},{"not_picked":["Cleave","Perfected Strike+1"],"picked":"Pommel Strike+1","floor":20},{"not_picked":["Perfected Strike","Whirlwind+1"],"picked":"Fire Breathing","floor":21},{"not_picked":["Clothesline","Body Slam+1","Thunderclap"],"picked":"SKIP","floor":24},{"not_picked":["Perfected Strike","Body Slam"],"picked":"Shrug It Off+1","floor":27},{"not_picked":["Impervious","Headbutt"],"picked":"Carnage+1","floor":31},{"not_picked":["Juggernaut","Barricade"],"picked":"Feed","floor":33},{"not_picked":["Seeing Red+1","Carnage+1"],"picked":"Anger+1","floor":35},{"not_picked":["Perfected Strike","Thunderclap","Intimidate+1"],"picked":"SKIP","floor":38},{"not_picked":["Flame Barrier","Sword Boomerang","Carnage+1"],"picked":"SKIP","floor":41},{"not_picked":["Second Wind","Body Slam+1"],"picked":"Sword Boomerang+1","floor":47},{"not_picked":["Metallicize","Perfected Strike","Warcry+1"],"picked":"SKIP","floor":48}],"player_experience":12839,"relics_obtained":[{"floor":9,"key":"Dodecahedron"},{"floor":26,"key":"Kunai"},{"floor":30,"key":"Red Skull"},{"floor":41,"key":"Torii"},{"floor":43,"key":"Boot"}],"event_choices":[{"damage_healed":0,"gold_gain":0,"cards_transformed":["Defend_R"],"player_choice":"Transformed","damage_taken":0,"max_hp_gain":0,"max_hp_loss":0,"event_name":"Transmorgrifier","floor":2,"gold_loss":0,"cards_obtained":["Offering"]},{"damage_healed":0,"gold_gain":0,"player_choice":"Ignored","damage_taken":0,"max_hp_gain":0,"max_hp_loss":0,"event_name":"The Mausoleum","floor":19,"gold_loss":0},{"damage_healed":0,"gold_gain":0,"cards_transformed":["Strike_R","Defend_R"],"player_choice":"Became Test Subject","damage_taken":0,"max_hp_gain":0,"max_hp_loss":0,"event_name":"Drug Dealer","floor":22,"gold_loss":0,"cards_obtained":["Rupture","Battle Trance"]},{"damage_healed":0,"gold_gain":0,"player_choice":"Became a vampire","damage_taken":0,"max_hp_gain":0,"max_hp_loss":26,"event_name":"Vampires","floor":25,"gold_loss":0,"cards_obtained":["Bite","Bite","Bite","Bite","Bite"]},{"damage_healed":0,"gold_gain":0,"player_choice":"Max HP","damage_taken":0,"max_hp_gain":0,"max_hp_loss":3,"event_name":"Winding Halls","floor":37,"gold_loss":0},{"damage_healed":0,"gold_gain":0,"player_choice":"Gave Potion","damage_taken":0,"relics_obtained":["Ancient Tea Set"],"max_hp_gain":0,"max_hp_loss":0,"event_name":"WeMeetAgain","floor":45,"gold_loss":0}],"is_beta":false,"boss_relics":[{"not_picked":["Black Star","Mark of Pain"],"picked":"Eternal Feather"},{"not_picked":["Runic Pyramid","Calling Bell"],"picked":"Coffee Dripper"}],"items_purged_floors":[5,29,36],"is_endless":false,"potions_floor_spawned":[4,12,14,18,21,31,47,48],"ascension_level":0}