{"gold_per_floor":[111,186,186,186,201,216,242,242,242,242,255,285,297,325,337,425,437,459,490,552,564,592,604,242,253,278,50,67,67,67,86,86,160,160,172,1171,1171,1171],"floor_reached":38,"playtime":1437,"items_purged":["Strike_G"],"score":697,"play_id":"17e67c0f-9d9d-499f-8677-7fb02427bff0","local_time":"20190802023718","is_ascension_mode":true,"campfire_choices":[{"data":"Dagger Spray","floor":8,"key":"SMITH"},{"data":"Neutralize","floor":10,"key":"SMITH"},{"data":"Predator","floor":13,"key":"SMITH"},{"floor":15,"key":"REST"},{"data":"Wraith Form v2","floor":23,"key":"SMITH"},{"floor":29,"key":"REST"},{"data":"Well Laid Plans","floor":32,"key":"SMITH"}],"neow_cost":"NONE","seed_source_timestamp":525906404761459,"circlet_count":0,"master_deck":["AscendersBane","Strike_G+1","Strike_G+1","Strike_G+1","Strike_G+1","Defend_G+1","Defend_G+1","Defend_G+1","Defend_G+1","Defend_G+1","Survivor","Neutralize+1","Deadly Poison+1","Dagger Spray+1","PiercingWail","PiercingWail","Predator+1","Backflip","Backflip+1","Wraith Form v2+1","Deadly Poison","Deflect+1","Burst","Noxious Fumes","Endless Agony","Well Laid Plans+1","Escape Plan","Blur","Wraith Form v2","Normality","Normality","Finesse","Panache","Purity"],"relics":["Ring of the Snake","Gambling Chip","MawBank","Velvet Choker","Bronze Scales","War Paint","OrangePellets","Runic Pyramid"],"potions_floor_usage":[7,12,19,33],"damage_taken":[{"damage":7,"enemies":"Jaw Worm","floor":1,"turns":6},{"damage":3,"enemies":"Small Slimes","floor":5,"turns":4},{"damage":0,"enemies":"2 Louse","floor":6,"turns":3},{"damage":16,"enemies":"Lagavulin","floor":7,"turns":7},{"damage":0,"enemies":"2 Fungi Beasts","floor":11,"turns":3},{"damage":6,"enemies":"Gremlin Nob","floor":12,"turns":3},{"damage":0,"enemies":"Exordium Wildlife","floor":14,"turns":3},{"damage":32,"enemies":"Slime Boss","floor":16,"turns":10},{"damage":1,"enemies":"2 Thieves","floor":18,"turns":5},{"damage":0,"enemies":"3 Byrds","floor":19,"turns":6},{"damage":15,"enemies":"3 Cultists","floor":22,"turns":7},{"damage":3,"enemies":"Snake Plant","floor":25,"turns":3},{"damage":0,"enemies":"Shelled Parasite and Fungi","floor":28,"turns":5},{"damage":0,"enemies":"3 Cultists","floor":31,"turns":6},{"damage":11,"enemies":"Champ","floor":33,"turns":13},{"damage":10,"enemies":"Orb Walker","floor":35,"turns":5},{"damage":0,"enemies":"3 Darklings","floor":38,"turns":3}],"seed_played":"-8122275439621018913","potions_obtained":[{"floor":0,"key":"Strength Potion"},{"floor":0,"key":"SteroidPotion"},{"floor":7,"key":"Weak Potion"},{"floor":12,"key":"SkillPotion"},{"floor":14,"key":"GamblersBrew"},{"floor":18,"key":"Ancient Potion"},{"floor":25,"key":"Energy Potion"},{"floor":35,"key":"Explosive Potion"}],"is_trial":false,"path_per_floor":["M","?","?","?","M","M","E","R","T","R","M","E","R","M","R","B",null,"M","M","?","?","M","R","$","M","T","$","M","R","?","M","R","B",null,"M","?","?","M"],"character_chosen":"THE_SILENT","items_purchased":["Burst","Noxious Fumes","Bronze Scales","OrangePellets","Well Laid Plans"],"campfire_rested":2,"item_purchase_floors":[24,24,24,27,27],"current_hp_per_floor":[52,41,41,41,38,38,22,22,22,22,22,16,16,16,35,3,50,49,49,49,31,16,16,16,13,13,13,13,34,34,34,34,23,59,49,49,39,39],"gold":1171,"neow_bonus":"THREE_SMALL_POTIONS","is_prod":false,"is_daily":false,"chose_seed":false,"campfire_upgraded":5,"win_rate":0,"timestamp":1564727838,"path_taken":["M","?","?","?","M","M","E","R","T","R","M","E","R","?","R","BOSS","M","M","?","?","M","R","$","M","T","$","M","R","?","M","R","BOSS","M","?","?","M"],"build_version":"2019-07-17","purchased_purges":1,"victory":false,"max_hp_per_floor":[66,66,66,66,66,66,66,66,66,66,66,66,66,66,66,66,66,66,66,66,71,71,71,71,71,71,71,71,71,71,71,71,71,71,71,71,71,71],"card_choices":[{"not_picked":["Flying Knee","Caltrops"],"picked":"Deadly Poison","floor":1},{"not_picked":["Deflect","Deadly Poison"],"picked":"Dagger Spray","floor":5},{"not_picked":["Accuracy","Distraction"],"picked":"PiercingWail","floor":6},{"not_picked":["Expertise","Outmaneuver"],"picked":"PiercingWail","floor":7},{"not_picked":["Blade Dance","Crippling Poison"],"picked":"Predator","floor":11},{"not_picked":["Cloak And Dagger","Crippling Poison"],"picked":"Backflip","floor":12},{"not_picked":["Phantasmal Killer","PiercingWail"],"picked":"Backflip","floor":14},{"not_picked":["Tools of the Trade","Night Terror"],"picked":"Wraith Form v2","floor":16},{"not_picked":["Dagger Throw","Sucker Punch","Tactician"],"picked":"SKIP","floor":18},{"not_picked":["Riddle With Holes","Crippling Poison"],"picked":"Deadly Poison","floor":19},{"not_picked":["Cloak And Dagger","Sucker Punch"],"picked":"Deflect","floor":22},{"not_picked":["Underhanded Strike+1","Slice"],"picked":"Endless Agony","floor":25},{"not_picked":["Dodge and Roll","Predator+1"],"picked":"Escape Plan","floor":28},{"not_picked":["Grand Finale","Prepared"],"picked":"Blur","floor":31},{"not_picked":["Die Die Die","Tools of the Trade"],"picked":"Wraith Form v2","floor":33},{"not_picked":["Quick Slash","Cloak And Dagger","Bane"],"picked":"SKIP","floor":35},{"not_picked":["Dark Shackles","Thinking Ahead"],"picked":"Finesse","floor":37},{"not_picked":["Magnetism","Forethought"],"picked":"Panache","floor":37},{"not_picked":["Mayhem","Panacea"],"picked":"Purity","floor":37}],"player_experience":1642788,"relics_obtained":[{"floor":7,"key":"Gambling Chip"},{"floor":12,"key":"MawBank"},{"floor":26,"key":"War Paint"}],"event_choices":[{"damage_healed":0,"gold_gain":75,"player_choice":"Gather Gold","damage_taken":11,"max_hp_gain":0,"max_hp_loss":0,"event_name":"World of Goop","floor":2,"gold_loss":0},{"damage_healed":0,"gold_gain":0,"player_choice":"Grow","damage_taken":0,"max_hp_gain":0,"max_hp_loss":0,"event_name":"Living Wall","floor":3,"gold_loss":0,"cards_upgraded":["Deadly Poison"]},{"damage_healed":0,"gold_gain":0,"player_choice":"Ignored","damage_taken":0,"max_hp_gain":0,"max_hp_loss":0,"event_name":"Liars Game","floor":4,"gold_loss":0},{"damage_healed":0,"gold_gain":50,"player_choice":"Stole From Cult","damage_taken":0,"max_hp_gain":0,"max_hp_loss":0,"event_name":"Nest","floor":20,"gold_loss":0},{"damage_healed":0,"gold_gain":0,"player_choice":"Shed Blood","damage_taken":23,"max_hp_gain":5,"max_hp_loss":0,"event_name":"Forgotten Altar","floor":21,"gold_loss":0},{"damage_healed":0,"gold_gain":0,"player_choice":"Simplicity","damage_taken":0,"max_hp_gain":0,"max_hp_loss":0,"event_name":"Back to Basics","floor":30,"gold_loss":0,"cards_upgraded":["Strike_G","Strike_G","Strike_G","Strike_G","Defend_G","Defend_G","Defend_G","Defend_G","Defend_G"]},{"damage_healed":0,"gold_gain":999,"player_choice":"Gold","damage_taken":0,"max_hp_gain":0,"max_hp_loss":0,"event_name":"MindBloom","floor":36,"gold_loss":0,"cards_obtained":["Normality","Normality"]},{"damage_healed":0,"gold_gain":0,"player_choice":"Memory 3","damage_taken":10,"max_hp_gain":0,"max_hp_loss":0,"event_name":"SensoryStone","floor":37,"gold_loss":0}],"is_beta":false,"boss_relics":[{"not_picked":["Eternal Feather","Ectoplasm"],"picked":"Velvet Choker"},{"not_picked":["Tiny House","Coffee Dripper"],"picked":"Runic Pyramid"}],"items_purged_floors":[24],"is_endless":false,"potions_floor_spawned":[5,7,12,14,16,18,25,35],"killed_by":"3 Darklings","ascension_level":15}