{"gold_per_floor":[110,125,71,71,71,71,105,125,178,211,231,231,249,263,263,334,334,353,365,365,365,381,381,406,406,406,406,356,372,372,401,401,477,477,495,521,568,274,293,293,324,324,350,350,377,377,392,177,177,177,177,177,177,44,72,72],"floor_reached":56,"playtime":2385,"items_purged":["Strike_B"],"score":2302,"play_id":"473a5e00-5d44-4a48-ae52-5eae15c9bd1e","local_time":"20190522224928","is_ascension_mode":true,"campfire_choices":[{"data":"Sunder","floor":6.0,"key":"SMITH"},{"data":"Chaos","floor":12.0,"key":"SMITH"},{"data":"Static Discharge","floor":15.0,"key":"SMITH"},{"data":"Zap","floor":23.0,"key":"SMITH"},{"data":"Heatsinks","floor":27.0,"key":"SMITH"},{"floor":30.0,"key":"REST"},{"data":"Defragment","floor":32.0,"key":"SMITH"},{"data":"Defragment","floor":40.0,"key":"SMITH"},{"floor":49.0,"key":"RECALL"},{"data":"Coolheaded","floor":53.0,"key":"SMITH"}],"neow_cost":"PERCENT_DAMAGE","seed_source_timestamp":0,"circlet_count":0,"master_deck":["AscendersBane","Defend_B+1","Defend_B+1","Defend_B+1","Defend_B+1","Zap+1","Dualcast+1","Heatsinks+1","Sunder+1","Cold Snap+1","Undo+1","Self Repair+1","Conserve Battery+1","Chaos+1","Hologram+1","Static Discharge+1","Echo Form+1","Turbo+1","Recycle+1","Loop+1","Tempest+1","Defragment+1","Core Surge+1","Biased Cognition+1","Self Repair+1","Defragment+1","White Noise+1","Blizzard+1","Multi-Cast+1","Coolheaded+1","Loop+1","Storm","Compile Driver"],"special_seed":0,"relics":["Cracked Core","Matryoshka","Pantograph","Regal Pillow","Tiny Chest","Happy Flower","Runic Dome","Bag of Preparation","Shuriken","Blood Vial","Mummified Hand","DataDisk","Eternal Feather","Pen Nib","FossilizedHelix","Omamori","Mark of the Bloom","Anchor","Runic Capacitor","Bag of Marbles"],"potions_floor_usage":[56],"damage_taken":[{"damage":2.0,"enemies":"Jaw Worm","floor":1.0,"turns":4.0},{"damage":2.0,"enemies":"Cultist","floor":2.0,"turns":4.0},{"damage":14.0,"enemies":"Lagavulin","floor":7.0,"turns":8.0},{"damage":1.0,"enemies":"Small Slimes","floor":8.0,"turns":2.0},{"damage":9.0,"enemies":"3 Sentries","floor":10.0,"turns":7.0},{"damage":0.0,"enemies":"Exordium Wildlife","floor":11.0,"turns":5.0},{"damage":0.0,"enemies":"Exordium Thugs","floor":13.0,"turns":3.0},{"damage":0.0,"enemies":"Blue Slaver","floor":14.0,"turns":3.0},{"damage":23.0,"enemies":"Hexaghost","floor":16.0,"turns":9.0},{"damage":17.0,"enemies":"Shell Parasite","floor":18.0,"turns":7.0},{"damage":3.0,"enemies":"3 Byrds","floor":19.0,"turns":3.0},{"damage":16.0,"enemies":"Centurion and Healer","floor":22.0,"turns":8.0},{"damage":51.0,"enemies":"Gremlin Leader","floor":24.0,"turns":8.0},{"damage":18.0,"enemies":"Snecko","floor":29.0,"turns":3.0},{"damage":13.0,"enemies":"Book of Stabbing","floor":31.0,"turns":4.0},{"damage":33.0,"enemies":"Automaton","floor":33.0,"turns":9.0},{"damage":0.0,"enemies":"3 Shapes","floor":35.0,"turns":4.0},{"damage":12.0,"enemies":"2 Orb Walkers","floor":37.0,"turns":3.0},{"damage":0.0,"enemies":"3 Darklings","floor":39.0,"turns":4.0},{"damage":0.0,"enemies":"Nemesis","floor":41.0,"turns":6.0},{"damage":0.0,"enemies":"Reptomancer","floor":45.0,"turns":4.0},{"damage":0.0,"enemies":"Transient","floor":47.0,"turns":6.0},{"damage":0.0,"enemies":"Awakened One","floor":50.0,"turns":6.0},{"damage":0.0,"enemies":"Donu and Deca","floor":51.0,"turns":8.0},{"damage":0.0,"enemies":"Shield and Spear","floor":55.0,"turns":3.0},{"damage":78,"enemies":"The Heart","floor":56,"turns":3}],"seed_played":"6417596890395992205","potions_obtained":[{"floor":1.0,"key":"SpeedPotion"},{"floor":7.0,"key":"EssenceOfSteel"},{"floor":11.0,"key":"LiquidBronze"},{"floor":22.0,"key":"Strength Potion"},{"floor":31.0,"key":"SteroidPotion"},{"floor":41.0,"key":"SkillPotion"},{"floor":45.0,"key":"FocusPotion"}],"is_trial":false,"path_per_floor":["M","M","$","?","T","R","E","M","T","E","M","R","M","M","R","B",null,"M","M","?","T","M","R","E","?","T","R","?","M","R","E","R","B",null,"M","T","?","$","M","R","E","?","T","?","E","?","M","$","R","B","B",null,"R","$","E","B"],"character_chosen":"DEFECT","items_purchased":["Cold Snap","Defragment","White Noise","Blizzard","Runic Capacitor","Storm","SkillPotion"],"campfire_rested":1,"item_purchase_floors":[3,38,38,38,48,54,54],"current_hp_per_floor":[44,42,42,42,42,42,28,34,34,32,39,39,46,46,46,55,67,64,68,68,68,66,66,22,22,22,22,22,6,42,38,38,39,63,65,65,69,69,71,71,71,71,71,67,67,67,67,67,67,67,67,67,67,67,67,0],"gold":72,"neow_bonus":"REMOVE_TWO","is_prod":false,"is_daily":false,"chose_seed":false,"campfire_upgraded":8,"win_rate":0,"timestamp":1558536568,"path_taken":["M","M","$","?","?","R","E","M","T","E","M","R","M","?","R","BOSS","M","M","?","?","?","R","E","?","T","R","?","M","R","E","R","BOSS","M","?","?","$","M","R","E","?","T","?","E","?","M","?","R","BOSS","BOSS","R","$","E","BOSS"],"build_version":"2019-01-23","purchased_purges":1,"victory":false,"max_hp_per_floor":[71,71,71,71,71,71,71,71,71,71,71,71,71,71,71,71,71,71,71,71,71,71,71,71,71,71,71,71,71,71,71,71,71,71,71,71,71,71,71,71,71,71,71,67,67,67,67,67,67,67,67,67,67,67,67,67],"card_choices":[{"not_picked":["Cold Snap","Steam"],"picked":"Heatsinks","floor":1.0},{"not_picked":["Streamline","Coolheaded"],"picked":"Sunder","floor":2.0},{"not_picked":["Rebound","Hologram"],"picked":"Self Repair","floor":7.0},{"not_picked":["Steam","Leap"],"picked":"Conserve Battery","floor":8.0},{"not_picked":["Barrage","Rebound","Gash"],"picked":"SKIP","floor":10.0},{"not_picked":["Fusion","Electrodynamics"],"picked":"Chaos","floor":11.0},{"not_picked":["Redo","Streamline"],"picked":"Hologram","floor":13.0},{"not_picked":["Coolheaded","Undo"],"picked":"Static Discharge","floor":14.0},{"not_picked":["Amplify","Core Surge"],"picked":"Echo Form","floor":16.0},{"not_picked":["Storm","FTL"],"picked":"Turbo","floor":18.0},{"not_picked":["Gash","Blizzard"],"picked":"Recycle","floor":19.0},{"not_picked":["Barrage+1","Leap"],"picked":"Loop","floor":22.0},{"not_picked":["Scrape","Steam"],"picked":"Tempest","floor":24.0},{"not_picked":["Redo","Stack"],"picked":"Defragment","floor":29.0},{"not_picked":["Chaos","Sunder"],"picked":"Core Surge","floor":31.0},{"not_picked":["Buffer","Rainbow"],"picked":"Biased Cognition","floor":33.0},{"not_picked":["Barrage","Reinforced Body","Streamline"],"picked":"SKIP","floor":35.0},{"not_picked":["Gash","Stack"],"picked":"Self Repair","floor":37.0},{"not_picked":["Barrage","Steam Power","Redo"],"picked":"SKIP","floor":39.0},{"not_picked":["Aggregate","Stack"],"picked":"Multi-Cast","floor":41.0},{"not_picked":["Self Repair+1","Consume+1"],"picked":"Coolheaded","floor":45.0},{"not_picked":["Hologram+1","Rebound"],"picked":"Loop+1","floor":47.0},{"not_picked":["Genetic Algorithm+1","Gash"],"picked":"Compile Driver","floor":55.0}],"player_experience":1734150,"relics_obtained":[{"floor":5.0,"key":"Matryoshka"},{"floor":7.0,"key":"Pantograph"},{"floor":9.0,"key":"Regal Pillow"},{"floor":9.0,"key":"Tiny Chest"},{"floor":10.0,"key":"Happy Flower"},{"floor":21.0,"key":"Bag of Preparation"},{"floor":21.0,"key":"Shuriken"},{"floor":24.0,"key":"Blood Vial"},{"floor":26.0,"key":"Mummified Hand"},{"floor":31.0,"key":"DataDisk"},{"floor":36.0,"key":"Pen Nib"},{"floor":37.0,"key":"FossilizedHelix"},{"floor":41.0,"key":"Omamori"},{"floor":45.0,"key":"Anchor"},{"floor":55.0,"key":"Bag of Marbles"}],"event_choices":[{"damage_healed":0.0,"max_hp_gain":0.0,"max_hp_loss":0.0,"gold_gain":0.0,"cards_transformed":["Strike_B"],"event_name":"Living Wall","player_choice":"Change","floor":4.0,"gold_loss":0.0,"damage_taken":0.0,"cards_obtained":["Undo"]},{"damage_healed":0.0,"max_hp_gain":0.0,"max_hp_loss":0.0,"gold_gain":0.0,"event_name":"The Mausoleum","player_choice":"Ignored","floor":20.0,"gold_loss":0.0,"damage_taken":0.0},{"damage_healed":0.0,"max_hp_gain":0.0,"max_hp_loss":0.0,"gold_gain":0.0,"event_name":"Vampires","player_choice":"Ignored","floor":25.0,"gold_loss":0.0,"damage_taken":0.0},{"damage_healed":0.0,"max_hp_gain":0.0,"max_hp_loss":0.0,"gold_gain":0.0,"event_name":"Designer","player_choice":"Upgraded Two","floor":28.0,"gold_loss":50.0,"damage_taken":0.0,"cards_upgraded":["Echo Form","Turbo"]},{"damage_healed":0.0,"max_hp_gain":0.0,"max_hp_loss":0.0,"gold_gain":0.0,"event_name":"Mysterious Sphere","player_choice":"Fight","floor":37.0,"gold_loss":0.0,"damage_taken":0.0},{"damage_healed":0.0,"max_hp_gain":0.0,"max_hp_loss":0.0,"gold_gain":0.0,"event_name":"MindBloom","player_choice":"Upgrade","floor":42.0,"gold_loss":0.0,"damage_taken":0.0,"cards_upgraded":["Defend_B","Defend_B","Defend_B","Defend_B","Dualcast","Cold Snap","Undo","Self Repair","Conserve Battery","Hologram","Recycle","Loop","Tempest","Core Surge","Biased Cognition","Self Repair","White Noise","Blizzard","Multi-Cast"],"relics_obtained":["Mark of the Bloom"]},{"damage_healed":0.0,"max_hp_gain":0.0,"max_hp_loss":4.0,"gold_gain":0.0,"event_name":"Winding Halls","player_choice":"Max HP","floor":44.0,"gold_loss":0.0,"damage_taken":0.0},{"damage_healed":0.0,"max_hp_gain":0.0,"max_hp_loss":0.0,"gold_gain":0.0,"event_name":"SensoryStone","player_choice":"Memory 1","floor":46.0,"gold_loss":0.0,"damage_taken":0.0}],"is_beta":false,"boss_relics":[{"not_picked":["Philosopher\u0027s Stone","Empty Cage"],"picked":"Runic Dome"},{"not_picked":["Calling Bell","Busted Crown"],"picked":"Eternal Feather"}],"items_purged_floors":[38],"is_endless":false,"potions_floor_spawned":[1,7,11,13,22,31,41,45],"killed_by":"The Heart","ascension_level":20}