{"gold_per_floor":[112,112,62,78,78,78,122,141,216,241,277,300,1,1,1,122,122,143,143,157,72,171,171,215,240,240,276,276,276,305,12,12,110,110,120,138,153,172,172,172,205,219,246,246,271,271,286,311,311,311],"floor_reached":51,"playtime":3652,"items_purged":["Strike_B"],"score":954,"play_id":"a8921ec9-2213-45d8-a49d-17332fa44459","local_time":"20180720201921","is_ascension_mode":true,"campfire_choices":[{"data":"Zap","floor":6,"key":"SMITH"},{"data":"Go for the Eyes","floor":15,"key":"SMITH"},{"data":"Dualcast","floor":23,"key":"SMITH"},{"data":"Tempest","floor":29,"key":"SMITH"},{"data":"Hologram","floor":32,"key":"SMITH"},{"data":"Madness","floor":40,"key":"SMITH"},{"data":"Madness","floor":44,"key":"SMITH"},{"data":"Hologram","floor":46,"key":"SMITH"},{"data":"Coolheaded","floor":49,"key":"SMITH"}],"neow_cost":"CURSE","seed_source_timestamp":109600990377098,"circlet_count":0,"master_deck":["Strike_B","Strike_B+1","Defend_B","Defend_B","Defend_B","Defend_B","Zap+1","Dualcast+1","Thunder Strike+1","Coolheaded","Coolheaded+1","Chill","Go for the Eyes+1","Hologram+1","Storm+1","Self Repair+1","Turbo","Machine Learning+1","Storm+1","Hologram+1","Turbo","Go for the Eyes","Tempest+1","Ball Lightning","Loop+1","Biased Cognition+1","Hologram+1","Leap+1","Steam+1","Capacitor+1","Madness+1","Madness+1","Glacier+1","Amplify","Go for the Eyes","Glacier+1","Chill+1"],"relics":["Cracked Core","Bloody Idol","Whetstone","Frozen Egg 2","Meat on the Bone","ClockworkSouvenir","Nuclear Battery","Nilry\u0027s Codex","Mango","Bottled Lightning","Juzu Bracelet","Bronze Scales","Dream Catcher","Matryoshka","Coffee Dripper","DataDisk","Bag of Preparation","Orichalcum","Calipers","Pen Nib"],"potions_floor_usage":[12,16,30,33,35,38,41,48,50,50],"damage_taken":[{"damage":3,"enemies":"2 Louse","floor":1,"turns":3},{"damage":2,"enemies":"Small Slimes","floor":4,"turns":5},{"damage":15,"enemies":"Lagavulin","floor":7,"turns":8},{"damage":2,"enemies":"Jaw Worm","floor":8,"turns":4},{"damage":9,"enemies":"3 Louse","floor":10,"turns":3},{"damage":10,"enemies":"3 Sentries","floor":11,"turns":11},{"damage":2,"enemies":"Red Slaver","floor":12,"turns":4},{"damage":29,"enemies":"Hexaghost","floor":16,"turns":11},{"damage":3,"enemies":"Spheric Guardian","floor":18,"turns":6},{"damage":3,"enemies":"Chosen","floor":20,"turns":4},{"damage":25,"enemies":"Gremlin Leader","floor":24,"turns":5},{"damage":6,"enemies":"Sentry and Sphere","floor":25,"turns":3},{"damage":8,"enemies":"Book of Stabbing","floor":27,"turns":4},{"damage":21,"enemies":"Gremlin Leader","floor":30,"turns":4},{"damage":3,"enemies":"Automaton","floor":33,"turns":4},{"damage":0,"enemies":"Flame Bruiser 1 Orb","floor":35,"turns":3},{"damage":40,"enemies":"3 Shapes","floor":36,"turns":2},{"damage":14,"enemies":"Flame Bruiser 2 Orb","floor":37,"turns":4},{"damage":39,"enemies":"4 Shapes","floor":38,"turns":3},{"damage":16,"enemies":"2 Orb Walkers","floor":41,"turns":3},{"damage":43,"enemies":"3 Darklings","floor":42,"turns":5},{"damage":10,"enemies":"Giant Head","floor":45,"turns":7},{"damage":8,"enemies":"Spire Growth","floor":47,"turns":2},{"damage":21,"enemies":"2 Orb Walkers","floor":48,"turns":2},{"damage":25,"enemies":"Time Eater","floor":50,"turns":4}],"seed_played":"3082835529179616686","potions_obtained":[{"floor":1,"key":"Ancient Potion"},{"floor":10,"key":"Weak Potion"},{"floor":11,"key":"Ancient Potion"},{"floor":20,"key":"Dexterity Potion"},{"floor":25,"key":"Swift Potion"},{"floor":30,"key":"Strength Potion"},{"floor":33,"key":"Swift Potion"},{"floor":35,"key":"Energy Potion"},{"floor":36,"key":"Weak Potion"},{"floor":37,"key":"SkillPotion"},{"floor":47,"key":"PowerPotion"},{"floor":48,"key":"SkillPotion"}],"is_trial":false,"path_per_floor":["M","?","?","M","?","R","E","M","T","M","E","M","$","?","R","B",null,"M","?","M","?","?","R","E","M","T","E","?","R","E","$","R","B",null,"M","M","M","M","?","R","E","M","T","R","E","R","M","E","R","B"],"character_chosen":"DEFECT","items_purchased":["ClockworkSouvenir","Turbo","Matryoshka","Loop+1"],"campfire_rested":0,"item_purchase_floors":[13,13,31,31],"current_hp_per_floor":[72,72,72,70,52,52,37,35,35,26,16,26,26,31,31,24,80,80,64,71,85,85,85,70,74,74,76,76,76,70,70,70,82,94,94,59,72,50,38,38,49,40,45,45,62,62,59,62,62,49],"gold":311,"neow_bonus":"THREE_RARE_CARDS","is_prod":false,"is_daily":false,"chose_seed":false,"campfire_upgraded":9,"win_rate":0,"timestamp":1532132361,"path_taken":["M","?","?","M","?","R","E","?","T","M","E","M","$","?","R","BOSS","M","?","M","?","?","R","E","M","T","E","?","R","E","?","R","BOSS","M","M","M","M","?","R","E","M","T","R","E","R","M","E","R","BOSS"],"build_version":"2018-07-19v2","purchased_purges":1,"victory":true,"max_hp_per_floor":[75,75,75,75,75,75,75,75,75,75,75,75,75,80,80,80,80,80,80,80,94,94,94,94,94,94,94,94,94,94,94,94,94,94,94,94,94,94,94,94,94,94,94,94,94,94,94,94,94,94],"card_choices":[{"not_picked":["Reboot","Rainbow"],"picked":"Thunder Strike","floor":0},{"not_picked":["White Noise","Steam"],"picked":"Coolheaded","floor":1},{"not_picked":["Streamline","Rebound"],"picked":"Coolheaded","floor":4},{"not_picked":["Chaos","Steam Power"],"picked":"Chill","floor":7},{"not_picked":["Loop","Fusion"],"picked":"Go for the Eyes","floor":8},{"not_picked":["FTL","Lockon"],"picked":"Hologram","floor":10},{"not_picked":["Chaos","Blizzard"],"picked":"Storm+1","floor":11},{"not_picked":["Conserve Battery","Reboot"],"picked":"Self Repair+1","floor":12},{"not_picked":["Core Surge","Thunder Strike"],"picked":"Machine Learning+1","floor":16},{"not_picked":["Redo+1","Stack+1"],"picked":"Storm+1","floor":18},{"not_picked":["Gash","Cold Snap+1"],"picked":"Hologram","floor":20},{"not_picked":["Blizzard","Rebound"],"picked":"Turbo","floor":24},{"not_picked":["Heatsinks+1","Coolheaded"],"picked":"Go for the Eyes","floor":25},{"not_picked":["Ball Lightning","Rebound"],"picked":"Tempest","floor":27},{"not_picked":["Rainbow","Rebound"],"picked":"Ball Lightning","floor":30},{"not_picked":["All For One","Core Surge"],"picked":"Biased Cognition+1","floor":33},{"not_picked":["Coolheaded+1","Beam Cell+1"],"picked":"Hologram+1","floor":35},{"not_picked":["Cold Snap","FTL"],"picked":"Leap+1","floor":36},{"not_picked":["Scrape","Fission"],"picked":"Steam+1","floor":37},{"not_picked":["Steam+1","Rebound"],"picked":"Capacitor+1","floor":38},{"not_picked":["Conserve Battery","Hello World+1"],"picked":"Glacier+1","floor":41},{"not_picked":["Steam","Ball Lightning"],"picked":"Amplify","floor":42},{"not_picked":["Gash+1","Ball Lightning"],"picked":"Go for the Eyes","floor":45},{"not_picked":["Stack","Sweeping Beam+1"],"picked":"Glacier+1","floor":47},{"not_picked":["Cold Snap+1","Compile Driver"],"picked":"Chill+1","floor":48}],"player_experience":204054,"relics_obtained":[{"floor":7,"key":"Whetstone"},{"floor":9,"key":"Frozen Egg 2"},{"floor":11,"key":"Meat on the Bone"},{"floor":19,"key":"Nilry\u0027s Codex"},{"floor":24,"key":"Bottled Lightning"},{"floor":26,"key":"Juzu Bracelet"},{"floor":27,"key":"Bronze Scales"},{"floor":30,"key":"Dream Catcher"},{"floor":41,"key":"DataDisk"},{"floor":43,"key":"Bag of Preparation"},{"floor":43,"key":"Orichalcum"},{"floor":45,"key":"Calipers"},{"floor":48,"key":"Pen Nib"}],"event_choices":[{"event_name":"Living Wall","player_choice":"Forget","floor":2,"damage_taken":0},{"event_name":"The Cleric","player_choice":"Card Removal","floor":3,"damage_taken":0},{"event_name":"Golden Idol","player_choice":"Take Damage","floor":5,"damage_taken":0},{"event_name":"Big Fish","player_choice":"Donut","floor":14,"damage_taken":0},{"event_name":"Cursed Tome","player_choice":"Obtained Book","floor":19,"damage_taken":0},{"event_name":"Addict","player_choice":"Obtained Relic","floor":21,"damage_taken":0},{"event_name":"Nest","player_choice":"Stole From Cult","floor":22,"damage_taken":0},{"event_name":"Forgotten Altar","player_choice":"Gave Idol","floor":28,"damage_taken":0},{"event_name":"Winding Halls","player_choice":"Embrace Madness","floor":39,"damage_taken":0}],"is_beta":false,"boss_relics":[{"not_picked":["Velvet Choker","FrozenCore"],"picked":"Nuclear Battery"},{"not_picked":["Black Star","Sozu"],"picked":"Coffee Dripper"}],"items_purged_floors":[13],"is_endless":false,"potions_floor_spawned":[1,10,11,20,25,30,33,35,36,37,47,48],"ascension_level":4}