{"gold_per_floor":[117,167,180,66,80,80,111,129,129,129,129,149,2,27,27,102,102,114,29,45,60,60,60,60,60,60,60,85,7,7,18,18,92,92,109,122,72,85,85,85,85,113,160,58,84,84,34,51,51,51,51],"floor_reached":51,"playtime":1658,"items_purged":["Strike_B","Rip and Tear+1","Defend_B"],"score":1412,"play_id":"91c2fb22-2564-45ae-a511-fd5d64efa730","local_time":"20190621111826","is_ascension_mode":true,"campfire_choices":[{"data":"Defragment","floor":6.0,"key":"SMITH"},{"data":"Zap","floor":11.0,"key":"SMITH"},{"data":"Dualcast","floor":15.0,"key":"SMITH"},{"data":"Loop","floor":23.0,"key":"SMITH"},{"data":"Seek","floor":27.0,"key":"SMITH"},{"floor":32.0,"key":"REST"},{"data":"Loop","floor":40.0,"key":"SMITH"},{"floor":49.0,"key":"RECALL"}],"neow_cost":"TEN_PERCENT_HP_LOSS","seed_source_timestamp":1625286532213101,"circlet_count":0,"master_deck":["AscendersBane","Defend_B","Zap+1","Dualcast+1","Compile Driver","Defragment+1","Skim+1","Cold Snap+1","Seek+1","Beam Cell+1","Loop+1","Self Repair","Meteor Strike+1","Double Energy","Capacitor+1","Hyperbeam+1","Loop+1","Sunder+1","Meteor Strike+1","Purity"],"special_seed":0,"relics":["Cracked Core","Molten Egg 2","Gremlin Horn","Smiling Mask","Snecko Eye","Singing Bowl","Sundial","Dream Catcher","Runic Pyramid","Question Card","Juzu Bracelet","Potion Belt"],"potions_floor_usage":[50,50],"damage_taken":[{"damage":0.0,"enemies":"Jaw Worm","floor":1.0,"turns":3.0},{"damage":0.0,"enemies":"Cultist","floor":3.0,"turns":3.0},{"damage":4.0,"enemies":"Small Slimes","floor":5.0,"turns":3.0},{"damage":8.0,"enemies":"3 Sentries","floor":7.0,"turns":8.0},{"damage":2.0,"enemies":"Looter","floor":8.0,"turns":3.0},{"damage":0.0,"enemies":"3 Louse","floor":12.0,"turns":2.0},{"damage":1.0,"enemies":"Lagavulin","floor":14.0,"turns":5.0},{"damage":22.0,"enemies":"Slime Boss","floor":16.0,"turns":7.0},{"damage":28.0,"enemies":"Spheric Guardian","floor":18.0,"turns":4.0},{"damage":5.0,"enemies":"Chosen","floor":20.0,"turns":4.0},{"damage":13.0,"enemies":"Snecko","floor":21.0,"turns":3.0},{"damage":17.0,"enemies":"Book of Stabbing","floor":28.0,"turns":3.0},{"damage":0.0,"enemies":"Centurion and Healer","floor":31.0,"turns":3.0},{"damage":22.0,"enemies":"Collector","floor":33.0,"turns":6.0},{"damage":7.0,"enemies":"3 Shapes","floor":35.0,"turns":2.0},{"damage":0.0,"enemies":"3 Darklings","floor":36.0,"turns":3.0},{"damage":5.0,"enemies":"Jaw Worm Horde","floor":38.0,"turns":3.0},{"damage":0.0,"enemies":"Giant Head","floor":42.0,"turns":3.0},{"damage":4.0,"enemies":"Reptomancer","floor":45.0,"turns":3.0},{"damage":23.0,"enemies":"Writhing Mass","floor":48.0,"turns":3.0},{"damage":62,"enemies":"Time Eater","floor":50,"turns":5},{"damage":0,"enemies":"Awakened One","floor":51,"turns":1}],"seed_played":"6895169919243109977","potions_obtained":[{"floor":7.0,"key":"EssenceOfSteel"},{"floor":8.0,"key":"Regen Potion"},{"floor":14.0,"key":"Ancient Potion"},{"floor":21.0,"key":"EntropicBrew"},{"floor":36.0,"key":"FocusPotion"},{"floor":48.0,"key":"Energy Potion"}],"is_trial":false,"path_per_floor":["M","?","M","$","M","R","E","M","T","?","R","M","$","E","R","B",null,"M","?","M","M","?","R","?","T","T","R","E","$","?","M","R","B",null,"M","M","$","M","?","R","?","E","T","$","E","?","$","M","R","B","B"],"character_chosen":"DEFECT","items_purchased":["Rip and Tear","Beam Cell+1","Loop","Sunder+1","Purity"],"campfire_rested":1,"item_purchase_floors":[4,13,13,29,44],"current_hp_per_floor":[64,58,58,58,54,54,46,44,44,25,25,25,25,38,38,23,54,33,33,37,31,31,31,31,31,31,31,23,23,4,13,37,22,63,58,67,67,71,71,71,71,80,80,80,85,85,85,71,71,16,16],"gold":51,"neow_bonus":"TRANSFORM_TWO_CARDS","is_prod":false,"is_daily":false,"chose_seed":false,"campfire_upgraded":6,"win_rate":0,"timestamp":1561087106,"path_taken":["M","?","?","?","M","R","E","M","T","?","R","M","$","E","R","BOSS","M","?","M","M","?","R","?","?","T","R","E","$","?","?","R","BOSS","M","M","$","M","?","R","?","E","T","$","E","?","$","M","R","BOSS","BOSS"],"build_version":"2019-01-23","purchased_purges":3,"victory":false,"max_hp_per_floor":[64,64,64,64,64,64,64,64,64,64,64,64,64,64,64,64,64,64,64,66,66,66,66,66,66,66,66,68,68,73,75,77,77,77,79,81,81,83,83,83,83,85,85,85,87,87,87,89,89,89,89],"card_choices":[{"not_picked":["Gash","Barrage"],"picked":"Defragment","floor":1.0},{"not_picked":["Steam","Stack","Compile Driver"],"picked":"SKIP","floor":3.0},{"not_picked":["Steam","Gash","Sweeping Beam"],"picked":"SKIP","floor":5.0},{"not_picked":["Steam","Gash","Sweeping Beam"],"picked":"SKIP","floor":5.0},{"not_picked":["Gash","Streamline"],"picked":"Skim","floor":7.0},{"not_picked":["Compile Driver+1","Barrage+1"],"picked":"Cold Snap+1","floor":8.0},{"not_picked":["Gash+1","Redo"],"picked":"Seek","floor":12.0},{"not_picked":["Gash+1","Cold Snap+1"],"picked":"Self Repair","floor":14.0},{"not_picked":["Fission","Machine Learning"],"picked":"Meteor Strike+1","floor":16.0},{"not_picked":["Leap","Aggregate"],"picked":"Double Energy","floor":18.0},{"not_picked":["Steam Power+1","Aggregate+1","Leap"],"picked":"Singing Bowl","floor":20.0},{"not_picked":["Beam Cell+1","Barrage+1"],"picked":"Capacitor","floor":21.0},{"not_picked":["Reprogram","Rip and Tear+1","Amplify"],"picked":"Singing Bowl","floor":28.0},{"not_picked":["Stack","Streamline+1","Barrage+1"],"picked":"Singing Bowl","floor":31.0},{"not_picked":["Compile Driver+1","Steam","Rebound+1"],"picked":"Singing Bowl","floor":32.0},{"not_picked":["Core Surge+1","Reboot"],"picked":"Meteor Strike+1","floor":33.0},{"not_picked":["Go for the Eyes+1","Gash+1","Redo"],"picked":"Singing Bowl","floor":35.0},{"not_picked":["Barrage+1","Redo","Rebound+1"],"picked":"Singing Bowl","floor":36.0},{"not_picked":["Genetic Algorithm","White Noise+1","Scrape+1"],"picked":"Singing Bowl","floor":38.0},{"not_picked":["Ball Lightning+1","Loop+1","Rip and Tear+1"],"picked":"Singing Bowl","floor":42.0},{"not_picked":["Gash+1","Rebound+1","Ball Lightning+1","Auto Shields+1"],"picked":"Singing Bowl","floor":45.0},{"not_picked":["Blizzard+1","Doom and Gloom+1","Sweeping Beam+1","Leap"],"picked":"Singing Bowl","floor":48.0}],"player_experience":1942261,"relics_obtained":[{"floor":7.0,"key":"Molten Egg 2"},{"floor":9.0,"key":"Gremlin Horn"},{"floor":14.0,"key":"Smiling Mask"},{"floor":26.0,"key":"Sundial"},{"floor":28.0,"key":"Dream Catcher"},{"floor":42.0,"key":"Question Card"},{"floor":43.0,"key":"Juzu Bracelet"},{"floor":45.0,"key":"Potion Belt"}],"event_choices":[{"damage_healed":0.0,"max_hp_gain":0.0,"max_hp_loss":0.0,"gold_gain":50.0,"event_name":"FaceTrader","player_choice":"Touch","floor":2.0,"gold_loss":0.0,"damage_taken":6.0},{"damage_healed":0.0,"max_hp_gain":0.0,"max_hp_loss":0.0,"gold_gain":0.0,"event_name":"Shining Light","player_choice":"Entered Light","floor":10.0,"gold_loss":0.0,"damage_taken":19.0,"cards_upgraded":["Skim","Rip and Tear"]},{"damage_healed":0.0,"max_hp_gain":0.0,"max_hp_loss":0.0,"gold_gain":0.0,"event_name":"Addict","player_choice":"Obtained Relic","floor":19.0,"gold_loss":85.0,"damage_taken":0.0,"relics_obtained":["Singing Bowl"]},{"damage_healed":0.0,"max_hp_gain":0.0,"max_hp_loss":0.0,"gold_gain":0.0,"cards_transformed":["Strike_B","Defend_B"],"event_name":"Drug Dealer","player_choice":"Became Test Subject","floor":22.0,"gold_loss":0.0,"damage_taken":0.0,"cards_obtained":["Hyperbeam","Loop"]},{"cards_removed":["Defend_B"],"damage_healed":0.0,"max_hp_gain":0.0,"max_hp_loss":0.0,"gold_gain":0.0,"event_name":"Back to Basics","player_choice":"Elegance","floor":24.0,"gold_loss":0.0,"damage_taken":0.0},{"damage_healed":0.0,"max_hp_gain":5.0,"max_hp_loss":0.0,"gold_gain":0.0,"event_name":"Forgotten Altar","player_choice":"Shed Blood","floor":30.0,"gold_loss":0.0,"damage_taken":24.0},{"cards_removed":["Chill"],"damage_healed":0.0,"max_hp_gain":0.0,"max_hp_loss":0.0,"gold_gain":0.0,"event_name":"Falling","player_choice":"Removed Skill","floor":39.0,"gold_loss":0.0,"damage_taken":0.0},{"damage_healed":0.0,"max_hp_gain":0.0,"max_hp_loss":0.0,"gold_gain":0.0,"event_name":"Accursed Blacksmith","player_choice":"Forge","floor":41.0,"gold_loss":0.0,"damage_taken":0.0,"cards_upgraded":["Capacitor"]},{"damage_healed":0.0,"max_hp_gain":0.0,"max_hp_loss":0.0,"gold_gain":0.0,"event_name":"Tomb of Lord Red Mask","player_choice":"Ignored","floor":46.0,"gold_loss":0.0,"damage_taken":0.0}],"is_beta":false,"boss_relics":[{"not_picked":["White Beast Statue","Cursed Key"],"picked":"Snecko Eye"},{"not_picked":["FrozenCore","Philosopher\u0027s Stone"],"picked":"Runic Pyramid"}],"items_purged_floors":[4,37,47],"is_endless":false,"potions_floor_spawned":[7,8,14,16,20,21,35,36,38,48],"killed_by":"Awakened One","ascension_level":20}