{"gold_per_floor":[219,238,44,62,62,62,62,62,62,91,103,178,78,101,101,101],"floor_reached":16,"playtime":222,"items_purged":["Strike_B","Strike_B"],"score":172,"play_id":"ecaf5d3d-9e67-49d8-b3d3-edacc73808ca","local_time":"20190727220209","is_ascension_mode":true,"campfire_choices":[{"data":"Beam Cell","floor":6.0,"key":"SMITH"},{"data":"Zap","floor":8.0,"key":"SMITH"},{"data":"Coolheaded","floor":15,"key":"SMITH"}],"neow_cost":"NONE","seed_source_timestamp":793175174976605,"circlet_count":0,"master_deck":["AscendersBane","Strike_B","Strike_B","Defend_B","Defend_B","Defend_B+1","Defend_B","Zap+1","Dualcast","Beam Cell+1","Hologram+1","Self Repair","Gash","Genetic Algorithm","Coolheaded+1"],"special_seed":0,"relics":["Cracked Core","Dream Catcher","Vajra","War Paint","Bag of Marbles"],"potions_floor_usage":[15],"damage_taken":[{"damage":4.0,"enemies":"Small Slimes","floor":1.0,"turns":4.0},{"damage":0.0,"enemies":"2 Louse","floor":2.0,"turns":2.0},{"damage":1.0,"enemies":"Cultist","floor":4.0,"turns":3.0},{"damage":46.0,"enemies":"Gremlin Nob","floor":10.0,"turns":5.0},{"damage":5.0,"enemies":"Large Slime","floor":11.0,"turns":5.0},{"damage":26,"enemies":"Slime Boss","floor":16,"turns":3}],"seed_played":"-4784568685535966519","potions_obtained":[{"floor":2.0,"key":"Fruit Juice"}],"is_trial":false,"path_per_floor":["M","M","$","M","?","R","?","R","T","E","M","?","$","T","R","B"],"character_chosen":"DEFECT","items_purchased":["Self Repair","Gash"],"campfire_rested":0,"item_purchase_floors":[3,3],"current_hp_per_floor":[60,60,60,66,61,61,66,66,66,27,29,18,18,18,23,0],"gold":101,"neow_bonus":"HUNDRED_GOLD","is_prod":false,"is_daily":false,"chose_seed":false,"campfire_upgraded":3,"win_rate":0,"timestamp":1564236129,"path_taken":["M","M","$","M","?","R","?","R","T","E","M","?","$","?","R","BOSS"],"build_version":"2019-07-17","purchased_purges":2,"victory":false,"max_hp_per_floor":[71,71,71,71,71,71,76,76,76,76,76,76,76,76,81,81],"card_choices":[{"not_picked":["Conserve Battery","Barrage"],"picked":"Beam Cell","floor":1.0},{"not_picked":["Go for the Eyes","Steam Power"],"picked":"Hologram","floor":2.0},{"not_picked":["Tempest","Force Field"],"picked":"Genetic Algorithm","floor":4.0},{"not_picked":["Gash","Rebound"],"picked":"Coolheaded","floor":10.0},{"not_picked":["White Noise","Hello World","Streamline"],"picked":"SKIP","floor":11.0}],"player_experience":2090501,"relics_obtained":[{"floor":9.0,"key":"Vajra"},{"floor":10.0,"key":"War Paint"},{"floor":14,"key":"Bag of Marbles"}],"event_choices":[{"damage_healed":0.0,"max_hp_gain":0.0,"max_hp_loss":0.0,"gold_gain":0.0,"event_name":"Scrap Ooze","player_choice":"Success","floor":5.0,"gold_loss":0.0,"damage_taken":5.0,"relics_obtained":["Dream Catcher"]},{"damage_healed":0.0,"max_hp_gain":5.0,"max_hp_loss":0.0,"gold_gain":0.0,"event_name":"Big Fish","player_choice":"Donut","floor":7.0,"gold_loss":0.0,"damage_taken":0.0},{"damage_healed":0.0,"max_hp_gain":0.0,"max_hp_loss":0.0,"gold_gain":75.0,"event_name":"World of Goop","player_choice":"Gather Gold","floor":12.0,"gold_loss":0.0,"damage_taken":11.0}],"is_beta":false,"boss_relics":[],"items_purged_floors":[3,13],"is_endless":false,"potions_floor_spawned":[2],"killed_by":"Slime Boss","ascension_level":15}