{"gold_per_floor":[114,129,144,159,174,204,204,112,112,187,187,202,217,232,232,232],"floor_reached":16,"playtime":1255,"items_purged":[],"score":106,"play_id":"c595dd25-7fe7-4fd3-987b-40434299fdaa","local_time":"20180819181038","daily_mods":["Shiny","Uncertain Future","Binary"],"is_ascension_mode":false,"campfire_choices":[{"data":"Storm of Steel","floor":7,"key":"SMITH"},{"floor":11,"key":"REST"},{"data":"Leg Sweep","floor":15,"key":"SMITH"}],"neow_cost":"","seed_source_timestamp":112692900336704,"circlet_count":0,"master_deck":["Venomology","Corpse Explosion","Malaise","Phantasmal Killer","Die Die Die","Adrenaline","Envenom","Doppelganger","Burst","Wraith Form v2","Tools of the Trade","Night Terror","Unload","After Image","Bullet Time","Storm of Steel+1","Glass Knife","A Thousand Cuts","Grand Finale","Backflip","Leg Sweep","Cloak And Dagger","Tools of the Trade","Cloak And Dagger","Leg Sweep+1","Cloak And Dagger","Accuracy","Accuracy","Eviscerate","Deadly Poison"],"special_seed":17762,"relics":["Ring of the Snake","Orichalcum","Tough Bandages"],"potions_floor_usage":[2,5,5,14,16,16],"damage_taken":[{"damage":0,"enemies":"Cultist","floor":1,"turns":2},{"damage":0,"enemies":"Small Slimes","floor":2,"turns":3},{"damage":0,"enemies":"Jaw Worm","floor":3,"turns":3},{"damage":0,"enemies":"Lots of Slimes","floor":4,"turns":1},{"damage":0,"enemies":"Blue Slaver","floor":5,"turns":2},{"damage":9,"enemies":"Gremlin Nob","floor":6,"turns":6},{"damage":0,"enemies":"Exordium Thugs","floor":12,"turns":5},{"damage":0,"enemies":"3 Louse","floor":13,"turns":4},{"damage":0,"enemies":"Large Slime","floor":14,"turns":6},{"damage":21,"enemies":"The Guardian","floor":16,"turns":4}],"seed_played":"-5091411404733603740","potions_obtained":[{"floor":3,"key":"Explosive Potion"},{"floor":4,"key":"AttackPotion"},{"floor":5,"key":"LiquidBronze"},{"floor":12,"key":"Explosive Potion"}],"is_trial":false,"path_per_floor":["M","M","M","M","M","E","R","$","T","?","R","M","M","M","R"],"character_chosen":"THE_SILENT","items_purchased":["Cloak And Dagger","Accuracy"],"campfire_rested":1,"item_purchase_floors":[8,8],"current_hp_per_floor":[70,70,70,70,70,61,61,61,61,50,70,70,70,70,70,49],"gold":232,"neow_bonus":"","is_prod":false,"is_daily":true,"chose_seed":false,"campfire_upgraded":2,"win_rate":0,"timestamp":1534669838,"path_taken":["M","?","M","M","M","E","R","$","T","?","R","M","?","M","R","BOSS"],"build_version":"2018-08-16","purchased_purges":0,"victory":false,"max_hp_per_floor":[70,70,70,70,70,70,70,70,70,70,70,70,70,70,70,70],"card_choices":[{"not_picked":["Outmaneuver"],"picked":"Backflip","floor":1},{"not_picked":["Dodge and Roll"],"picked":"Leg Sweep","floor":2},{"not_picked":["Poisoned Stab"],"picked":"Cloak And Dagger","floor":3},{"not_picked":["Bouncing Flask"],"picked":"Tools of the Trade","floor":4},{"not_picked":["Outmaneuver"],"picked":"Cloak And Dagger","floor":5},{"not_picked":["Phantasmal Killer"],"picked":"Leg Sweep","floor":6},{"not_picked":["Dagger Throw"],"picked":"Accuracy","floor":12},{"not_picked":["Acrobatics"],"picked":"Eviscerate","floor":13},{"not_picked":["Masterful Stab"],"picked":"Deadly Poison","floor":14}],"player_experience":219038,"relics_obtained":[{"floor":6,"key":"Orichalcum"},{"floor":9,"key":"Tough Bandages"}],"event_choices":[{"event_name":"World of Goop","player_choice":"Gather Gold","floor":10,"damage_taken":0}],"is_beta":false,"boss_relics":[],"items_purged_floors":[],"is_endless":false,"potions_floor_spawned":[3,4,5,12,13],"killed_by":"The Guardian","ascension_level":0}