{"gold_per_floor":[114,129,129,129,144,319,319,334,334,349,364,364,100,115,115,215,215,230,230,245,260,275,275,290,305,305,305,86,86,86,86,86,186,186,201,216,16,16,331,331,346,346,346,26,41,41,56,56,56,56],"floor_reached":51,"playtime":4584,"items_purged":[],"score":968,"play_id":"12191975-5415-4dd5-9476-116d6d3e7092","local_time":"20180707155407","daily_mods":["Brewmaster","Time Dilation","Vintage"],"is_ascension_mode":false,"campfire_choices":[{"data":"Venomology","floor":7,"key":"SMITH"},{"data":"Strike_R","floor":12,"key":"SMITH"},{"data":"Bloodletting","floor":15,"key":"SMITH"},{"data":"Bludgeon","floor":23,"key":"SMITH"},{"floor":30,"key":"REST"},{"data":"Rampage","floor":32,"key":"SMITH"},{"floor":40,"key":"REST"},{"floor":42,"key":"REST"},{"data":"Headbutt","floor":49,"key":"SMITH"}],"neow_cost":"","seed_source_timestamp":0,"circlet_count":0,"master_deck":["Strike_R","Strike_R","Strike_R","Strike_R","Strike_R+1","Defend_R","Defend_R","Defend_R","Defend_R","Bash+1","Venomology","Venomology","Venomology","Venomology","Venomology+1","True Grit","Bloodletting+1","Rampage+1","Blind","Bludgeon+1","Trip+1","Panacea+1","Flash of Steel","Warcry+1","Shrug It Off+1","Headbutt+1","True Grit+1","Sentinel+1","Decay","Apotheosis+1","Ghostly Armor+1","Madness+1","Madness+1","Pain","Wild Strike+1","Ghostly Armor+1","Sever Soul+1","Rampage+1","Blood for Blood+1","Headbutt+1"],"special_seed":17719,"relics":["Burning Blood","White Beast Statue","Ornamental Fan","Anchor","Du-Vu Doll","Lantern","Art of War","Magic Flower","Letter Opener","Vajra","Toxic Egg 2","Blue Candle","Mark of Pain","Strawberry","The Courier","Singing Bowl","Kunai","Juzu Bracelet","Blood Vial","Shuriken","Molten Egg 2","Cursed Key","Pen Nib","Oddly Smooth Stone","Old Coin","Mercury Hourglass","Sundial","Omamori","Gambling Chip","Happy Flower"],"potions_floor_usage":[1,8,8,8,10,10,10,11,11,11,14,14,14,14,14,16,16,16,16,16,16,16,18,18,20,20,20,20,21,21,22,22,22,22,22,22,22,24,24,24,24,25,25,25,33,33,33,33,33,33,33,33,35,36,36,36,39,39,41,41,41,41,45,46,46,47,50,50,50,50,50,50],"damage_taken":[{"damage":9,"enemies":"Jaw Worm","floor":1,"turns":6},{"damage":1,"enemies":"Small Slimes","floor":2,"turns":4},{"damage":6,"enemies":"2 Louse","floor":5,"turns":3},{"damage":12,"enemies":"Blue Slaver","floor":8,"turns":3},{"damage":1,"enemies":"2 Fungi Beasts","floor":10,"turns":3},{"damage":0,"enemies":"Looter","floor":11,"turns":2},{"damage":3,"enemies":"Large Slime","floor":14,"turns":1},{"damage":25,"enemies":"Slime Boss","floor":16,"turns":7},{"damage":7,"enemies":"2 Thieves","floor":18,"turns":4},{"damage":20,"enemies":"Spheric Guardian","floor":20,"turns":4},{"damage":12,"enemies":"Snake Plant","floor":21,"turns":4},{"damage":0,"enemies":"Chosen and Byrds","floor":22,"turns":4},{"damage":9,"enemies":"Sentry and Sphere","floor":24,"turns":4},{"damage":14,"enemies":"Snecko","floor":25,"turns":3},{"damage":53,"enemies":"Champ","floor":33,"turns":15},{"damage":18,"enemies":"3 Shapes","floor":35,"turns":4},{"damage":0,"enemies":"Orb Walker","floor":36,"turns":1},{"damage":43,"enemies":"4 Shapes","floor":39,"turns":5},{"damage":35,"enemies":"Maw","floor":41,"turns":8},{"damage":0,"enemies":"Sphere and 2 Shapes","floor":45,"turns":3},{"damage":7,"floor":46,"turns":6},{"damage":9,"enemies":"3 Darklings","floor":47,"turns":6},{"damage":55,"enemies":"Donu and Deca","floor":50,"turns":10}],"seed_played":"-5610983590349585426","potions_obtained":[{"floor":1,"key":"Energy Potion"},{"floor":8,"key":"SkillPotion"},{"floor":10,"key":"SteroidPotion"},{"floor":11,"key":"Swift Potion"},{"floor":14,"key":"Energy Potion"},{"floor":16,"key":"Dexterity Potion"},{"floor":18,"key":"SpeedPotion"},{"floor":20,"key":"Energy Potion"},{"floor":22,"key":"Fire Potion"},{"floor":24,"key":"Regen Potion"},{"floor":25,"key":"Dexterity Potion"},{"floor":33,"key":"EssenceOfSteel"},{"floor":35,"key":"PowerPotion"},{"floor":36,"key":"Ancient Potion"},{"floor":41,"key":"Dexterity Potion"},{"floor":47,"key":"Weak Potion"}],"is_trial":false,"path_per_floor":["M","M","?","?","M","?","R","M","T","M","M","R","$","M","R","B",null,"M","?","M","M","M","R","M","M","T","?","$","?","R","?","R","B",null,"M","M","$","?","M","R","M","R","T","$","M","?","M","?","R","B"],"character_chosen":"IRONCLAD","items_purchased":["True Grit","Bloodletting","Rampage","Blind","Warcry+1","Shrug It Off+1","Headbutt","True Grit+1","Sentinel+1","Apotheosis+1","Ghostly Armor+1","Wild Strike+1","Ghostly Armor+1","Sever Soul+1","Rampage+1","Blood for Blood+1","Headbutt+1"],"campfire_rested":3,"item_purchase_floors":[13,13,13,13,28,28,28,28,28,37,37,44,44,44,44,44,44],"current_hp_per_floor":[80,80,80,68,68,68,68,70,70,78,80,80,80,80,80,64,80,87,87,76,73,82,82,82,77,77,45,45,45,71,71,71,56,89,80,89,89,78,47,73,50,76,76,76,89,91,91,91,91,83],"gold":56,"neow_bonus":"","is_prod":false,"is_daily":true,"chose_seed":false,"campfire_upgraded":6,"win_rate":0.0,"timestamp":1530946447,"path_taken":["M","M","?","?","M","?","R","M","T","?","M","R","$","M","R","BOSS","M","?","?","M","M","R","M","M","T","?","$","?","R","?","R","BOSS","M","M","$","?","M","R","M","R","T","$","M","?","M","?","R","BOSS"],"build_version":"2018-07-05","purchased_purges":0,"victory":true,"max_hp_per_floor":[80,80,80,80,80,80,80,80,80,80,80,80,80,80,80,80,80,87,87,87,87,87,87,87,87,87,87,87,87,87,87,87,89,89,89,89,89,89,89,89,89,89,89,89,89,91,91,91,91,91],"card_choices":[{"not_picked":["Brutality","Juggernaut"],"picked":"Bludgeon","floor":16},{"not_picked":["Demon Form","Brutality","Double Tap+1"],"picked":"Singing Bowl","floor":33},{"not_picked":["Havoc+1","Pummel+1","Inflame"],"picked":"Singing Bowl","floor":46}],"player_experience":50726,"relics_obtained":[{"floor":1,"key":"Ornamental Fan"},{"floor":2,"key":"Anchor"},{"floor":5,"key":"Lantern"},{"floor":8,"key":"Art of War"},{"floor":9,"key":"Magic Flower"},{"floor":10,"key":"Letter Opener"},{"floor":11,"key":"Vajra"},{"floor":14,"key":"Toxic Egg 2"},{"floor":16,"key":"Blue Candle"},{"floor":18,"key":"Strawberry"},{"floor":20,"key":"The Courier"},{"floor":21,"key":"Singing Bowl"},{"floor":22,"key":"Kunai"},{"floor":24,"key":"Juzu Bracelet"},{"floor":25,"key":"Blood Vial"},{"floor":26,"key":"Shuriken"},{"floor":33,"key":"Molten Egg 2"},{"floor":35,"key":"Pen Nib"},{"floor":36,"key":"Oddly Smooth Stone"},{"floor":39,"key":"Old Coin"},{"floor":41,"key":"Mercury Hourglass"},{"floor":43,"key":"Sundial"},{"floor":45,"key":"Omamori"},{"floor":46,"key":"Gambling Chip"},{"floor":47,"key":"Happy Flower"}],"event_choices":[{"event_name":"Living Wall","player_choice":"Grow","floor":3,"damage_taken":0},{"event_name":"Scrap Ooze","player_choice":"success","floor":4,"damage_taken":12},{"event_name":"Liars Game","player_choice":"agreed","floor":6,"damage_taken":0},{"event_name":"Purifier","player_choice":"One Purge","floor":19,"damage_taken":0},{"event_name":"Knowing Skull","player_choice":"CARD CARD CARD ","floor":27,"damage_taken":0},{"event_name":"Forgotten Altar","player_choice":"Smashed Altar","floor":29,"damage_taken":0},{"event_name":"Drug Dealer","player_choice":"Ignored","floor":31,"damage_taken":0},{"event_name":"Winding Halls","player_choice":"Embrace Madness","floor":38,"damage_taken":0},{"event_name":"MindBloom","player_choice":"Fight","floor":46,"damage_taken":0},{"event_name":"Mysterious Sphere","player_choice":"Ignore","floor":48,"damage_taken":0}],"boss_relics":[{"not_picked":["Tiny House","Eternal Feather"],"picked":"Mark of Pain"},{"not_picked":["Astrolabe","Velvet Choker"],"picked":"Cursed Key"}],"items_purged_floors":[],"is_endless":false,"potions_floor_spawned":[1,2,5,8,10,11,14,16,18,20,21,22,24,25,33,35,36,39,41,45,46,47],"ascension_level":0}