{"gold_per_floor":[114,37,54,66,85,110,127,160,160,160,188,202,202,222,222,320,320,335,335,351,351,368,368,401,420,420,454,465,476,67,124,124,222,222,234,234,234,252,95,129,129,161,212,212,212,242,259,290,290,290],"floor_reached":51,"playtime":3407,"items_purged":["Anger"],"score":1096,"play_id":"2901cb52-d1cf-499b-86fe-4af38b60b046","local_time":"20180721170851","is_ascension_mode":true,"campfire_choices":[{"data":"True Grit","floor":10,"key":"SMITH"},{"data":"Rampage","floor":13,"key":"SMITH"},{"data":"Limit Break","floor":15,"key":"SMITH"},{"data":"True Grit","floor":23,"key":"SMITH"},{"data":"Spot Weakness","floor":32,"key":"SMITH"},{"data":"Pommel Strike","floor":41,"key":"SMITH"},{"data":"1","floor":44,"key":"LIFT"},{"data":"Demon Form","floor":49,"key":"SMITH"}],"neow_cost":"","seed_source_timestamp":6063815962162,"circlet_count":0,"master_deck":["Strike_R","Strike_R","Strike_R","Strike_R","Strike_R","Defend_R","Defend_R","Defend_R","Bash","Pommel Strike+1","Anger","True Grit+1","True Grit+1","Spot Weakness+1","Offering","Headbutt","Rampage+1","Limit Break+1","Headbutt+1","Impervious","Battle Trance","Battle Trance","Pommel Strike+1","Headbutt+1","Clash+1","Clothesline+1","Reaper+1","Heavy Blade+1","Offering","Sword Boomerang+1","Clash+1","Heavy Blade+1","Warcry","Mind Blast+1","Demon Form+1"],"relics":["Burning Blood","Red Skull","Kunai","Molten Egg 2","Letter Opener","Sozu","Art of War","Darkstone Periapt","Mercury Hourglass","Matryoshka","Tiny Chest","Coffee Dripper","Juzu Bracelet","Smiling Mask","Girya","Shuriken","Oddly Smooth Stone","Gremlin Horn","Sundial"],"potions_floor_usage":[11,24,24,27],"damage_taken":[{"damage":6,"enemies":"Cultist","floor":1,"turns":4},{"damage":10,"enemies":"Small Slimes","floor":3,"turns":4},{"damage":0,"enemies":"2 Louse","floor":4,"turns":3},{"damage":5,"enemies":"2 Fungi Beasts","floor":5,"turns":4},{"damage":43,"enemies":"Gremlin Nob","floor":6,"turns":4},{"damage":17,"enemies":"Exordium Thugs","floor":7,"turns":3},{"damage":15,"enemies":"Lagavulin","floor":8,"turns":4},{"damage":11,"enemies":"Gremlin Nob","floor":11,"turns":3},{"damage":0,"enemies":"Red Slaver","floor":12,"turns":2},{"damage":0,"enemies":"3 Louse","floor":14,"turns":2},{"damage":5,"enemies":"Slime Boss","floor":16,"turns":6},{"damage":16,"enemies":"Shell Parasite","floor":18,"turns":4},{"damage":13,"enemies":"Spheric Guardian","floor":20,"turns":4},{"damage":20,"enemies":"Snake Plant","floor":22,"turns":4},{"damage":10,"enemies":"Gremlin Leader","floor":24,"turns":5},{"damage":15,"enemies":"Slaver and Parasite","floor":25,"turns":4},{"damage":4,"enemies":"Book of Stabbing","floor":27,"turns":3},{"damage":0,"enemies":"Cultist and Chosen","floor":28,"turns":4},{"damage":3,"enemies":"Centurion and Healer","floor":29,"turns":5},{"damage":26,"enemies":"Gremlin Leader","floor":31,"turns":7},{"damage":19,"enemies":"Champ","floor":33,"turns":8},{"damage":5,"enemies":"Flame Bruiser 1 Orb","floor":35,"turns":3},{"damage":8,"enemies":"3 Darklings","floor":38,"turns":4},{"damage":13,"enemies":"Nemesis","floor":40,"turns":5},{"damage":40,"enemies":"2 Orb Walkers","floor":42,"turns":4},{"damage":13,"enemies":"Giant Head","floor":46,"turns":4},{"damage":10,"enemies":"Transient","floor":47,"turns":5},{"damage":19,"enemies":"2 Orb Walkers","floor":48,"turns":4},{"damage":72,"enemies":"Awakened One","floor":50,"turns":6}],"seed_played":"4450744205348804957","potions_obtained":[{"floor":7,"key":"FearPotion"},{"floor":8,"key":"LiquidBronze"},{"floor":12,"key":"LiquidBronze"},{"floor":16,"key":"Weak Potion"}],"is_trial":false,"path_per_floor":["M","$","M","M","M","E","M","E","T","R","E","M","R","M","R","B",null,"M","?","M","?","M","R","E","M","T","E","M","M","$","E","R","B",null,"M","?","?","M","$","E","R","E","T","R","?","E","M","E","R","B"],"character_chosen":"IRONCLAD","items_purchased":["Anger","True Grit","Reaper+1","Matryoshka","Juzu Bracelet"],"campfire_rested":0,"item_purchase_floors":[2,2,30,30,39],"current_hp_per_floor":[80,80,76,80,80,43,32,23,23,23,18,24,24,30,30,31,80,70,55,48,48,34,34,30,21,21,23,29,32,32,45,45,37,85,85,85,85,83,83,85,85,58,58,58,58,51,63,50,50,32],"gold":290,"neow_bonus":"","is_prod":false,"is_daily":false,"chose_seed":false,"campfire_upgraded":7,"win_rate":0,"timestamp":1532207331,"path_taken":["M","$","M","M","M","E","M","E","T","R","E","M","R","M","R","BOSS","M","?","M","?","M","R","E","?","T","E","M","M","$","E","R","BOSS","M","?","?","?","$","E","R","E","T","R","?","E","M","E","R","BOSS"],"build_version":"2018-07-19v2","purchased_purges":1,"victory":true,"max_hp_per_floor":[80,80,80,80,80,80,80,80,80,80,80,80,80,80,80,80,80,80,85,85,85,85,85,85,85,85,85,85,85,85,85,85,85,85,85,85,85,85,85,85,85,85,85,85,85,85,85,85,85,85],"card_choices":[{"not_picked":["Havoc","Iron Wave"],"picked":"Pommel Strike","floor":1},{"not_picked":["Intimidate","Clash"],"picked":"True Grit","floor":3},{"not_picked":["Pommel Strike","Rampage"],"picked":"Spot Weakness","floor":4},{"not_picked":["Havoc","Perfected Strike"],"picked":"Offering","floor":5},{"not_picked":["Thunderclap","Entrench"],"picked":"Anger","floor":6},{"not_picked":["Armaments","Twin Strike"],"picked":"Headbutt","floor":7},{"not_picked":["Clothesline","Berserk"],"picked":"Rampage","floor":8},{"not_picked":["Flex","Immolate+1"],"picked":"Limit Break","floor":11},{"not_picked":["Iron Wave+1","Thunderclap+1"],"picked":"Headbutt+1","floor":12},{"not_picked":["Thunderclap+1","Havoc","Body Slam+1"],"picked":"SKIP","floor":14},{"not_picked":["Juggernaut","Exhume"],"picked":"Impervious","floor":16},{"not_picked":["Carnage+1","Body Slam+1"],"picked":"Battle Trance","floor":18},{"not_picked":["Ghostly Armor+1","Warcry"],"picked":"Battle Trance","floor":20},{"not_picked":["Perfected Strike+1","Wild Strike+1"],"picked":"Pommel Strike+1","floor":22},{"not_picked":["Blood for Blood+1","Wild Strike+1"],"picked":"Headbutt+1","floor":24},{"not_picked":["Dual Wield","Iron Wave+1"],"picked":"Clash+1","floor":25},{"not_picked":["Armaments","Power Through"],"picked":"Corruption+1","floor":27},{"not_picked":["True Grit","Inflame","Fire Breathing"],"picked":"SKIP","floor":28},{"not_picked":["Body Slam+1","Carnage+1"],"picked":"Clothesline+1","floor":29},{"not_picked":["Anger+1","Burning Pact+1"],"picked":"Heavy Blade+1","floor":31},{"not_picked":["Reaper+1","Immolate+1"],"picked":"Offering","floor":33},{"not_picked":["Clothesline+1","Twin Strike+1"],"picked":"Sword Boomerang+1","floor":35},{"not_picked":["Shrug It Off","Burning Pact"],"picked":"Clash+1","floor":38},{"not_picked":["Iron Wave+1","Corruption+1"],"picked":"Heavy Blade+1","floor":40},{"not_picked":["Heavy Blade+1","Flex"],"picked":"Warcry","floor":42},{"not_picked":["Purity","Dramatic Entrance+1"],"picked":"Mind Blast+1","floor":45},{"not_picked":["Intimidate","Heavy Blade+1"],"picked":"Demon Form","floor":46},{"not_picked":["Blood for Blood+1","Cleave+1","Entrench"],"picked":"SKIP","floor":47},{"not_picked":["Dual Wield","Cleave+1","Perfected Strike+1"],"picked":"SKIP","floor":48}],"player_experience":220192,"relics_obtained":[{"floor":6,"key":"Red Skull"},{"floor":8,"key":"Kunai"},{"floor":9,"key":"Molten Egg 2"},{"floor":11,"key":"Letter Opener"},{"floor":24,"key":"Art of War"},{"floor":26,"key":"Darkstone Periapt"},{"floor":27,"key":"Mercury Hourglass"},{"floor":31,"key":"Tiny Chest"},{"floor":40,"key":"Smiling Mask"},{"floor":42,"key":"Girya"},{"floor":43,"key":"Shuriken"},{"floor":43,"key":"Oddly Smooth Stone"},{"floor":46,"key":"Gremlin Horn"},{"floor":48,"key":"Sundial"}],"event_choices":[{"event_name":"Forgotten Altar","player_choice":"Shed Blood","floor":19,"damage_taken":0},{"event_name":"The Woman in Blue","player_choice":"Bought 0 Potions","floor":21,"damage_taken":0},{"event_name":"Bonfire Elementals","player_choice":"UNCOMMON","floor":36,"damage_taken":0},{"event_name":"Falling","player_choice":"Removed Skill","floor":37,"damage_taken":0},{"event_name":"SensoryStone","player_choice":"Memory 1","floor":45,"damage_taken":0}],"is_beta":false,"boss_relics":[{"not_picked":["Runic Pyramid","Tiny House"],"picked":"Sozu"},{"not_picked":["Snecko Eye","Black Star"],"picked":"Coffee Dripper"}],"items_purged_floors":[30],"is_endless":false,"potions_floor_spawned":[7,8,12,16,18,20,25,27,29,40,46,47,48],"ascension_level":4}