{"gold_per_floor":[362,380,399,81,81,107,107,38,38,38,52,87,87,101,101,206,206],"floor_reached":17,"playtime":506,"items_purged":["Defend_R"],"score":223,"play_id":"9154801f-048c-4207-94bd-4a2072f2f7a5","local_time":"20190606170013","is_ascension_mode":true,"campfire_choices":[{"floor":7,"key":"REST"},{"data":"Inflame","floor":10,"key":"SMITH"},{"data":"Inflame","floor":13,"key":"SMITH"},{"data":"Heavy Blade","floor":15,"key":"SMITH"}],"neow_cost":"TEN_PERCENT_HP_LOSS","seed_source_timestamp":28749418165537,"circlet_count":0,"master_deck":["Strike_R","Strike_R","Strike_R+1","Strike_R","Strike_R+1","Defend_R","Defend_R","Defend_R","Bash","Pommel Strike","Inflame+1","Pummel","Metallicize","Shrug It Off","Inflame+1","Spot Weakness","Cleave","Heavy Blade+1","Barricade"],"relics":["Burning Blood","Oddly Smooth Stone","Ornamental Fan","Whetstone","Pen Nib","Coffee Dripper"],"potions_floor_usage":[16,16],"damage_taken":[{"damage":16,"enemies":"Jaw Worm","floor":1,"turns":4},{"damage":6,"enemies":"Cultist","floor":2,"turns":4},{"damage":5,"enemies":"Small Slimes","floor":3,"turns":4},{"damage":25,"enemies":"Lagavulin","floor":6,"turns":7},{"damage":10,"enemies":"Red Slaver","floor":11,"turns":4},{"damage":13,"enemies":"Gremlin Nob","floor":12,"turns":3},{"damage":5,"enemies":"Blue Slaver","floor":14,"turns":3},{"damage":52,"enemies":"The Guardian","floor":16,"turns":7}],"seed_played":"3004763119780607872","potions_obtained":[{"floor":3,"key":"Swift Potion"},{"floor":11,"key":"Regen Potion"},{"floor":16,"key":"Swift Potion"}],"is_trial":false,"path_per_floor":["M","M","M","$","?","E","R","$","T","R","M","E","R","M","R","B",null],"character_chosen":"IRONCLAD","items_purchased":["Oddly Smooth Stone","Metallicize","Shrug It Off","Inflame"],"campfire_rested":1,"item_purchase_floors":[4,4,4,8],"current_hp_per_floor":[62,62,63,63,63,44,65,65,65,65,61,54,54,55,55,24,60],"gold":206,"neow_bonus":"TWO_FIFTY_GOLD","is_prod":false,"is_daily":false,"chose_seed":false,"campfire_upgraded":3,"win_rate":0,"timestamp":1559854813,"path_taken":["M","M","M","$","?","E","R","$","T","R","M","E","R","?","R","BOSS"],"build_version":"2019-01-23","purchased_purges":1,"victory":false,"max_hp_per_floor":[72,72,72,72,72,72,72,72,72,72,72,72,72,72,72,72,72],"card_choices":[{"not_picked":["Warcry","Intimidate"],"picked":"Pommel Strike","floor":1},{"not_picked":["Combust","True Grit"],"picked":"Inflame","floor":2},{"not_picked":["Sword Boomerang","Ghostly Armor"],"picked":"Pummel","floor":3},{"not_picked":["Infernal Blade","Iron Wave","Offering"],"picked":"SKIP","floor":6},{"not_picked":["Iron Wave","True Grit"],"picked":"Spot Weakness","floor":11},{"not_picked":["Warcry","Twin Strike"],"picked":"Cleave","floor":12},{"not_picked":["Havoc","Headbutt"],"picked":"Heavy Blade","floor":14},{"not_picked":["Dark Embrace","Bludgeon"],"picked":"Barricade","floor":16}],"player_experience":1058762,"relics_obtained":[{"floor":6,"key":"Ornamental Fan"},{"floor":9,"key":"Whetstone"},{"floor":12,"key":"Pen Nib"}],"event_choices":[{"damage_healed":0,"gold_gain":0,"player_choice":"0 cards matched","damage_taken":0,"max_hp_gain":0,"max_hp_loss":0,"event_name":"Match and Keep!","floor":5,"gold_loss":0,"cards_obtained":[]}],"is_beta":false,"boss_relics":[{"not_picked":["Runic Dome","Snecko Eye"],"picked":"Coffee Dripper"}],"items_purged_floors":[4],"is_endless":false,"potions_floor_spawned":[3,11,16],"ascension_level":7}