{"gold_per_floor":[13,23,23,37,47,73,97,97,123,151,186,28,28,0],"floor_reached":14,"playtime":357,"items_purged":["Strike_B"],"score":196,"play_id":"591bec05-3200-4141-a294-a8c6efca71a6","local_time":"20190602224947","is_ascension_mode":true,"campfire_choices":[{"data":"Fission","floor":8.0,"key":"SMITH"},{"data":"Defragment","floor":13,"key":"SMITH"}],"neow_cost":"NO_GOLD","seed_source_timestamp":26794917454332,"circlet_count":0,"master_deck":["AscendersBane","Strike_B+1","Strike_B+1","Strike_B","Defend_B","Defend_B","Defend_B","Defend_B","Zap","Dualcast","Ball Lightning","Double Energy","Defragment+1","Heatsinks","Fission+1","Coolheaded","Defragment","Self Repair"],"special_seed":0,"relics":["Cracked Core","Unceasing Top","Art of War","Juzu Bracelet","Whetstone","Odd Mushroom","Happy Flower"],"potions_floor_usage":[],"damage_taken":[{"damage":6.0,"enemies":"Cultist","floor":1.0,"turns":4.0},{"damage":2.0,"enemies":"2 Louse","floor":2.0,"turns":2.0},{"damage":4.0,"enemies":"Jaw Worm","floor":4.0,"turns":3.0},{"damage":8.0,"enemies":"3 Louse","floor":5.0,"turns":3.0},{"damage":30.0,"enemies":"3 Sentries","floor":6.0,"turns":9.0},{"damage":14.0,"enemies":"The Mushroom Lair","floor":10.0,"turns":5.0},{"damage":6,"enemies":"Lagavulin","floor":11,"turns":5},{"damage":12,"enemies":"Looter","floor":14,"turns":2}],"seed_played":"-7888638791543248654","potions_obtained":[{"floor":2.0,"key":"Regen Potion"},{"floor":4.0,"key":"Block Potion"},{"floor":5.0,"key":"SpeedPotion"},{"floor":6.0,"key":"Block Potion"}],"is_trial":false,"path_per_floor":["M","M","?","M","M","E","T","R","T","?","E","$","R","M"],"character_chosen":"DEFECT","items_purchased":["Self Repair"],"campfire_rested":0,"item_purchase_floors":[12],"current_hp_per_floor":[58,56,56,52,44,29,29,29,29,15,9,9,9,0],"gold":0,"neow_bonus":"ONE_RARE_RELIC","is_prod":false,"is_daily":false,"chose_seed":false,"campfire_upgraded":2,"win_rate":0,"timestamp":1559486987,"path_taken":["M","?","?","M","M","E","?","R","T","?","E","?","R","M"],"build_version":"2019-01-23","purchased_purges":1,"victory":false,"max_hp_per_floor":[71,71,71,71,71,71,71,71,71,71,71,71,71,71],"card_choices":[{"not_picked":["Cold Snap","Sweeping Beam"],"picked":"Ball Lightning","floor":1.0},{"not_picked":["Steam","Rebound"],"picked":"Double Energy","floor":2.0},{"not_picked":["Streamline","Genetic Algorithm"],"picked":"Defragment","floor":4.0},{"not_picked":["Rip and Tear","Beam Cell"],"picked":"Heatsinks","floor":5.0},{"not_picked":["Stack","Hologram"],"picked":"Fission","floor":6.0},{"not_picked":["Loop","Ball Lightning"],"picked":"Coolheaded","floor":10.0},{"not_picked":["Undo","Ball Lightning"],"picked":"Defragment","floor":11}],"player_experience":1847088,"relics_obtained":[{"floor":6.0,"key":"Art of War"},{"floor":7.0,"key":"Juzu Bracelet"},{"floor":9.0,"key":"Whetstone"},{"floor":10.0,"key":"Odd Mushroom"},{"floor":11,"key":"Happy Flower"}],"event_choices":[{"damage_healed":0.0,"max_hp_gain":0.0,"max_hp_loss":0.0,"gold_gain":0.0,"event_name":"The Cleric","player_choice":"Leave","floor":3.0,"gold_loss":0.0,"damage_taken":0.0},{"damage_healed":0.0,"max_hp_gain":0.0,"max_hp_loss":0.0,"gold_gain":0.0,"event_name":"Mushrooms","player_choice":"Fought Mushrooms","floor":10.0,"gold_loss":0.0,"damage_taken":0.0}],"is_beta":false,"boss_relics":[],"items_purged_floors":[12],"is_endless":false,"potions_floor_spawned":[2,4,5,6],"killed_by":"Looter","ascension_level":20}