{"gold_per_floor":[114,114,39,39,39,39,39,59,59,75,94,94,110,141,141,237,237,262,262,278,278],"floor_reached":21,"playtime":416,"items_purged":[],"score":358,"play_id":"ed9b8033-f0e9-4865-b11a-3a0b95383250","local_time":"20190531165409","is_ascension_mode":true,"campfire_choices":[{"data":"Armaments","floor":6,"key":"SMITH"},{"data":"Inflame","floor":12,"key":"SMITH"},{"floor":15,"key":"REST"}],"neow_cost":"NONE","seed_source_timestamp":80845823702713,"circlet_count":0,"master_deck":["AscendersBane","Strike_R","Strike_R+1","Strike_R","Defend_R","Defend_R","Defend_R","Defend_R+1","Bash","Armaments+1","Body Slam","Inflame+1","Shockwave","Juggernaut","Offering","Shrug It Off"],"relics":["Runic Dome","Golden Idol","Question Card","Vajra","Shuriken","Eternal Feather"],"potions_floor_usage":[],"damage_taken":[{"damage":9,"enemies":"Small Slimes","floor":1,"turns":4},{"damage":0,"enemies":"Jaw Worm","floor":8,"turns":3},{"damage":8,"enemies":"2 Louse","floor":10,"turns":3},{"damage":3,"enemies":"Blue Slaver","floor":11,"turns":3},{"damage":0,"enemies":"Large Slime","floor":13,"turns":4},{"damage":12,"enemies":"Lagavulin","floor":14,"turns":6},{"damage":22,"enemies":"Slime Boss","floor":16,"turns":8},{"damage":21,"enemies":"2 Thieves","floor":18,"turns":4},{"damage":28,"enemies":"Spheric Guardian","floor":20,"turns":4},{"damage":15,"enemies":"Snecko","floor":21,"turns":3}],"seed_played":"-497096711711409252","potions_obtained":[{"floor":8,"key":"SpeedPotion"},{"floor":10,"key":"Ancient Potion"}],"is_trial":false,"path_per_floor":["M","?","?","$","?","R","T","M","T","M","M","R","M","E","R","B",null,"M","?","M","M"],"character_chosen":"IRONCLAD","items_purchased":[],"campfire_rested":1,"item_purchase_floors":[],"current_hp_per_floor":[59,36,36,36,36,36,36,36,36,28,25,25,25,13,33,11,54,33,33,5,0],"gold":278,"neow_bonus":"BOSS_RELIC","is_prod":false,"is_daily":false,"chose_seed":false,"campfire_upgraded":2,"win_rate":0,"timestamp":1559292849,"path_taken":["M","?","?","$","?","R","?","M","T","?","M","R","M","E","R","BOSS","M","?","?","M"],"build_version":"2019-01-23","purchased_purges":0,"victory":false,"max_hp_per_floor":[75,75,75,75,68,68,68,68,68,68,68,68,68,68,68,68,68,68,68,68,68],"card_choices":[{"not_picked":["Pommel Strike","Burning Pact"],"picked":"Armaments","floor":1},{"not_picked":["Rage","Twin Strike","Juggernaut"],"picked":"Body Slam","floor":8},{"not_picked":["Flex","Rage","Body Slam","Iron Wave"],"picked":"SKIP","floor":10},{"not_picked":["Iron Wave","Flex","Warcry"],"picked":"Inflame","floor":11},{"not_picked":["Uppercut","Shrug It Off","Thunderclap"],"picked":"Shockwave","floor":13},{"not_picked":["Heavy Blade","Fire Breathing","Body Slam"],"picked":"Juggernaut","floor":14},{"not_picked":["Dark Embrace","Reaper","Impervious"],"picked":"Offering","floor":16},{"not_picked":["Clash","Headbutt+1","Sentinel"],"picked":"Shrug It Off","floor":18},{"not_picked":["Seeing Red","Rampage","Sword Boomerang","Twin Strike"],"picked":"SKIP","floor":20}],"player_experience":1803510,"relics_obtained":[{"floor":7,"key":"Question Card"},{"floor":9,"key":"Vajra"},{"floor":14,"key":"Shuriken"}],"event_choices":[{"damage_healed":0,"gold_gain":0,"player_choice":"Entered Light","damage_taken":23,"max_hp_gain":0,"max_hp_loss":0,"event_name":"Shining Light","floor":2,"gold_loss":0,"cards_upgraded":["Defend_R","Strike_R"]},{"cards_removed":["Strike_R"],"damage_healed":0,"gold_gain":0,"player_choice":"Card Removal","damage_taken":0,"max_hp_gain":0,"max_hp_loss":0,"event_name":"The Cleric","floor":3,"gold_loss":75},{"damage_healed":0,"gold_gain":0,"player_choice":"Lose Max HP","damage_taken":0,"relics_obtained":["Golden Idol"],"max_hp_gain":0,"max_hp_loss":7,"event_name":"Golden Idol","floor":5,"gold_loss":0},{"cards_removed":["Strike_R"],"damage_healed":0,"gold_gain":0,"player_choice":"Purged","damage_taken":0,"max_hp_gain":0,"max_hp_loss":0,"event_name":"Purifier","floor":19,"gold_loss":0}],"is_beta":false,"boss_relics":[{"not_picked":["White Beast Statue","Cursed Key"],"picked":"Eternal Feather"}],"items_purged_floors":[],"is_endless":false,"potions_floor_spawned":[8,10,11,18],"killed_by":"Snecko","ascension_level":20}