{"gold_per_floor":[113,113,126,136,136,169,169,189,236,236,269,269,26,38,38,134,134,145,161,161,171,371,371,381,381,381,381,410,88,122,22,22,127,127,143,18,18,18,18,18,44,62,62,62,81,181,181,31,31,31],"floor_reached":50,"playtime":2179,"items_purged":["Strike_R","Defend_R","Strike_R","Bash"],"score":726,"play_id":"a253f35e-db98-45c7-a93e-e7f308f2c383","local_time":"20190524193713","is_ascension_mode":true,"campfire_choices":[{"data":"Heavy Blade","floor":7.0,"key":"SMITH"},{"floor":12.0,"key":"REST"},{"data":"Heavy Blade","floor":15.0,"key":"SMITH"},{"data":"Heavy Blade","floor":23.0,"key":"SMITH"},{"data":"Inflame","floor":25.0,"key":"SMITH"},{"data":"Flex","floor":27.0,"key":"SMITH"},{"floor":32.0,"key":"REST"},{"data":"Panacea","floor":40.0,"key":"SMITH"},{"data":"Double Tap","floor":44.0,"key":"SMITH"},{"data":"Madness","floor":49,"key":"SMITH"}],"neow_cost":"NONE","seed_source_timestamp":5057335747508,"circlet_count":0,"master_deck":["Strike_R","Strike_R","Defend_R","Defend_R","Bash","Trip","Spot Weakness","Inflame+1","Iron Wave","Heavy Blade+1","Flex+1","Secret Technique","Heavy Blade+1","Limit Break+1","Heavy Blade+1","Limit Break+1","Double Tap+1","Seeing Red+1","Panacea+1","Parasite","Madness+1","Demon Form"],"special_seed":0,"relics":["Black Blood","Singing Bowl","Dream Catcher","Orichalcum","Strawberry","Philosopher\u0027s Stone","Juzu Bracelet","Regal Pillow","Meat on the Bone","Torii","Sundial","Paper Frog","Nunchaku"],"potions_floor_usage":[50,50,50],"damage_taken":[{"damage":9.0,"enemies":"Jaw Worm","floor":1.0,"turns":3.0},{"damage":3.0,"enemies":"Small Slimes","floor":3.0,"turns":3.0},{"damage":1.0,"enemies":"Cultist","floor":4.0,"turns":4.0},{"damage":30.0,"enemies":"Lagavulin","floor":6.0,"turns":7.0},{"damage":17.0,"enemies":"Looter","floor":8.0,"turns":3.0},{"damage":12.0,"enemies":"Gremlin Nob","floor":11.0,"turns":3.0},{"damage":0.0,"enemies":"2 Fungi Beasts","floor":14.0,"turns":3.0},{"damage":33.0,"enemies":"Slime Boss","floor":16.0,"turns":7.0},{"damage":13.0,"enemies":"Shell Parasite","floor":18.0,"turns":3.0},{"damage":9.0,"enemies":"Chosen","floor":19.0,"turns":3.0},{"damage":27.0,"enemies":"Centurion and Healer","floor":21.0,"turns":4.0},{"damage":0.0,"enemies":"Snecko","floor":24.0,"turns":2.0},{"damage":29.0,"enemies":"Book of Stabbing","floor":28.0,"turns":3.0},{"damage":46.0,"enemies":"Gremlin Leader","floor":30.0,"turns":4.0},{"damage":55.0,"enemies":"Collector","floor":33.0,"turns":5.0},{"damage":23.0,"enemies":"3 Darklings","floor":35.0,"turns":4.0},{"damage":11.0,"enemies":"Reptomancer","floor":41.0,"turns":2.0},{"damage":27.0,"enemies":"Orb Walker","floor":42.0,"turns":3.0},{"damage":7,"enemies":"Writhing Mass","floor":45,"turns":3},{"damage":0,"enemies":"Mind Bloom Boss Battle","floor":46,"turns":3},{"damage":118,"enemies":"Awakened One","floor":50,"turns":5}],"seed_played":"-7333963121874589306","potions_obtained":[{"floor":3.0,"key":"Swift Potion"},{"floor":4.0,"key":"Swift Potion"},{"floor":14.0,"key":"BloodPotion"},{"floor":16.0,"key":"Poison Potion"},{"floor":19.0,"key":"Explosive Potion"},{"floor":21.0,"key":"FearPotion"},{"floor":28.0,"key":"AttackPotion"},{"floor":30.0,"key":"LiquidBronze"},{"floor":45,"key":"Swift Potion"},{"floor":46,"key":"Ancient Potion"}],"is_trial":false,"path_per_floor":["M","?","M","M","?","E","R","M","T","?","E","R","$","M","R","B",null,"M","M","?","M","?","R","M","R","T","R","E","$","E","$","R","B",null,"M","$","?","?","?","R","E","M","T","R","M","?","?","$","R","B"],"character_chosen":"IRONCLAD","items_purchased":["Secret Technique","Energy Potion","Meat on the Bone"],"campfire_rested":2,"item_purchase_floors":[13,13,29],"current_hp_per_floor":[69,66,69,74,74,50,50,39,39,39,42,70,70,76,76,49,81,76,82,82,63,63,63,71,71,71,71,50,50,22,22,68,31,84,71,71,71,71,71,71,72,69,69,69,74,86,86,86,86,0],"gold":31,"neow_bonus":"RANDOM_COLORLESS","is_prod":false,"is_daily":false,"chose_seed":false,"campfire_upgraded":8,"win_rate":0,"timestamp":1558741033,"path_taken":["M","?","M","M","?","E","R","?","T","?","E","R","$","M","R","BOSS","M","M","?","?","?","R","M","R","T","R","E","?","E","$","R","BOSS","M","$","?","?","?","R","E","M","T","R","M","?","?","?","R","BOSS"],"build_version":"2019-01-23","purchased_purges":4,"victory":false,"max_hp_per_floor":[80,80,80,80,80,80,80,80,80,80,89,91,91,91,91,91,91,93,93,93,95,95,95,97,97,97,97,99,99,99,99,101,101,101,101,101,101,101,101,101,103,105,105,105,107,109,109,109,109,109],"card_choices":[{"not_picked":["Intimidate","Anger","Thunderclap"],"picked":"SKIP","floor":1.0},{"not_picked":["Thunderclap","Clothesline"],"picked":"Spot Weakness","floor":3.0},{"not_picked":["Armaments","Battle Trance"],"picked":"Inflame","floor":4.0},{"not_picked":["Combust","True Grit"],"picked":"Heavy Blade","floor":6.0},{"not_picked":["Havoc","Clothesline"],"picked":"Flex","floor":8.0},{"not_picked":["Headbutt","Sentinel","Havoc"],"picked":"Singing Bowl","floor":11.0},{"not_picked":["Power Through","Burning Pact","Feel No Pain"],"picked":"Singing Bowl","floor":12.0},{"not_picked":["Clothesline","Anger"],"picked":"Heavy Blade","floor":14.0},{"not_picked":["Double Tap","Exhume"],"picked":"Limit Break","floor":16.0},{"not_picked":["True Grit","Havoc","Iron Wave"],"picked":"Singing Bowl","floor":18.0},{"not_picked":["Burning Pact","Carnage"],"picked":"Heavy Blade","floor":19.0},{"not_picked":["Anger","Headbutt","Searing Blow"],"picked":"Singing Bowl","floor":21.0},{"not_picked":["Feel No Pain","Shrug It Off+1","Perfected Strike"],"picked":"Singing Bowl","floor":24.0},{"not_picked":["Barricade","Flame Barrier","Berserk"],"picked":"Singing Bowl","floor":28.0},{"not_picked":["Pummel","Shrug It Off"],"picked":"Limit Break","floor":30.0},{"not_picked":["Warcry","Pummel","Entrench"],"picked":"Singing Bowl","floor":32.0},{"not_picked":["Feed","Immolate"],"picked":"Double Tap","floor":33.0},{"not_picked":["Cleave+1","Pommel Strike"],"picked":"Seeing Red+1","floor":35.0},{"not_picked":["Jack Of All Trades","Blind"],"picked":"Panacea","floor":38.0},{"not_picked":["Pommel Strike+1","Reckless Charge+1","Twin Strike+1"],"picked":"Singing Bowl","floor":41.0},{"not_picked":["Wild Strike","Pommel Strike+1","Combust+1"],"picked":"Singing Bowl","floor":42.0},{"not_picked":["Headbutt","Flex","Warcry"],"picked":"Singing Bowl","floor":45},{"not_picked":["Shrug It Off","Immolate","Body Slam"],"picked":"Singing Bowl","floor":46}],"player_experience":1024099,"relics_obtained":[{"floor":6.0,"key":"Dream Catcher"},{"floor":9.0,"key":"Orichalcum"},{"floor":11.0,"key":"Strawberry"},{"floor":26.0,"key":"Juzu Bracelet"},{"floor":28.0,"key":"Regal Pillow"},{"floor":30.0,"key":"Torii"},{"floor":41.0,"key":"Sundial"},{"floor":43.0,"key":"Paper Frog"},{"floor":46,"key":"Nunchaku"}],"event_choices":[{"damage_healed":0.0,"max_hp_gain":0.0,"max_hp_loss":0.0,"gold_gain":0.0,"event_name":"Scrap Ooze","player_choice":"Success","floor":2.0,"gold_loss":0.0,"damage_taken":3.0,"relics_obtained":["Singing Bowl"]},{"damage_healed":0.0,"max_hp_gain":0.0,"max_hp_loss":0.0,"gold_gain":0.0,"cards_transformed":["Defend_R"],"event_name":"Transmorgrifier","player_choice":"Transformed","floor":5.0,"gold_loss":0.0,"damage_taken":0.0,"cards_obtained":["Iron Wave"]},{"damage_healed":0.0,"max_hp_gain":0.0,"max_hp_loss":0.0,"gold_gain":0.0,"event_name":"Shining Light","player_choice":"Ignored","floor":10.0,"gold_loss":0.0,"damage_taken":0.0},{"damage_healed":0.0,"max_hp_gain":0.0,"max_hp_loss":0.0,"gold_gain":0.0,"event_name":"Upgrade Shrine","player_choice":"Upgraded","floor":20.0,"gold_loss":0.0,"damage_taken":0.0,"cards_upgraded":["Limit Break"]},{"damage_healed":0.0,"max_hp_gain":0.0,"max_hp_loss":0.0,"gold_gain":200.0,"event_name":"Wheel of Change","player_choice":"Gold","floor":22.0,"gold_loss":0.0,"damage_taken":0.0},{"cards_removed":["Strike_R"],"damage_healed":0.0,"max_hp_gain":0.0,"max_hp_loss":0.0,"gold_gain":0.0,"event_name":"Falling","player_choice":"Removed Attack","floor":37.0,"gold_loss":0.0,"damage_taken":0.0},{"damage_healed":0.0,"max_hp_gain":0.0,"max_hp_loss":0.0,"gold_gain":0.0,"event_name":"SensoryStone","player_choice":"Memory 1","floor":38.0,"gold_loss":0.0,"damage_taken":0.0},{"damage_healed":0.0,"max_hp_gain":0.0,"max_hp_loss":0.0,"gold_gain":0.0,"event_name":"Upgrade Shrine","player_choice":"Upgraded","floor":39.0,"gold_loss":0.0,"damage_taken":0.0,"cards_upgraded":["Limit Break"]},{"damage_healed":0,"gold_gain":0,"player_choice":"Fight","damage_taken":0,"max_hp_gain":0,"max_hp_loss":0,"event_name":"MindBloom","floor":46,"gold_loss":0},{"damage_healed":0,"gold_gain":0,"player_choice":"3 cards matched","damage_taken":0,"max_hp_gain":0,"max_hp_loss":0,"event_name":"Match and Keep!","floor":47,"gold_loss":0,"cards_obtained":["Madness","Demon Form","Bash"]}],"is_beta":false,"boss_relics":[{"not_picked":["Eternal Feather","Coffee Dripper"],"picked":"Philosopher\u0027s Stone"},{"not_picked":["Busted Crown","Lizard Tail"],"picked":"Black Blood"}],"items_purged_floors":[29,31,36,48],"is_endless":false,"potions_floor_spawned":[3,4,14,16,19,21,28,30,45,46],"killed_by":"Awakened One","ascension_level":6}