{"gold_per_floor":[114,189,202,222,240,240,257,102,102,102,131,158,175,186,186,285,285,300,320,334,53,68,68,68,68,141,141,157,157,186,196,196,298,348,366,376,394,394,404,432,449,449,472,472],"floor_reached":44,"playtime":2040,"items_purged":["Defend_B"],"score":471,"play_id":"ac0839a2-2fbb-46aa-b018-ccaabde8846e","local_time":"20190318180215","is_ascension_mode":false,"campfire_choices":[{"floor":6,"key":"REST"},{"floor":15,"key":"REST"},{"data":"Defragment","floor":23,"key":"SMITH"},{"data":"Defragment","floor":25,"key":"SMITH"},{"data":"Amplify","floor":29,"key":"SMITH"},{"floor":32,"key":"REST"},{"floor":42,"key":"REST"}],"neow_cost":"PERCENT_DAMAGE","seed_source_timestamp":483779071969623,"circlet_count":0,"master_deck":["Strike_B+1","Strike_B","Defend_B+1","Zap","Dualcast","Hologram","Conserve Battery","Sweeping Beam","Ball Lightning","Tempest","Conserve Battery","Defragment+1","Amplify+1","Defragment+1","Leap","Electrodynamics","Turbo+1","Conserve Battery","Static Discharge+1","Echo Form","Doom and Gloom","Reboot","Conserve Battery","Stack","Streamline+1","Seek","Tempest","Loop","Steam+1","Parasite","Conserve Battery+1","Writhe","Defragment+1","Static Discharge+1"],"relics":["Cracked Core","Gremlin Horn","Mummified Hand","Bag of Marbles","Sozu","OrangePellets","Red Mask","Tiny House","Frozen Egg 2","Orichalcum"],"potions_floor_usage":[11,16],"damage_taken":[{"damage":0,"enemies":"2 Louse","floor":1,"turns":2},{"damage":11,"enemies":"Jaw Worm","floor":3,"turns":2},{"damage":0,"enemies":"Cultist","floor":4,"turns":2},{"damage":0,"enemies":"2 Fungi Beasts","floor":5,"turns":2},{"damage":2,"enemies":"Blue Slaver","floor":7,"turns":3},{"damage":10,"enemies":"Gremlin Nob","floor":11,"turns":3},{"damage":0,"enemies":"3 Louse","floor":13,"turns":1},{"damage":2,"enemies":"Looter","floor":14,"turns":3},{"damage":23,"enemies":"Slime Boss","floor":16,"turns":9},{"damage":4,"enemies":"3 Byrds","floor":18,"turns":3},{"damage":11,"enemies":"Spheric Guardian","floor":19,"turns":4},{"damage":8,"enemies":"Centurion and Healer","floor":20,"turns":3},{"damage":3,"enemies":"Snecko","floor":22,"turns":3},{"damage":1,"enemies":"Chosen and Byrds","floor":28,"turns":3},{"damage":19,"enemies":"Masked Bandits","floor":30,"turns":3},{"damage":0,"enemies":"Cultist and Chosen","floor":31,"turns":4},{"damage":7,"enemies":"Collector","floor":33,"turns":7},{"damage":0,"enemies":"Orb Walker","floor":35,"turns":2},{"damage":0,"enemies":"3 Shapes","floor":36,"turns":2},{"damage":41,"enemies":"Writhing Mass","floor":37,"turns":5},{"damage":35,"enemies":"Transient","floor":39,"turns":5},{"damage":33,"enemies":"Giant Head","floor":40,"turns":6},{"damage":1,"enemies":"Maw","floor":41,"turns":7},{"damage":31,"enemies":"Reptomancer","floor":44,"turns":2}],"seed_played":"9214565822854096500","potions_obtained":[{"floor":3,"key":"FairyPotion"},{"floor":7,"key":"Fire Potion"},{"floor":13,"key":"EssenceOfSteel"},{"floor":14,"key":"SkillPotion"}],"is_trial":false,"path_per_floor":["M","?","M","M","M","R","M","$","T","?","E","T","M","M","R","B",null,"M","M","M","$","M","R","?","R","T","?","M","R","?","M","R","B",null,"M","M","M","?","M","E","M","R","T","E"],"character_chosen":"DEFECT","items_purchased":["Defragment","Amplify","OrangePellets"],"campfire_rested":4,"item_purchase_floors":[8,8,21],"current_hp_per_floor":[54,43,32,32,32,54,52,52,52,37,27,27,27,25,47,24,75,71,60,52,52,49,49,49,49,49,49,48,48,29,29,51,44,80,80,80,39,59,24,8,7,31,31,0],"gold":472,"neow_bonus":"TRANSFORM_TWO_CARDS","is_prod":false,"is_daily":false,"chose_seed":false,"campfire_upgraded":3,"win_rate":0,"timestamp":1552946535,"path_taken":["M","?","M","M","M","R","M","$","T","?","E","?","?","M","R","BOSS","M","M","M","$","M","R","?","R","T","?","M","R","?","M","R","BOSS","M","M","M","?","M","E","M","R","T","E"],"build_version":"2019-01-23","purchased_purges":1,"victory":false,"max_hp_per_floor":[75,75,75,75,75,75,75,75,75,75,75,75,75,75,75,75,75,75,75,75,75,75,75,75,75,75,75,75,75,75,75,75,75,80,80,80,80,80,80,80,80,80,80,80],"card_choices":[{"not_picked":["Stack","Leap"],"picked":"Sweeping Beam","floor":1},{"not_picked":["Beam Cell","Doom and Gloom"],"picked":"Ball Lightning","floor":3},{"not_picked":["Heatsinks","Cold Snap","Gash"],"picked":"SKIP","floor":4},{"not_picked":["Chaos","Coolheaded"],"picked":"Tempest","floor":5},{"not_picked":["Stack","Coolheaded"],"picked":"Conserve Battery","floor":7},{"not_picked":["Aggregate","Undo"],"picked":"Defragment","floor":11},{"not_picked":["Blizzard","Scrape","Barrage"],"picked":"SKIP","floor":13},{"not_picked":["Sweeping Beam","Undo"],"picked":"Leap","floor":14},{"not_picked":["All For One","Buffer"],"picked":"Electrodynamics","floor":16},{"not_picked":["BootSequence","Go for the Eyes+1"],"picked":"Turbo","floor":18},{"not_picked":["Go for the Eyes","Gash"],"picked":"Conserve Battery","floor":19},{"not_picked":["Go for the Eyes","Stack"],"picked":"Static Discharge+1","floor":20},{"not_picked":["Hologram","Cold Snap"],"picked":"Echo Form","floor":22},{"not_picked":["Ball Lightning","Sunder"],"picked":"Conserve Battery","floor":28},{"not_picked":["Machine Learning","Gash"],"picked":"Stack","floor":30},{"not_picked":["Redo","Heatsinks"],"picked":"Streamline+1","floor":31},{"not_picked":["Fission","Hyperbeam"],"picked":"Seek","floor":33},{"not_picked":["Chaos","Leap"],"picked":"Tempest","floor":34},{"not_picked":["Gash","Redo+1"],"picked":"Loop","floor":35},{"not_picked":["Sweeping Beam","Barrage"],"picked":"Steam+1","floor":36},{"not_picked":["Barrage","Streamline+1"],"picked":"Conserve Battery+1","floor":37},{"not_picked":["Coolheaded+1","Cold Snap"],"picked":"Defragment+1","floor":39},{"not_picked":["Recycle","All For One"],"picked":"Static Discharge","floor":40},{"not_picked":["Gash+1","Steam","Beam Cell"],"picked":"SKIP","floor":41}],"player_experience":745875,"relics_obtained":[{"floor":9,"key":"Gremlin Horn"},{"floor":11,"key":"Mummified Hand"},{"floor":12,"key":"Bag of Marbles"},{"floor":30,"key":"Red Mask"},{"floor":40,"key":"Frozen Egg 2"},{"floor":43,"key":"Orichalcum"}],"event_choices":[{"damage_healed":0,"gold_gain":75,"player_choice":"Gather Gold","damage_taken":11,"max_hp_gain":0,"max_hp_loss":0,"event_name":"World of Goop","floor":2,"gold_loss":0},{"damage_healed":0,"gold_gain":0,"player_choice":"Entered Light","damage_taken":15,"max_hp_gain":0,"max_hp_loss":0,"event_name":"Shining Light","floor":10,"gold_loss":0,"cards_upgraded":["Strike_B","Defend_B"]},{"damage_healed":0,"gold_gain":0,"cards_transformed":["Defend_B","Strike_B"],"player_choice":"Became Test Subject","damage_taken":0,"max_hp_gain":0,"max_hp_loss":0,"event_name":"Drug Dealer","floor":24,"gold_loss":0,"cards_obtained":["Doom and Gloom","Reboot"]},{"damage_healed":0,"gold_gain":0,"player_choice":"Ignored","damage_taken":0,"max_hp_gain":0,"max_hp_loss":0,"event_name":"Vampires","floor":27,"gold_loss":0},{"damage_healed":0,"gold_gain":0,"player_choice":"Fought Bandits","damage_taken":0,"max_hp_gain":0,"max_hp_loss":0,"event_name":"Masked Bandits","floor":30,"gold_loss":0},{"damage_healed":20,"gold_gain":0,"player_choice":"Writhe","damage_taken":0,"max_hp_gain":0,"max_hp_loss":0,"event_name":"Winding Halls","floor":38,"gold_loss":0,"cards_obtained":["Writhe"]}],"is_beta":false,"boss_relics":[{"not_picked":["Nuclear Battery","Coffee Dripper"],"picked":"Sozu"},{"not_picked":["Empty Cage","FrozenCore"],"picked":"Tiny House"}],"items_purged_floors":[21],"is_endless":false,"potions_floor_spawned":[3,7,13,14,20,28,31,35,36,40],"killed_by":"Reptomancer","ascension_level":0}