{"gold_per_floor":[119,119,133,148,21,21,50,50,76,103,103,115,34,53,53,130,130,147,72,87,107,107,133,145,173,185,197,220,232,255,39,39,116,116,126,137,137,53,72,98,98],"floor_reached":41,"playtime":1470,"items_purged":["Strike_B","Defend_B"],"score":906,"play_id":"aee3bb96-d88c-47a8-9fc1-c42007ad829d","local_time":"20190601152929","is_ascension_mode":true,"campfire_choices":[{"data":"Chaos","floor":6.0,"key":"SMITH"},{"data":"Beam Cell","floor":8.0,"key":"SMITH"},{"data":"Consume","floor":11.0,"key":"SMITH"},{"data":"Sunder","floor":15.0,"key":"SMITH"},{"data":"Turbo","floor":24.0,"key":"SMITH"},{"data":"Zap","floor":27.0,"key":"SMITH"},{"data":"Defragment","floor":32.0,"key":"SMITH"}],"neow_cost":"NONE","seed_source_timestamp":495831388738,"circlet_count":0,"master_deck":["AscendersBane","Zap+1","Dualcast+1","Chaos+1","Seek","Cold Snap","Beam Cell+1","Turbo+1","Conserve Battery","Consume+1","Hologram","Sunder+1","All For One","Undo+1","All For One","Biased Cognition","Hologram","Skim+1","Tempest","Heatsinks+1","Heatsinks","Coolheaded","Defragment+1","Thunder Strike","Recycle","Reinforced Body","BootSequence+1","Glacier","Skim"],"special_seed":0,"relics":["Cracked Core","NeowsBlessing","Regal Pillow","Ancient Tea Set","War Paint","Empty Cage","MawBank","Orichalcum","Pandora\u0027s Box","Pen Nib"],"potions_floor_usage":[],"damage_taken":[{"damage":0.0,"enemies":"Small Slimes","floor":1.0,"turns":1.0},{"damage":0.0,"enemies":"Jaw Worm","floor":3.0,"turns":1.0},{"damage":0.0,"enemies":"Cultist","floor":4.0,"turns":1.0},{"damage":21.0,"enemies":"Lagavulin","floor":7.0,"turns":9.0},{"damage":1.0,"enemies":"3 Sentries","floor":10.0,"turns":2.0},{"damage":0.0,"enemies":"Exordium Thugs","floor":12.0,"turns":4.0},{"damage":0.0,"enemies":"Exordium Wildlife","floor":14.0,"turns":3.0},{"damage":21.0,"enemies":"The Guardian","floor":16.0,"turns":10.0},{"damage":0.0,"enemies":"Chosen","floor":18.0,"turns":3.0},{"damage":0.0,"enemies":"Spheric Guardian","floor":20.0,"turns":3.0},{"damage":8.0,"enemies":"Snake Plant","floor":21.0,"turns":3.0},{"damage":26.0,"enemies":"Slavers","floor":23.0,"turns":4.0},{"damage":6.0,"enemies":"Sentry and Sphere","floor":25.0,"turns":7.0},{"damage":4.0,"enemies":"Cultist and Chosen","floor":28.0,"turns":4.0},{"damage":1.0,"enemies":"Snake Plant","floor":30.0,"turns":2.0},{"damage":14.0,"enemies":"Champ","floor":33.0,"turns":13.0},{"damage":3.0,"enemies":"Orb Walker","floor":35.0,"turns":4.0},{"damage":13.0,"enemies":"3 Shapes","floor":36.0,"turns":2.0},{"damage":11.0,"enemies":"Jaw Worm Horde","floor":39.0,"turns":5.0},{"damage":17,"enemies":"Nemesis","floor":40,"turns":9},{"damage":0,"enemies":"Spire Growth","floor":41,"turns":2}],"seed_played":"-7246337885539297658","potions_obtained":[{"floor":1.0,"key":"Regen Potion"},{"floor":3.0,"key":"PowerPotion"},{"floor":12.0,"key":"GamblersBrew"},{"floor":14.0,"key":"Energy Potion"},{"floor":22.0,"key":"Regen Potion"},{"floor":23.0,"key":"Poison Potion"},{"floor":25.0,"key":"Dexterity Potion"},{"floor":28.0,"key":"Weak Potion"},{"floor":33.0,"key":"Fire Potion"},{"floor":36.0,"key":"PowerPotion"},{"floor":39.0,"key":"Dexterity Potion"}],"is_trial":false,"path_per_floor":["M","?","M","M","$","R","E","R","T","E","R","M","$","M","R","B",null,"M","?","M","M","?","E","R","M","T","R","M","?","M","$","R","B",null,"M","M","?","$","M","E","M"],"character_chosen":"DEFECT","items_purchased":["Turbo","Sunder","Coolheaded","Defragment","Glacier"],"campfire_rested":0,"item_purchase_floors":[5,13,31,31,38],"current_hp_per_floor":[64,64,64,64,64,64,43,43,43,47,47,47,47,47,47,26,60,60,60,60,52,52,26,26,35,35,35,31,31,30,30,30,16,57,54,41,41,41,30,13,13],"gold":98,"neow_bonus":"THREE_ENEMY_KILL","is_prod":false,"is_daily":false,"chose_seed":false,"campfire_upgraded":7,"win_rate":0,"timestamp":1559374169,"path_taken":["M","?","M","M","$","R","E","R","T","E","R","M","?","M","R","BOSS","M","?","M","?","?","E","R","M","T","R","?","?","M","?","R","BOSS","M","M","?","$","M","E","M"],"build_version":"2019-01-23","purchased_purges":2,"victory":false,"max_hp_per_floor":[71,71,71,71,71,71,71,71,71,71,71,71,71,71,71,71,71,71,71,71,71,71,71,71,71,71,71,71,71,71,71,71,71,71,71,71,71,71,71,71,71],"card_choices":[{"not_picked":["Redo","Double Energy"],"picked":"Chaos","floor":1.0},{"not_picked":["White Noise","Stack"],"picked":"Cold Snap","floor":3.0},{"not_picked":["Compile Driver","Leap"],"picked":"Beam Cell","floor":4.0},{"not_picked":["Rip and Tear","Leap"],"picked":"Conserve Battery","floor":7.0},{"not_picked":["Glacier","Double Energy"],"picked":"Consume","floor":10.0},{"not_picked":["Leap","Redo"],"picked":"Hologram","floor":12.0},{"not_picked":["Cold Snap","Turbo","Conserve Battery"],"picked":"SKIP","floor":14.0},{"not_picked":["Rainbow","Thunder Strike"],"picked":"All For One","floor":16.0},{"not_picked":["Rip and Tear+1","Double Energy+1"],"picked":"Undo+1","floor":18.0},{"not_picked":["Sweeping Beam","Chaos"],"picked":"Hologram","floor":20.0},{"not_picked":["Go for the Eyes","Sunder"],"picked":"Skim+1","floor":21.0},{"not_picked":["Gash","Blizzard","Hologram"],"picked":"SKIP","floor":23.0},{"not_picked":["Scrape","Beam Cell"],"picked":"Tempest","floor":25.0},{"not_picked":["Beam Cell","Stack"],"picked":"Heatsinks+1","floor":28.0},{"not_picked":["Barrage","Steam Power"],"picked":"Heatsinks","floor":30.0},{"not_picked":["Creative AI","Biased Cognition"],"picked":"Thunder Strike","floor":33.0},{"not_picked":["Conserve Battery","Stack+1"],"picked":"Reinforced Body","floor":35.0},{"not_picked":["Coolheaded","Auto Shields"],"picked":"BootSequence+1","floor":36.0},{"not_picked":["Ball Lightning","Leap"],"picked":"Skim","floor":39.0},{"not_picked":["Gash","Melter","Stack"],"picked":"SKIP","floor":40}],"player_experience":1817962,"relics_obtained":[{"floor":7.0,"key":"Regal Pillow"},{"floor":9.0,"key":"Ancient Tea Set"},{"floor":10.0,"key":"War Paint"},{"floor":23.0,"key":"MawBank"},{"floor":26.0,"key":"Orichalcum"},{"floor":40,"key":"Pen Nib"}],"event_choices":[{"damage_healed":0.0,"max_hp_gain":0.0,"max_hp_loss":0.0,"gold_gain":0.0,"cards_transformed":["Strike_B"],"event_name":"Living Wall","player_choice":"Change","floor":2.0,"gold_loss":0.0,"damage_taken":0.0,"cards_obtained":["Seek"]},{"damage_healed":0.0,"max_hp_gain":0.0,"max_hp_loss":0.0,"gold_gain":0.0,"cards_transformed":["Defend_B","Defend_B"],"event_name":"Designer","player_choice":"Transformed Cards","floor":19.0,"gold_loss":75.0,"damage_taken":0.0,"cards_obtained":["All For One","Biased Cognition"]},{"damage_healed":0.0,"max_hp_gain":0.0,"max_hp_loss":0.0,"gold_gain":0.0,"event_name":"Lab","player_choice":"Got Potions","floor":22.0,"gold_loss":0.0,"damage_taken":0.0},{"damage_healed":0.0,"max_hp_gain":0.0,"max_hp_loss":0.0,"gold_gain":0.0,"event_name":"Vampires","player_choice":"Ignored","floor":29.0,"gold_loss":0.0,"damage_taken":0.0},{"damage_healed":0.0,"max_hp_gain":0.0,"max_hp_loss":0.0,"gold_gain":0.0,"event_name":"Mysterious Sphere","player_choice":"Ignored","floor":37.0,"gold_loss":0.0,"damage_taken":0.0}],"is_beta":false,"boss_relics":[{"not_picked":["White Beast Statue","FrozenCore"],"picked":"Empty Cage"},{"not_picked":["Snecko Eye","Inserter"],"picked":"Pandora\u0027s Box"}],"items_purged_floors":[5,31],"is_endless":false,"potions_floor_spawned":[1,3,12,14,23,25,28,30,33,36,39,40],"killed_by":"Spire Growth","ascension_level":20}