{"gold_per_floor":[113,129,204,184,35,69,83,98,124,139,170,170,13,46,46,125,125,105,20,20,40,55,55,86,86,86,146,146],"floor_reached":28,"playtime":1177,"items_purged":["Strike_R"],"score":452,"play_id":"33134216-f51d-496a-96cc-052587186aeb","local_time":"20190730024347","is_ascension_mode":true,"campfire_choices":[{"data":"Feel No Pain","floor":12,"key":"SMITH"},{"data":"Disarm","floor":15,"key":"SMITH"},{"data":"Pommel Strike","floor":23,"key":"SMITH"}],"neow_cost":"NONE","seed_source_timestamp":267346169900459,"circlet_count":0,"master_deck":["AscendersBane","Bash+1","Iron Wave","Carnage","Feel No Pain+1","Shrug It Off","Inflame","Reaper","Pommel Strike+1","Inflame","Impervious+1","Disarm+1","Immolate","Whirlwind","Impervious","Rage","Anger","Demon Form","Blood for Blood","Feel No Pain","Ghostly Armor","Warcry+1","Feel No Pain","Armaments+1","Havoc+1"],"relics":["Burning Blood","Bronze Scales","Oddly Smooth Stone","Whetstone","Ancient Tea Set","Pandora\u0027s Box","Letter Opener","Nunchaku","SsserpentHead","War Paint"],"potions_floor_usage":[24],"damage_taken":[{"damage":12,"enemies":"Small Slimes","floor":1,"turns":5},{"damage":0,"enemies":"2 Louse","floor":2,"turns":3},{"damage":19,"enemies":"Gremlin Nob","floor":6,"turns":4},{"damage":0,"enemies":"Cultist","floor":7,"turns":3},{"damage":2,"enemies":"3 Louse","floor":8,"turns":4},{"damage":8,"enemies":"Blue Slaver","floor":10,"turns":4},{"damage":28,"enemies":"Lagavulin","floor":11,"turns":5},{"damage":22,"enemies":"Gremlin Nob","floor":14,"turns":4},{"damage":10,"enemies":"Hexaghost","floor":16,"turns":10},{"damage":20,"enemies":"2 Thieves","floor":18,"turns":4},{"damage":12,"enemies":"Shell Parasite","floor":21,"turns":7},{"damage":22,"enemies":"Snake Plant","floor":22,"turns":5},{"damage":49,"enemies":"Book of Stabbing","floor":24,"turns":7},{"damage":28,"enemies":"Shelled Parasite and Fungi","floor":27,"turns":8},{"damage":39,"enemies":"Gremlin Leader","floor":28,"turns":6}],"seed_played":"-588203366347024278","potions_obtained":[{"floor":1,"key":"Dexterity Potion"},{"floor":4,"key":"Energy Potion"},{"floor":10,"key":"LiquidBronze"},{"floor":16,"key":"Regen Potion"}],"is_trial":false,"path_per_floor":["M","M","?","?","$","E","M","M","T","M","E","R","$","E","R","B",null,"M","?","?","M","M","R","E","?","T","M","E"],"character_chosen":"IRONCLAD","items_purchased":["Feel No Pain","Impervious"],"campfire_rested":0,"item_purchase_floors":[5,13],"current_hp_per_floor":[62,68,57,57,57,44,50,54,54,56,34,34,34,27,27,35,65,67,67,67,73,63,63,45,45,45,34,0],"gold":146,"neow_bonus":"UPGRADE_CARD","is_prod":false,"is_daily":false,"chose_seed":false,"campfire_upgraded":3,"win_rate":0,"timestamp":1564469027,"path_taken":["M","M","?","?","$","E","?","M","T","M","E","R","$","E","R","BOSS","M","?","?","M","M","R","E","?","T","?","E"],"build_version":"2019-07-17","purchased_purges":1,"victory":false,"max_hp_per_floor":[75,75,75,75,75,75,75,75,75,75,75,75,75,75,75,75,75,75,75,75,75,75,75,75,75,75,75,75],"card_choices":[{"not_picked":["Seeing Red","Entrench"],"picked":"Iron Wave","floor":1},{"not_picked":["Armaments","Sentinel"],"picked":"Carnage","floor":2},{"not_picked":["Second Wind","Clash"],"picked":"Shrug It Off","floor":6},{"not_picked":["Headbutt","Armaments"],"picked":"Inflame","floor":7},{"not_picked":["Headbutt","Second Wind"],"picked":"Reaper","floor":8},{"not_picked":["Clash","Flex"],"picked":"Pommel Strike","floor":10},{"not_picked":["Body Slam","Pommel Strike"],"picked":"Inflame","floor":11},{"not_picked":["Iron Wave","Reckless Charge"],"picked":"Disarm","floor":14},{"not_picked":["Juggernaut","Barricade"],"picked":"Immolate","floor":16},{"not_picked":["Clothesline","Wild Strike","Flex"],"picked":"SKIP","floor":18},{"not_picked":["Evolve","Dual Wield"],"picked":"Warcry+1","floor":21},{"not_picked":["Sword Boomerang","Combust"],"picked":"Feel No Pain","floor":22},{"not_picked":["Evolve","Second Wind+1"],"picked":"Armaments","floor":24},{"not_picked":["Inflame","Perfected Strike"],"picked":"Havoc+1","floor":27}],"player_experience":1589330,"relics_obtained":[{"floor":6,"key":"Bronze Scales"},{"floor":9,"key":"Oddly Smooth Stone"},{"floor":11,"key":"Whetstone"},{"floor":14,"key":"Ancient Tea Set"},{"floor":24,"key":"Nunchaku"},{"floor":26,"key":"War Paint"}],"event_choices":[{"damage_healed":0,"gold_gain":75,"player_choice":"Gather Gold","damage_taken":11,"max_hp_gain":0,"max_hp_loss":0,"event_name":"World of Goop","floor":3,"gold_loss":0},{"damage_healed":0,"gold_gain":0,"player_choice":"Bought 1 Potion","damage_taken":0,"max_hp_gain":0,"max_hp_loss":0,"event_name":"The Woman in Blue","floor":4,"gold_loss":0},{"damage_healed":0,"gold_gain":0,"player_choice":"Obtained Relic","damage_taken":0,"relics_obtained":["Letter Opener"],"max_hp_gain":0,"max_hp_loss":0,"event_name":"Addict","floor":19,"gold_loss":85},{"damage_healed":0,"gold_gain":0,"player_choice":"Ignored","damage_taken":0,"max_hp_gain":0,"max_hp_loss":0,"event_name":"Vampires","floor":20,"gold_loss":0},{"damage_healed":0,"gold_gain":0,"player_choice":"Trade","damage_taken":0,"relics_obtained":["SsserpentHead"],"max_hp_gain":0,"max_hp_loss":0,"event_name":"FaceTrader","floor":25,"gold_loss":0}],"is_beta":false,"boss_relics":[{"not_picked":["Philosopher\u0027s Stone","Velvet Choker"],"picked":"Pandora\u0027s Box"}],"items_purged_floors":[5],"is_endless":false,"potions_floor_spawned":[1,6,10,16,18,22],"killed_by":"Gremlin Leader","ascension_level":15}