{"gold_per_floor":[116,132,57,67,67,67,67,86,135,58,58,83,94,19,19,97,97,111,34,48,64,64,89,101,129,141,185,215,255,277,74,74,152,152,167,167,182,182,197,197,297,297,374,374,385,385,411,68,68,68,68,68,68,11,46,46],"floor_reached":56,"playtime":2280,"items_purged":["Strike_G","Defend_G","Defend_G"],"score":2170,"play_id":"8cd5893c-3317-423a-9c82-91cee4a31c9d","local_time":"20190621155226","is_ascension_mode":true,"campfire_choices":[{"data":"Catalyst","floor":6.0,"key":"SMITH"},{"floor":11.0,"key":"REST"},{"data":"Well Laid Plans","floor":15.0,"key":"SMITH"},{"data":"Tactician","floor":24.0,"key":"SMITH"},{"data":"Acrobatics","floor":32.0,"key":"SMITH"},{"data":"Acrobatics","floor":40.0,"key":"SMITH"},{"floor":44.0,"key":"RECALL"},{"data":"Bandage Up","floor":49.0,"key":"SMITH"},{"data":"Escape Plan","floor":53.0,"key":"SMITH"}],"neow_cost":"NONE","seed_source_timestamp":1640124418866931,"circlet_count":0,"master_deck":["AscendersBane","Defend_G","Defend_G","Defend_G","Survivor","Neutralize+1","Grand Finale+1","Deadly Poison","Catalyst+1","Accuracy","Well Laid Plans+1","Acrobatics+1","Adrenaline","Tactician+1","Escape Plan+1","Bandage Up+1","Thinking Ahead","Acrobatics+1","Adrenaline","Doppelganger+1"],"special_seed":0,"relics":["Ring of the Snake","Pen Nib","Whetstone","Coffee Dripper","MawBank","Matryoshka","Bronze Scales","WingedGreaves","WristBlade","StoneCalendar","Toxic Egg 2","Meat on the Bone","TheAbacus","The Specimen"],"potions_floor_usage":[56],"damage_taken":[{"damage":11.0,"enemies":"Jaw Worm","floor":1.0,"turns":9.0},{"damage":3.0,"enemies":"2 Louse","floor":2.0,"turns":5.0},{"damage":6.0,"enemies":"Cultist","floor":4.0,"turns":4.0},{"damage":15.0,"enemies":"Exordium Thugs","floor":8.0,"turns":8.0},{"damage":12.0,"enemies":"Lagavulin","floor":12.0,"turns":7.0},{"damage":3.0,"enemies":"Blue Slaver","floor":13.0,"turns":4.0},{"damage":0.0,"enemies":"The Guardian","floor":16.0,"turns":4.0},{"damage":0.0,"enemies":"Chosen","floor":18.0,"turns":3.0},{"damage":9.0,"enemies":"2 Thieves","floor":20.0,"turns":3.0},{"damage":10.0,"enemies":"Cultist and Chosen","floor":21.0,"turns":5.0},{"damage":7.0,"enemies":"Slavers","floor":23.0,"turns":3.0},{"damage":1.0,"enemies":"Centurion and Healer","floor":25.0,"turns":6.0},{"damage":11.0,"enemies":"Gremlin Leader","floor":27.0,"turns":7.0},{"damage":9.0,"enemies":"Snake Plant","floor":28.0,"turns":4.0},{"damage":5.0,"enemies":"Book of Stabbing","floor":29.0,"turns":5.0},{"damage":0.0,"enemies":"Cultist and Chosen","floor":30.0,"turns":3.0},{"damage":0.0,"enemies":"Champ","floor":33.0,"turns":3.0},{"damage":0.0,"enemies":"3 Darklings","floor":35.0,"turns":1.0},{"damage":2.0,"enemies":"Orb Walker","floor":37.0,"turns":4.0},{"damage":34.0,"enemies":"Sphere and 2 Shapes","floor":39.0,"turns":9.0},{"damage":0.0,"enemies":"Mind Bloom Boss Battle","floor":41.0,"turns":3.0},{"damage":0.0,"enemies":"Writhing Mass","floor":45.0,"turns":2.0},{"damage":0.0,"enemies":"Reptomancer","floor":47.0,"turns":2.0},{"damage":9.0,"enemies":"Donu and Deca","floor":50.0,"turns":5.0},{"damage":8.0,"enemies":"Time Eater","floor":51.0,"turns":3.0},{"damage":5.0,"enemies":"Shield and Spear","floor":55.0,"turns":4.0},{"damage":78,"enemies":"The Heart","floor":56,"turns":3}],"seed_played":"7182483895437180996","potions_obtained":[{"floor":8.0,"key":"Fire Potion"},{"floor":12.0,"key":"SpeedPotion"},{"floor":13.0,"key":"Poison Potion"},{"floor":20.0,"key":"SkillPotion"},{"floor":25.0,"key":"Fire Potion"},{"floor":27.0,"key":"SkillPotion"},{"floor":29.0,"key":"Regen Potion"},{"floor":47.0,"key":"SteroidPotion"},{"floor":55.0,"key":"Energy Potion"}],"is_trial":false,"path_per_floor":["M","M","?","M","?","R","?","M","T","$","R","E","M","$","R","B",null,"M","$","M","M","?","E","R","M","T","E","M","E","M","$","R","B",null,"M","?","M","?","M","R","?","?","T","R","M","?","E","$","R","B","B",null,"R","$","E","B"],"character_chosen":"THE_SILENT","items_purchased":["Well Laid Plans","Tactician","Acrobatics","SkillPotion","TheAbacus","Block Potion"],"campfire_rested":1,"item_purchase_floors":[10,19,31,31,48,54],"current_hp_per_floor":[48,45,45,39,32,32,32,17,17,17,36,24,21,21,21,21,55,55,55,46,36,36,29,29,28,28,17,8,3,12,12,12,12,53,53,53,51,41,11,11,15,15,15,15,19,19,23,23,23,32,42,58,58,58,58,0],"gold":46,"neow_bonus":"TRANSFORM_CARD","is_prod":false,"is_daily":false,"chose_seed":false,"campfire_upgraded":7,"win_rate":0,"timestamp":1561103546,"path_taken":["M","M","?","M","?","R","?","M","T","$","R","E","M","$","R","BOSS","M","?","?","M","?","E","R","M","T","E","M","E","M","$","R","BOSS","M","?","M","?","M","R","?","?","T","R","?","?","E","$","R","BOSS","BOSS","R","$","E","BOSS"],"build_version":"2019-01-23","purchased_purges":3,"victory":false,"max_hp_per_floor":[66,66,66,66,66,66,66,66,66,66,66,66,66,66,66,66,66,66,66,66,66,66,66,66,66,66,66,66,66,66,66,66,66,66,66,66,66,66,66,66,66,66,66,66,66,63,63,63,63,63,63,63,63,63,63,63],"card_choices":[{"not_picked":["Underhanded Strike","Dodge and Roll"],"picked":"Deadly Poison","floor":1.0},{"not_picked":["Blade Dance","Prepared"],"picked":"Catalyst","floor":2.0},{"not_picked":["Skewer","Masterful Stab","Deadly Poison"],"picked":"SKIP","floor":4.0},{"not_picked":["Predator","Sucker Punch","PiercingWail"],"picked":"SKIP","floor":8.0},{"not_picked":["Sucker Punch","Choke","Eviscerate"],"picked":"SKIP","floor":12.0},{"not_picked":["Blur","Footwork"],"picked":"Acrobatics","floor":13.0},{"not_picked":["Burst","Glass Knife"],"picked":"Adrenaline","floor":16.0},{"not_picked":["Dodge and Roll","Acrobatics","Catalyst"],"picked":"SKIP","floor":18.0},{"not_picked":["Sucker Punch+1","Quick Slash","Eviscerate"],"picked":"SKIP","floor":20.0},{"not_picked":["All Out Attack","Caltrops","Dagger Throw"],"picked":"SKIP","floor":21.0},{"not_picked":["Caltrops","Bane","Deadly Poison+1"],"picked":"SKIP","floor":23.0},{"not_picked":["Deflect","Dash","Finisher"],"picked":"SKIP","floor":25.0},{"not_picked":["Bouncing Flask","Dodge and Roll+1","Masterful Stab"],"picked":"SKIP","floor":27.0},{"not_picked":["Underhanded Strike","Phantasmal Killer"],"picked":"Escape Plan","floor":28.0},{"not_picked":["Backstab","Sucker Punch","PiercingWail"],"picked":"SKIP","floor":29.0},{"not_picked":["Eviscerate","Prepared","Crippling Poison"],"picked":"SKIP","floor":30.0},{"not_picked":["Deadly Poison","Sucker Punch","Quick Slash+1"],"picked":"SKIP","floor":35.0},{"not_picked":["Slice+1","Skewer","Deflect"],"picked":"SKIP","floor":37.0},{"not_picked":["Good Instincts","Dark Shackles"],"picked":"Bandage Up","floor":38.0},{"not_picked":["Metamorphosis","Flash of Steel"],"picked":"Thinking Ahead","floor":38.0},{"not_picked":["Deflect","Well Laid Plans+1"],"picked":"Acrobatics","floor":39.0},{"not_picked":["Bane","Prepared+1","Deflect+1"],"picked":"SKIP","floor":45.0},{"not_picked":["Dagger Spray","Bane","Slice+1"],"picked":"SKIP","floor":47.0},{"not_picked":["Expertise+1","Underhanded Strike+1"],"picked":"Doppelganger+1","floor":55.0}],"player_experience":1952670,"relics_obtained":[{"floor":9.0,"key":"Pen Nib"},{"floor":12.0,"key":"Whetstone"},{"floor":23.0,"key":"MawBank"},{"floor":26.0,"key":"Matryoshka"},{"floor":27.0,"key":"Bronze Scales"},{"floor":29.0,"key":"WingedGreaves"},{"floor":41.0,"key":"StoneCalendar"},{"floor":43.0,"key":"Toxic Egg 2"},{"floor":47.0,"key":"Meat on the Bone"},{"floor":55.0,"key":"The Specimen"}],"event_choices":[{"cards_removed":["Strike_G"],"damage_healed":0.0,"max_hp_gain":0.0,"max_hp_loss":0.0,"gold_gain":0.0,"event_name":"The Cleric","player_choice":"Card Removal","floor":3.0,"gold_loss":75.0,"damage_taken":0.0},{"cards_removed":["Strike_G"],"damage_healed":0.0,"max_hp_gain":0.0,"max_hp_loss":0.0,"gold_gain":0.0,"event_name":"Golden Wing","player_choice":"Card Removal","floor":5.0,"gold_loss":0.0,"damage_taken":7.0},{"damage_healed":0.0,"max_hp_gain":0.0,"max_hp_loss":0.0,"gold_gain":0.0,"cards_transformed":["Strike_G"],"event_name":"Transmorgrifier","player_choice":"Transformed","floor":7.0,"gold_loss":0.0,"damage_taken":0.0,"cards_obtained":["Accuracy"]},{"damage_healed":0.0,"max_hp_gain":0.0,"max_hp_loss":0.0,"gold_gain":0.0,"event_name":"Vampires","player_choice":"Ignored","floor":22.0,"gold_loss":0.0,"damage_taken":0.0},{"cards_removed":["Acrobatics"],"damage_healed":0.0,"max_hp_gain":0.0,"max_hp_loss":0.0,"gold_gain":0.0,"event_name":"Falling","player_choice":"Removed Skill","floor":36.0,"gold_loss":0.0,"damage_taken":0.0},{"damage_healed":0.0,"max_hp_gain":0.0,"max_hp_loss":0.0,"gold_gain":0.0,"event_name":"SensoryStone","player_choice":"Memory 3","floor":38.0,"gold_loss":0.0,"damage_taken":10.0},{"damage_healed":0.0,"max_hp_gain":0.0,"max_hp_loss":0.0,"gold_gain":0.0,"event_name":"MindBloom","player_choice":"Fight","floor":41.0,"gold_loss":0.0,"damage_taken":0.0},{"damage_healed":0.0,"max_hp_gain":0.0,"max_hp_loss":0.0,"gold_gain":0.0,"event_name":"Duplicator","player_choice":"Copied","floor":42.0,"gold_loss":0.0,"damage_taken":0.0,"cards_obtained":["Adrenaline"]},{"damage_healed":0.0,"max_hp_gain":0.0,"max_hp_loss":3.0,"gold_gain":0.0,"event_name":"Winding Halls","player_choice":"Max HP","floor":46.0,"gold_loss":0.0,"damage_taken":0.0}],"is_beta":false,"boss_relics":[{"not_picked":["Ring of the Serpent","Busted Crown"],"picked":"Coffee Dripper"},{"not_picked":["Fusion Hammer","Calling Bell"],"picked":"WristBlade"}],"items_purged_floors":[14,31,48],"is_endless":false,"potions_floor_spawned":[8,12,13,20,21,25,27,29,47,55],"killed_by":"The Heart","ascension_level":20}