{"gold_per_floor":[113,38,48,48,61,89,89,100,100,117,17,46,57,74,74,173,173,173,48,48,48,48,48,48,48,48,48,48,48,48,48,48,48,48,48,48,48,48,48,48,48,48,48,48,48,48,48,48,48,48,48,48,48,48,48],"floor_reached":56,"playtime":6423,"items_purged":["Bash","Defend_R","Strike_R"],"score":1207,"play_id":"12915ac4-304f-4f21-887a-429735753e29","local_time":"20190803203558","is_ascension_mode":false,"campfire_choices":[{"floor":7.0,"key":"REST"},{"data":"Shrug It Off","floor":15.0,"key":"SMITH"},{"data":"Metallicize","floor":23.0,"key":"SMITH"},{"data":"Shrug It Off","floor":25.0,"key":"SMITH"},{"data":"Iron Wave","floor":32.0,"key":"SMITH"},{"floor":40.0,"key":"RECALL"},{"data":"Iron Wave","floor":42.0,"key":"SMITH"},{"data":"Body Slam","floor":49.0,"key":"SMITH"},{"data":"Body Slam","floor":52,"key":"SMITH"}],"neow_cost":"TEN_PERCENT_HP_LOSS","seed_source_timestamp":142719169073464,"circlet_count":0,"master_deck":["Strike_R","Strike_R","Defend_R","Defend_R","Shrug It Off+1","Metallicize+1","Iron Wave+1","Shrug It Off+1","Metallicize+1","Iron Wave+1","Spot Weakness","Barricade+1","Body Slam+1","Demon Form+1","Evolve+1","Body Slam+1","Corruption+1","Shame","Battle Trance+1","True Grit+1","Battle Trance+1","Armaments+1","PanicButton+1","Seeing Red+1"],"special_seed":0,"relics":["Burning Blood","Bronze Scales","Orichalcum","Frozen Egg 2","Ectoplasm","Smiling Mask","Toxic Egg 2","Kunai","Thread and Needle","Bird Faced Urn","Dodecahedron","Runic Pyramid","MawBank","Pocketwatch","NlothsMask","Letter Opener"],"potions_floor_usage":[],"damage_taken":[{"damage":0.0,"enemies":"Small Slimes","floor":1.0,"turns":3.0},{"damage":0.0,"enemies":"Cultist","floor":3.0,"turns":5.0},{"damage":0.0,"enemies":"Jaw Worm","floor":5.0,"turns":5.0},{"damage":55.0,"enemies":"Lagavulin","floor":6.0,"turns":17.0},{"damage":1.0,"enemies":"Red Slaver","floor":8.0,"turns":5.0},{"damage":0.0,"enemies":"3 Louse","floor":10.0,"turns":4.0},{"damage":30.0,"enemies":"Gremlin Nob","floor":12.0,"turns":5.0},{"damage":8.0,"enemies":"Exordium Wildlife","floor":13.0,"turns":8.0},{"damage":0.0,"enemies":"Looter","floor":14.0,"turns":3.0},{"damage":1.0,"enemies":"Hexaghost","floor":16.0,"turns":11.0},{"damage":6.0,"enemies":"Shell Parasite","floor":18.0,"turns":6.0},{"damage":0.0,"enemies":"Spheric Guardian","floor":21.0,"turns":5.0},{"damage":16.0,"enemies":"Shelled Parasite and Fungi","floor":22.0,"turns":6.0},{"damage":10.0,"enemies":"Book of Stabbing","floor":28.0,"turns":7.0},{"damage":0.0,"enemies":"Cultist and Chosen","floor":29.0,"turns":6.0},{"damage":2.0,"enemies":"Colosseum Slavers","floor":30.0,"turns":5.0},{"damage":20.0,"enemies":"Colosseum Nobs","floor":30.0,"turns":6.0},{"damage":0.0,"enemies":"Collector","floor":33.0,"turns":10.0},{"damage":2.0,"enemies":"Orb Walker","floor":35.0,"turns":5.0},{"damage":0.0,"enemies":"3 Darklings","floor":36.0,"turns":8.0},{"damage":4.0,"enemies":"Nemesis","floor":41.0,"turns":5.0},{"damage":0.0,"enemies":"Writhing Mass","floor":44.0,"turns":4.0},{"damage":39.0,"enemies":"2 Orb Walkers","floor":45.0,"turns":5.0},{"damage":0.0,"enemies":"Spire Growth","floor":46.0,"turns":5.0},{"damage":1.0,"enemies":"4 Shapes","floor":48.0,"turns":6.0},{"damage":24.0,"enemies":"Awakened One","floor":50.0,"turns":9.0},{"damage":37,"enemies":"Shield and Spear","floor":54,"turns":6},{"damage":47,"enemies":"The Heart","floor":55,"turns":8}],"seed_played":"-7167943556357320769","potions_obtained":[{"floor":5.0,"key":"FearPotion"},{"floor":6.0,"key":"Block Potion"},{"floor":10.0,"key":"Ancient Potion"},{"floor":13.0,"key":"Strength Potion"},{"floor":14.0,"key":"FearPotion"},{"floor":30.0,"key":"SkillPotion"},{"floor":41.0,"key":"EntropicBrew"},{"floor":45.0,"key":"FairyPotion"}],"is_trial":false,"path_per_floor":["M","$","M","?","M","E","R","M","T","M","$","E","M","M","R","B",null,"M","$","?","M","M","R","?","R","T","T","E","M","?","$","R","B",null,"M","M","?","$","?","R","E","R","T","M","?","M","?","M","R","B",null,"R","$","E","B",null],"character_chosen":"IRONCLAD","items_purchased":[],"campfire_rested":1,"item_purchase_floors":[],"current_hp_per_floor":[72,72,72,72,72,23,44,49,49,55,55,31,29,35,35,40,72,72,72,72,72,62,62,62,62,62,62,58,64,54,54,54,68,72,72,72,72,72,72,72,72,72,72,72,43,61,61,72,72,58,72,72,72,41,12],"gold":48,"neow_bonus":"TRANSFORM_TWO_CARDS","is_prod":false,"is_daily":false,"chose_seed":false,"campfire_upgraded":7,"win_rate":0,"timestamp":1564857358,"path_taken":["M","$","M","?","M","E","R","M","T","M","$","E","M","?","R","BOSS","M","$","?","M","?","R","?","R","T","?","E","?","?","$","R","BOSS","M","M","?","?","?","R","E","R","T","M","?","?","?","M","R","BOSS","R","$","E","BOSS"],"build_version":"2019-07-17","purchased_purges":3,"victory":true,"max_hp_per_floor":[72,72,72,72,72,72,72,72,72,72,72,72,72,72,72,72,72,72,72,72,72,72,72,72,72,72,72,72,72,72,72,72,72,72,72,72,72,72,72,72,72,72,72,72,72,72,72,72,72,72,72,72,72,72,72],"card_choices":[{"not_picked":["Perfected Strike","Hemokinesis"],"picked":"Iron Wave","floor":1.0},{"not_picked":["Armaments","Headbutt"],"picked":"Shrug It Off","floor":3.0},{"not_picked":["Heavy Blade","Clothesline","Rupture"],"picked":"SKIP","floor":5.0},{"not_picked":["Combust","Cleave"],"picked":"Metallicize","floor":6.0},{"not_picked":["Twin Strike","Warcry"],"picked":"Iron Wave","floor":8.0},{"not_picked":["True Grit","Perfected Strike"],"picked":"Spot Weakness","floor":10.0},{"not_picked":["Burning Pact","Dropkick"],"picked":"Barricade","floor":12.0},{"not_picked":["Wild Strike","Searing Blow","Pommel Strike"],"picked":"SKIP","floor":13.0},{"not_picked":["Flex","Headbutt"],"picked":"Body Slam","floor":14.0},{"not_picked":["Fiend Fire","Feed"],"picked":"Demon Form+1","floor":16.0},{"not_picked":["Burning Pact","Heavy Blade"],"picked":"Evolve+1","floor":18.0},{"not_picked":["Perfected Strike","Heavy Blade+1"],"picked":"Body Slam","floor":21.0},{"not_picked":["Heavy Blade","Hemokinesis"],"picked":"Corruption+1","floor":22.0},{"not_picked":["Sword Boomerang+1","Reaper"],"picked":"Battle Trance+1","floor":28.0},{"not_picked":["Perfected Strike","Corruption+1","Wild Strike"],"picked":"SKIP","floor":29.0},{"not_picked":["Clothesline","Rampage"],"picked":"True Grit+1","floor":30.0},{"not_picked":["Warcry+1","Perfected Strike+1"],"picked":"Battle Trance+1","floor":35.0},{"not_picked":["Wild Strike","Cleave"],"picked":"Armaments+1","floor":36.0},{"not_picked":["Apotheosis+1","Metamorphosis+1"],"picked":"PanicButton+1","floor":39.0},{"not_picked":["Perfected Strike+1","Rage+1"],"picked":"Seeing Red+1","floor":41.0},{"not_picked":["Hemokinesis+1","Clash+1","Shockwave+1"],"picked":"SKIP","floor":44.0},{"not_picked":["Clothesline","Sword Boomerang","Spot Weakness+1"],"picked":"SKIP","floor":46.0},{"not_picked":["Cleave+1","Blood for Blood+1","Combust+1"],"picked":"SKIP","floor":48.0},{"not_picked":["Fire Breathing+1","Pommel Strike","Headbutt+1"],"picked":"SKIP","floor":54}],"player_experience":70102,"relics_obtained":[{"floor":6.0,"key":"Bronze Scales"},{"floor":9.0,"key":"Orichalcum"},{"floor":12.0,"key":"Frozen Egg 2"},{"floor":26.0,"key":"Toxic Egg 2"},{"floor":27.0,"key":"Kunai"},{"floor":28.0,"key":"Thread and Needle"},{"floor":30.0,"key":"Bird Faced Urn"},{"floor":30.0,"key":"Dodecahedron"},{"floor":41.0,"key":"MawBank"},{"floor":45.0,"key":"Pocketwatch"},{"floor":54,"key":"Letter Opener"}],"event_choices":[{"damage_healed":0.0,"max_hp_gain":0.0,"max_hp_loss":0.0,"gold_gain":0.0,"event_name":"Upgrade Shrine","player_choice":"Upgraded","floor":4.0,"gold_loss":0.0,"damage_taken":0.0,"cards_upgraded":["Metallicize"]},{"cards_removed":["Strike_R"],"damage_healed":0.0,"max_hp_gain":0.0,"max_hp_loss":0.0,"gold_gain":0.0,"event_name":"Bonfire Elementals","player_choice":"Offered Basic","floor":20.0,"gold_loss":0.0,"damage_taken":0.0},{"damage_healed":0.0,"max_hp_gain":0.0,"max_hp_loss":0.0,"gold_gain":0.0,"event_name":"Addict","player_choice":"Stole Relic","floor":24.0,"gold_loss":0.0,"damage_taken":0.0,"relics_obtained":["Smiling Mask"],"cards_obtained":["Shame"]},{"damage_healed":0.0,"max_hp_gain":0.0,"max_hp_loss":0.0,"gold_gain":0.0,"event_name":"Colosseum","player_choice":"Fight","floor":30.0,"gold_loss":0.0,"damage_taken":0.0},{"damage_healed":0.0,"max_hp_gain":0.0,"max_hp_loss":0.0,"gold_gain":0.0,"event_name":"Colosseum","player_choice":"Fought Nobs","floor":30.0,"gold_loss":0.0,"damage_taken":0.0},{"damage_healed":0.0,"max_hp_gain":0.0,"max_hp_loss":0.0,"gold_gain":0.0,"event_name":"SecretPortal","player_choice":"Ignored","floor":37.0,"gold_loss":0.0,"damage_taken":0.0},{"damage_healed":0.0,"max_hp_gain":0.0,"max_hp_loss":0.0,"gold_gain":0.0,"event_name":"SensoryStone","player_choice":"Memory 1","floor":39.0,"gold_loss":0.0,"damage_taken":0.0},{"damage_healed":0.0,"max_hp_gain":0.0,"max_hp_loss":0.0,"gold_gain":0.0,"event_name":"Mysterious Sphere","player_choice":"Fight","floor":45.0,"gold_loss":0.0,"damage_taken":0.0},{"damage_healed":0.0,"max_hp_gain":0.0,"max_hp_loss":0.0,"gold_gain":0.0,"event_name":"FaceTrader","player_choice":"Trade","floor":47.0,"gold_loss":0.0,"damage_taken":0.0,"relics_obtained":["NlothsMask"]}],"is_beta":false,"boss_relics":[{"not_picked":["Lizard Tail","Cursed Key"],"picked":"Ectoplasm"},{"not_picked":["Black Blood","Mark of Pain"],"picked":"Runic Pyramid"}],"items_purged_floors":[2,11,19],"is_endless":false,"potions_floor_spawned":[5,6,10,13,14,16,18,22,30,41,45],"ascension_level":0}