{"gold_per_floor":[165,185,198,209,80,107,107,107,107,123,152,164,164,114,114,217,217,233,233,250,22,33,33,48,48],"floor_reached":25,"playtime":2196,"items_purged":["Strike_G"],"score":305,"play_id":"da55514e-c35a-4913-a288-e0f216f6ddff","local_time":"20180725142528","is_ascension_mode":true,"campfire_choices":[{"data":"Cloak And Dagger","floor":7,"key":"SMITH"},{"data":"Bullet Time","floor":13,"key":"SMITH"},{"data":"Bouncing Flask","floor":15,"key":"SMITH"},{"data":"Bullet Time","floor":23,"key":"SMITH"}],"neow_cost":"NONE","seed_source_timestamp":343138984904497,"circlet_count":0,"master_deck":["Survivor+1","Neutralize","Backflip","Quick Slash","Dagger Spray","Dagger Spray","Backflip","Cloak And Dagger+1","Backflip","Bouncing Flask+1","Backflip","Bullet Time+1","Bullet Time+1","PiercingWail","Dodge and Roll","Deflect","Underhanded Strike","Outmaneuver","Escape Plan","Dagger Throw","Backflip","Endless Agony+1","Infinite Blades","Dash","Deadly Poison+1"],"relics":["Tiny House","Bag of Preparation","Strawberry","Pantograph","Pandora\u0027s Box","Anchor"],"potions_floor_usage":[11,16,16,24,25],"damage_taken":[{"damage":0,"enemies":"Jaw Worm","floor":1,"turns":5},{"damage":1,"enemies":"Cultist","floor":2,"turns":4},{"damage":0,"enemies":"2 Louse","floor":3,"turns":2},{"damage":0,"enemies":"2 Fungi Beasts","floor":4,"turns":3},{"damage":42,"enemies":"Gremlin Nob","floor":6,"turns":6},{"damage":9,"enemies":"Large Slime","floor":10,"turns":5},{"damage":4,"enemies":"Lagavulin","floor":11,"turns":8},{"damage":1,"enemies":"Exordium Thugs","floor":12,"turns":4},{"damage":38,"enemies":"Hexaghost","floor":16,"turns":12},{"damage":14,"enemies":"Shell Parasite","floor":18,"turns":4},{"damage":0,"enemies":"3 Byrds","floor":20,"turns":3},{"damage":9,"enemies":"3 Cultists","floor":22,"turns":5},{"damage":23,"enemies":"Cultist and Chosen","floor":24,"turns":9},{"damage":9,"enemies":"Gremlin Leader","floor":25,"turns":2}],"seed_played":"8870870134403762775","potions_obtained":[{"floor":0,"key":"SkillPotion"},{"floor":3,"key":"EssenceOfSteel"},{"floor":6,"key":"SpeedPotion"},{"floor":10,"key":"FearPotion"},{"floor":12,"key":"Ancient Potion"},{"floor":16,"key":"GhostInAJar"},{"floor":20,"key":"Energy Potion"}],"is_trial":false,"path_per_floor":["M","M","M","M","$","E","R","?","T","M","E","M","R","?","R","B",null,"M","?","M","$","M","R","M"],"character_chosen":"THE_SILENT","items_purchased":["Cloak And Dagger","Anchor","Infinite Blades"],"campfire_rested":0,"item_purchase_floors":[5,21,21],"current_hp_per_floor":[68,67,67,67,67,25,25,25,32,23,19,18,18,18,18,5,63,49,33,33,33,24,24,1,0],"gold":48,"neow_bonus":"BOSS_RELIC","is_prod":false,"is_daily":false,"chose_seed":false,"campfire_upgraded":4,"win_rate":0,"timestamp":1532543128,"path_taken":["M","M","M","M","$","E","R","?","T","M","E","M","R","?","R","BOSS","M","?","M","$","M","R","M","E"],"build_version":"2018-07-19v2","purchased_purges":1,"victory":false,"max_hp_per_floor":[75,75,75,75,75,75,75,75,82,82,82,82,82,82,82,82,82,82,82,82,82,82,82,82,82],"card_choices":[{"not_picked":["Dodge and Roll","Choke"],"picked":"Backflip","floor":0},{"not_picked":["Prepared","Skewer"],"picked":"Quick Slash","floor":1},{"not_picked":["Quick Slash","Blade Dance"],"picked":"Dagger Spray","floor":2},{"not_picked":["Quick Slash","Underhanded Strike"],"picked":"Dagger Spray","floor":3},{"not_picked":["Reflex","Concentrate"],"picked":"Backflip","floor":4},{"not_picked":["Accuracy","Flying Knee"],"picked":"Backflip","floor":6},{"not_picked":["Prepared","Bane"],"picked":"Bouncing Flask","floor":10},{"not_picked":["Skewer","Quick Slash"],"picked":"Backflip","floor":11},{"not_picked":["Masterful Stab","Flying Knee"],"picked":"Bullet Time","floor":12},{"not_picked":["Doppelganger","Die Die Die"],"picked":"Bullet Time","floor":16},{"not_picked":["Setup","Caltrops"],"picked":"Backflip","floor":18},{"not_picked":["Slice","Underhanded Strike"],"picked":"Endless Agony+1","floor":20},{"not_picked":["Underhanded Strike","Quick Slash"],"picked":"Dash","floor":22},{"not_picked":["Flechettes","Finisher"],"picked":"Deadly Poison+1","floor":24}],"player_experience":311107,"relics_obtained":[{"floor":6,"key":"Bag of Preparation"},{"floor":9,"key":"Strawberry"},{"floor":11,"key":"Pantograph"}],"event_choices":[{"event_name":"Purifier","player_choice":"One Purge","floor":8,"damage_taken":0},{"event_name":"The Cleric","player_choice":"Card Removal","floor":14,"damage_taken":0},{"event_name":"Cursed Tome","player_choice":"Obtained Book","floor":19,"damage_taken":0}],"is_beta":false,"boss_relics":[{"not_picked":["Black Star","Philosopher\u0027s Stone"],"picked":"Pandora\u0027s Box"}],"items_purged_floors":[5],"is_endless":false,"potions_floor_spawned":[3,6,10,12,16,20],"killed_by":"Gremlin Leader","ascension_level":6}