{"gold_per_floor":[111,36,36,51,68,68,97,97,124,124,38,38,38,56,56,129,129,143,143,143,143,68,68],"floor_reached":23,"playtime":487,"items_purged":["Bash"],"score":370,"play_id":"2a53ff50-b0bd-4a6d-9c1e-3d03a9c83db7","local_time":"20190624150644","is_ascension_mode":true,"campfire_choices":[{"data":"Whirlwind","floor":6,"key":"SMITH"},{"data":"Body Slam","floor":8,"key":"SMITH"},{"data":"Seeing Red","floor":10,"key":"SMITH"},{"data":"Flex","floor":15,"key":"SMITH"}],"neow_cost":"TEN_PERCENT_HP_LOSS","seed_source_timestamp":1899836212800185,"circlet_count":0,"master_deck":["AscendersBane","Defend_R","Defend_R","Defend_R","Defend_R","Whirlwind+1","Body Slam+1","Seeing Red+1","Flex+1","Pommel Strike","True Grit","Shrug It Off","Limit Break","Ghostly","Ghostly","Ghostly","Feel No Pain"],"relics":["Burning Blood","Happy Flower","Cursed Key"],"potions_floor_usage":[16,16],"damage_taken":[{"damage":0,"enemies":"Small Slimes","floor":1,"turns":5},{"damage":4,"enemies":"2 Louse","floor":4,"turns":4},{"damage":8,"enemies":"Jaw Worm","floor":5,"turns":6},{"damage":60,"enemies":"Lagavulin","floor":7,"turns":7},{"damage":7,"enemies":"Exordium Wildlife","floor":14,"turns":2},{"damage":18,"enemies":"The Guardian","floor":16,"turns":10},{"damage":18,"enemies":"Shell Parasite","floor":18,"turns":6},{"damage":0,"enemies":"Slavers","floor":23,"turns":4}],"seed_played":"3915885352507059179","potions_obtained":[{"floor":7,"key":"FearPotion"},{"floor":14,"key":"Regen Potion"}],"is_trial":false,"path_per_floor":["M","?","?","M","M","R","E","R","T","R","$","?","?","M","R","B",null,"M","?","?","?","$","E"],"character_chosen":"IRONCLAD","items_purchased":["Flex","Pommel Strike"],"campfire_rested":0,"item_purchase_floors":[11,11],"current_hp_per_floor":[68,68,73,73,71,71,17,17,17,17,17,17,17,16,16,19,60,48,36,36,36,36,36],"gold":68,"neow_bonus":"REMOVE_TWO","is_prod":false,"is_daily":false,"chose_seed":false,"campfire_upgraded":4,"win_rate":0,"timestamp":1561360004,"path_taken":["M","?","?","M","M","R","E","R","T","R","$","?","?","?","R","BOSS","M","?","?","?","$","E"],"build_version":"2019-01-23","purchased_purges":1,"victory":false,"max_hp_per_floor":[68,68,73,73,73,73,73,73,73,73,73,73,73,73,73,73,73,73,36,36,36,36,36],"card_choices":[{"not_picked":["Perfected Strike","Clothesline","Anger"],"picked":"SKIP","floor":1},{"not_picked":["Feel No Pain","Intimidate"],"picked":"Whirlwind","floor":4},{"not_picked":["Clash","Seeing Red"],"picked":"Body Slam","floor":5},{"not_picked":["Brutality","Fire Breathing"],"picked":"Seeing Red","floor":7},{"not_picked":["Twin Strike","Hemokinesis"],"picked":"Shrug It Off","floor":14},{"not_picked":["Feed","Demon Form"],"picked":"Limit Break","floor":16},{"not_picked":["Shrug It Off","Flex","Disarm"],"picked":"SKIP","floor":18}],"player_experience":1985189,"relics_obtained":[{"floor":7,"key":"Happy Flower"}],"event_choices":[{"cards_removed":["Strike_R"],"damage_healed":0,"gold_gain":0,"player_choice":"Card Removal","damage_taken":0,"max_hp_gain":0,"max_hp_loss":0,"event_name":"The Cleric","floor":2,"gold_loss":75},{"damage_healed":0,"gold_gain":0,"player_choice":"Donut","damage_taken":0,"max_hp_gain":5,"max_hp_loss":0,"event_name":"Big Fish","floor":3,"gold_loss":0},{"damage_healed":0,"gold_gain":0,"cards_transformed":["Strike_R"],"player_choice":"Change","damage_taken":0,"max_hp_gain":0,"max_hp_loss":0,"event_name":"Living Wall","floor":12,"gold_loss":0,"cards_obtained":["True Grit"]},{"damage_healed":0,"gold_gain":0,"player_choice":"Ignored","damage_taken":0,"max_hp_gain":0,"max_hp_loss":0,"event_name":"Liars Game","floor":13,"gold_loss":0},{"damage_healed":0,"gold_gain":0,"player_choice":"Became a Ghost","damage_taken":0,"max_hp_gain":0,"max_hp_loss":37,"event_name":"Ghosts","floor":19,"gold_loss":0,"cards_obtained":["Ghostly","Ghostly","Ghostly"]},{"damage_healed":0,"gold_gain":0,"player_choice":"Read","damage_taken":0,"max_hp_gain":0,"max_hp_loss":0,"event_name":"The Library","floor":20,"gold_loss":0,"cards_obtained":["Feel No Pain"]},{"cards_removed":["Strike_R"],"damage_healed":0,"gold_gain":0,"player_choice":"Elegance","damage_taken":0,"max_hp_gain":0,"max_hp_loss":0,"event_name":"Back to Basics","floor":21,"gold_loss":0}],"is_beta":false,"boss_relics":[{"not_picked":["Runic Cube","Ectoplasm"],"picked":"Cursed Key"}],"items_purged_floors":[22],"is_endless":false,"potions_floor_spawned":[7,14],"killed_by":"Slavers","ascension_level":20}