{"gold_per_floor":[119,119,137,237,256,256,283,283,308,323,323,336,353,353,353,458,508,519,449,462,462,462,487,487,487,511,528,528,541,541,551,551,652,652,665,665,678,678,695,715,230,230,307,307],"floor_reached":44,"playtime":1872,"items_purged":["Shame"],"score":617,"play_id":"9a9e9444-8445-4605-86ee-149b4a65e9c6","local_time":"20190530004229","is_ascension_mode":true,"campfire_choices":[{"data":"Barricade","floor":6,"key":"SMITH"},{"floor":8,"key":"REST"},{"data":"Perfected Strike","floor":11,"key":"SMITH"},{"floor":15,"key":"REST"},{"floor":24,"key":"REST"},{"floor":28,"key":"REST"},{"floor":30,"key":"REST"},{"data":"Armaments","floor":32,"key":"SMITH"}],"neow_cost":"PERCENT_DAMAGE","seed_source_timestamp":310525263997987,"circlet_count":0,"master_deck":["Strike_R","Strike_R","Strike_R","Strike_R","Strike_R","Defend_R","Defend_R","Defend_R","Defend_R","Barricade+1","Cleave","Wild Strike","Perfected Strike+1","Wild Strike","Inflame","Rage","Armaments+1","Immolate","Impervious+1","Twin Strike","Corruption","Entrench","Body Slam","Metallicize","Demon Form","Pommel Strike","Perfected Strike","Madness","Madness","Entrench","Seeing Red+1","Metallicize"],"relics":["Burning Blood","Smiling Mask","Bronze Scales","Tiny House","MutagenicStrength","Thread and Needle","Shuriken","Strawberry","White Beast Statue","ClockworkSouvenir","Pen Nib","Pantograph"],"potions_floor_usage":[7,7,18,18,27,27,27,27,27,29,31,37,39,40,44],"damage_taken":[{"damage":3,"enemies":"Small Slimes","floor":1,"turns":3},{"damage":14,"enemies":"Jaw Worm","floor":3,"turns":3},{"damage":1,"enemies":"Cultist","floor":5,"turns":3},{"damage":25,"enemies":"Gremlin Nob","floor":7,"turns":4},{"damage":0,"enemies":"Large Slime","floor":10,"turns":4},{"damage":17,"enemies":"Exordium Thugs","floor":12,"turns":3},{"damage":4,"enemies":"Looter","floor":13,"turns":3},{"damage":13,"enemies":"Slime Boss","floor":16,"turns":8},{"damage":12,"enemies":"Chosen","floor":18,"turns":3},{"damage":7,"enemies":"3 Byrds","floor":20,"turns":2},{"damage":75,"enemies":"Slavers","floor":23,"turns":4},{"damage":25,"enemies":"Centurion and Healer","floor":27,"turns":5},{"damage":5,"enemies":"Chosen and Byrds","floor":29,"turns":4},{"damage":28,"enemies":"3 Cultists","floor":31,"turns":6},{"damage":9,"enemies":"Champ","floor":33,"turns":17},{"damage":8,"enemies":"3 Shapes","floor":35,"turns":7},{"damage":0,"enemies":"Orb Walker","floor":37,"turns":5},{"damage":32,"enemies":"Sphere and 2 Shapes","floor":39,"turns":9},{"damage":44,"enemies":"Maw","floor":40,"turns":11},{"damage":51,"enemies":"Spire Growth","floor":44,"turns":7}],"seed_played":"8064923405121596930","potions_obtained":[{"floor":1,"key":"Swift Potion"},{"floor":5,"key":"EssenceOfSteel"},{"floor":7,"key":"SpeedPotion"},{"floor":17,"key":"FearPotion"},{"floor":18,"key":"SpeedPotion"},{"floor":25,"key":"EntropicBrew"},{"floor":25,"key":"Fruit Juice"},{"floor":27,"key":"Explosive Potion"},{"floor":33,"key":"SkillPotion"},{"floor":35,"key":"Ancient Potion"},{"floor":37,"key":"Strength Potion"},{"floor":39,"key":"Regen Potion"},{"floor":40,"key":"Ancient Potion"}],"is_trial":false,"path_per_floor":["M","?","M","?","M","R","E","R","T","M","R","M","M","?","R","B",null,"M","$","M","?","?","E","R","?","T","M","R","M","R","M","R","B",null,"M","?","M","?","M","M","$","?","T","M"],"character_chosen":"IRONCLAD","items_purchased":["Corruption","ClockworkSouvenir","Metallicize","Pen Nib"],"campfire_rested":5,"item_purchase_floors":[19,41,41,41],"current_hp_per_floor":[54,54,46,46,51,51,32,56,56,62,62,51,53,53,77,70,83,77,77,76,76,76,7,32,32,39,25,54,55,84,62,62,59,88,86,86,92,80,54,31,31,31,31,0],"gold":307,"neow_bonus":"THREE_RARE_CARDS","is_prod":false,"is_daily":false,"chose_seed":false,"campfire_upgraded":3,"win_rate":0,"timestamp":1559191349,"path_taken":["M","?","M","?","M","R","E","R","T","?","R","M","M","?","R","BOSS","M","$","M","?","?","E","R","?","T","M","R","M","R","M","R","BOSS","M","?","M","?","M","M","$","?","T","?"],"build_version":"2019-01-23","purchased_purges":1,"victory":false,"max_hp_per_floor":[80,80,80,80,80,80,80,80,80,80,80,80,80,80,80,80,85,85,85,85,85,85,85,85,85,92,97,97,97,97,97,97,97,97,97,97,97,97,97,97,97,97,97,97],"card_choices":[{"not_picked":["Juggernaut","Bludgeon"],"picked":"Barricade","floor":0},{"not_picked":["Fire Breathing","Warcry"],"picked":"Cleave","floor":1},{"not_picked":["Spot Weakness","Infernal Blade"],"picked":"Wild Strike","floor":3},{"not_picked":["Seeing Red","Headbutt"],"picked":"Perfected Strike","floor":5},{"not_picked":["Searing Blow","Sword Boomerang"],"picked":"Wild Strike","floor":7},{"not_picked":["Flex","Sword Boomerang"],"picked":"Inflame","floor":10},{"not_picked":["Anger","Havoc"],"picked":"Rage","floor":12},{"not_picked":["Havoc","Intimidate"],"picked":"Armaments","floor":13},{"not_picked":["Bludgeon","Exhume"],"picked":"Impervious","floor":16},{"not_picked":["Sever Soul","Sword Boomerang"],"picked":"Twin Strike","floor":17},{"not_picked":["Evolve","Headbutt","Iron Wave"],"picked":"SKIP","floor":18},{"not_picked":["Heavy Blade+1","Disarm"],"picked":"Entrench","floor":20},{"not_picked":["Clothesline","Twin Strike"],"picked":"Body Slam","floor":23},{"not_picked":["Iron Wave+1","Wild Strike"],"picked":"Metallicize","floor":27},{"not_picked":["Shockwave","Intimidate","Dropkick"],"picked":"SKIP","floor":29},{"not_picked":["Armaments","Shockwave","Clash+1"],"picked":"SKIP","floor":31},{"not_picked":["Brutality","Fiend Fire"],"picked":"Demon Form","floor":33},{"not_picked":["Infernal Blade","Havoc"],"picked":"Pommel Strike","floor":35},{"not_picked":["Flame Barrier+1","Flex+1"],"picked":"Perfected Strike","floor":37},{"not_picked":["Anger+1","Clothesline"],"picked":"Entrench","floor":39},{"not_picked":["Iron Wave","Fiend Fire"],"picked":"Seeing Red+1","floor":40}],"player_experience":1039718,"relics_obtained":[{"floor":7,"key":"Smiling Mask"},{"floor":9,"key":"Bronze Scales"},{"floor":23,"key":"Shuriken"},{"floor":26,"key":"Strawberry"},{"floor":43,"key":"Pantograph"}],"event_choices":[{"damage_healed":0,"gold_gain":0,"player_choice":"Ignored","damage_taken":0,"max_hp_gain":0,"max_hp_loss":0,"event_name":"Shining Light","floor":2,"gold_loss":0},{"damage_healed":0,"gold_gain":100,"player_choice":"Pray","damage_taken":0,"max_hp_gain":0,"max_hp_loss":0,"event_name":"Golden Shrine","floor":4,"gold_loss":0},{"damage_healed":0,"gold_gain":0,"player_choice":"1 cards matched","damage_taken":0,"max_hp_gain":0,"max_hp_loss":0,"event_name":"Match and Keep!","floor":14,"gold_loss":0,"cards_obtained":["Immolate"]},{"damage_healed":0,"gold_gain":0,"player_choice":"Inject Mutagens","damage_taken":0,"relics_obtained":["MutagenicStrength"],"max_hp_gain":0,"max_hp_loss":0,"event_name":"Drug Dealer","floor":21,"gold_loss":0},{"damage_healed":0,"gold_gain":0,"player_choice":"Stole Relic","damage_taken":0,"relics_obtained":["Thread and Needle"],"max_hp_gain":0,"max_hp_loss":0,"event_name":"Addict","floor":22,"gold_loss":0,"cards_obtained":["Shame"]},{"damage_healed":0,"gold_gain":0,"player_choice":"Got Potions","damage_taken":0,"max_hp_gain":0,"max_hp_loss":0,"event_name":"Lab","floor":25,"gold_loss":0},{"damage_healed":0,"gold_gain":0,"player_choice":"Memory 1","damage_taken":0,"max_hp_gain":0,"max_hp_loss":0,"event_name":"SensoryStone","floor":36,"gold_loss":0},{"damage_healed":0,"gold_gain":0,"player_choice":"Embrace Madness","damage_taken":12,"max_hp_gain":0,"max_hp_loss":0,"event_name":"Winding Halls","floor":38,"gold_loss":0,"cards_obtained":["Madness","Madness"]},{"cards_removed":["Bash"],"damage_healed":0,"gold_gain":0,"player_choice":"Offered Basic","damage_taken":0,"max_hp_gain":0,"max_hp_loss":0,"event_name":"Bonfire Elementals","floor":42,"gold_loss":0}],"is_beta":false,"boss_relics":[{"not_picked":["Empty Cage","Calling Bell"],"picked":"Tiny House"},{"not_picked":["Fusion Hammer","Black Star"],"picked":"White Beast Statue"}],"items_purged_floors":[41],"is_endless":false,"potions_floor_spawned":[1,5,7,18,27,33,35,37,39,40],"killed_by":"Spire Growth","ascension_level":6}