{"gold_per_floor":[211,222,143,160,171,187,187,187,187,187,217,237,237,248,248,351,351,365,57,67,84,102,137,148,148,174,193,193,193,223,238,238,335,335,345,345,190,206,16,16,32,32,59,59,71,102,154,154,154,154,154,154,33,67,67],"floor_reached":55,"playtime":11320,"items_purged":["Accuracy"],"score":741,"play_id":"ef9bbb6a-695e-406b-a3a6-485e68b4f177","local_time":"20190223024954","is_ascension_mode":false,"campfire_choices":[{"data":"Footwork","floor":8,"key":"SMITH"},{"data":"Dagger Spray","floor":10,"key":"SMITH"},{"data":"Dodge and Roll","floor":13,"key":"SMITH"},{"data":"Dodge and Roll","floor":15,"key":"SMITH"},{"data":"Catalyst","floor":25,"key":"SMITH"},{"floor":32,"key":"REST"},{"data":"Footwork","floor":40,"key":"SMITH"},{"data":"Noxious Fumes","floor":44,"key":"SMITH"},{"floor":49,"key":"RECALL"},{"data":"Burst","floor":52,"key":"SMITH"}],"neow_cost":"NONE","seed_source_timestamp":111258461527421,"circlet_count":0,"master_deck":["Survivor","Dagger Spray+1","Deadly Poison+1","Footwork+1","Dodge and Roll+1","Leg Sweep","Dodge and Roll+1","Outmaneuver","Quick Slash","Heel Hook","Backstab","Corpse Explosion","Footwork+1","Deadly Poison","Masterful Stab","Noxious Fumes+1","Corpse Explosion","Catalyst+1","Burst+1","Blur+1","Deadly Poison","Glass Knife","Blur+1","Panacea","Catalyst+1","Deflect+1","Parasite","Bane+1","Adrenaline"],"relics":["Ring of the Snake","Singing Bowl","Lantern","Pandora\u0027s Box","Paper Crane","Regal Pillow","Anchor","Philosopher\u0027s Stone","Blood Vial","DollysMirror","Bottled Lightning","Nunchaku","Bottled Tornado"],"potions_floor_usage":[12,16,21,27,27,30,46],"damage_taken":[{"damage":4,"enemies":"Cultist","floor":1,"turns":5},{"damage":0,"enemies":"Small Slimes","floor":2,"turns":2},{"damage":0,"enemies":"2 Louse","floor":4,"turns":3},{"damage":0,"enemies":"Blue Slaver","floor":5,"turns":6},{"damage":1,"enemies":"Exordium Wildlife","floor":6,"turns":3},{"damage":14,"enemies":"3 Sentries","floor":11,"turns":10},{"damage":0,"enemies":"Gremlin Gang","floor":12,"turns":1},{"damage":0,"enemies":"2 Fungi Beasts","floor":14,"turns":4},{"damage":4,"enemies":"The Guardian","floor":16,"turns":14},{"damage":6,"enemies":"Shell Parasite","floor":18,"turns":5},{"damage":0,"enemies":"3 Byrds","floor":20,"turns":2},{"damage":4,"enemies":"Centurion and Healer","floor":21,"turns":3},{"damage":1,"enemies":"Snake Plant","floor":22,"turns":5},{"damage":21,"enemies":"Book of Stabbing","floor":23,"turns":6},{"damage":0,"enemies":"3 Cultists","floor":24,"turns":2},{"damage":0,"enemies":"Chosen and Byrds","floor":27,"turns":5},{"damage":13,"enemies":"Gremlin Leader","floor":30,"turns":5},{"damage":0,"enemies":"Cultist and Chosen","floor":31,"turns":4},{"damage":4,"enemies":"Automaton","floor":33,"turns":8},{"damage":0,"enemies":"3 Darklings","floor":35,"turns":3},{"damage":0,"enemies":"3 Shapes","floor":38,"turns":2},{"damage":0,"enemies":"Sphere and 2 Shapes","floor":41,"turns":3},{"damage":4,"enemies":"Writhing Mass","floor":45,"turns":4},{"damage":6,"enemies":"Giant Head","floor":46,"turns":8},{"damage":22,"enemies":"2 Orb Walkers","floor":47,"turns":3},{"damage":50,"enemies":"Awakened One","floor":50,"turns":17},{"damage":78,"enemies":"Shield and Spear","floor":54,"turns":4},{"damage":47,"enemies":"The Heart","floor":55,"turns":2}],"seed_played":"-3033665368409356478","potions_obtained":[{"floor":1,"key":"Explosive Potion"},{"floor":5,"key":"FearPotion"},{"floor":16,"key":"Fire Potion"},{"floor":20,"key":"Poison Potion"},{"floor":21,"key":"Explosive Potion"},{"floor":24,"key":"EssenceOfSteel"},{"floor":33,"key":"FearPotion"},{"floor":35,"key":"Weak Potion"},{"floor":41,"key":"Energy Potion"}],"is_trial":false,"path_per_floor":["M","M","$","M","M","M","?","R","T","R","E","M","R","M","R","B",null,"M","$","M","M","M","E","M","R","T","M","?","?","E","M","R","B",null,"M","?","$","M","$","R","M","?","T","R","M","E","?","?","R","B",null,"R","$","E","B"],"character_chosen":"THE_SILENT","items_purchased":["Footwork","Noxious Fumes","Corpse Explosion","Blood Vial","DollysMirror","Adrenaline","Explosive Potion"],"campfire_rested":1,"item_purchase_floors":[3,19,19,37,39,53,53],"current_hp_per_floor":[66,66,66,66,66,65,65,65,65,65,51,53,53,53,53,51,74,70,70,70,68,69,48,48,48,48,48,48,33,22,24,65,61,89,89,89,89,91,91,91,91,91,91,91,89,87,67,67,67,19,95,95,95,19,0],"gold":67,"neow_bonus":"HUNDRED_GOLD","is_prod":false,"is_daily":false,"chose_seed":false,"campfire_upgraded":8,"win_rate":0,"timestamp":1550908194,"path_taken":["M","M","$","M","M","M","?","R","T","R","E","?","R","M","R","BOSS","M","$","M","?","M","E","M","R","T","?","?","?","E","M","R","BOSS","M","?","$","M","$","R","M","?","T","R","?","E","?","?","R","BOSS","R","$","E","BOSS"],"build_version":"2019-01-23","purchased_purges":1,"victory":false,"max_hp_per_floor":[70,70,70,70,70,70,70,70,70,70,70,72,72,72,72,74,74,76,76,76,78,80,80,80,80,80,80,80,85,87,89,89,89,89,89,89,89,91,91,91,91,91,91,91,93,95,95,95,95,95,95,95,95,97,97],"card_choices":[{"not_picked":["Leg Sweep","Flying Knee"],"picked":"Dagger Spray","floor":1},{"not_picked":["Poisoned Stab","Riddle With Holes"],"picked":"Deadly Poison","floor":2},{"not_picked":["Endless Agony","Riddle With Holes","Crippling Poison"],"picked":"SKIP","floor":4},{"not_picked":["Dash","Blade Dance"],"picked":"Dodge and Roll","floor":5},{"not_picked":["Cloak And Dagger","Blade Dance","Backflip"],"picked":"SKIP","floor":6},{"not_picked":["Cloak And Dagger","Choke"],"picked":"Leg Sweep","floor":11},{"not_picked":["Die Die Die","Dagger Spray","Skewer"],"picked":"Singing Bowl","floor":12},{"not_picked":["Setup","Dagger Throw"],"picked":"Dodge and Roll","floor":14},{"not_picked":["Storm of Steel","Bullet Time","A Thousand Cuts"],"picked":"Singing Bowl","floor":16},{"not_picked":["Cloak And Dagger","Reflex","Prepared+1"],"picked":"Singing Bowl","floor":18},{"not_picked":["Terror","Prepared+1"],"picked":"Catalyst","floor":20},{"not_picked":["Bane","Underhanded Strike","Outmaneuver"],"picked":"Singing Bowl","floor":21},{"not_picked":["Storm of Steel","Skewer","Leg Sweep"],"picked":"Singing Bowl","floor":22},{"not_picked":["Corpse Explosion","Well Laid Plans+1"],"picked":"Burst","floor":23},{"not_picked":["Flying Knee","Predator"],"picked":"Blur+1","floor":24},{"not_picked":["Dagger Spray","Underhanded Strike"],"picked":"Deadly Poison","floor":27},{"not_picked":["Poisoned Stab","Slice","PiercingWail"],"picked":"Singing Bowl","floor":30},{"not_picked":["Flying Knee","Concentrate+1","Slice"],"picked":"Singing Bowl","floor":31},{"not_picked":["After Image","Bullet Time"],"picked":"Glass Knife","floor":33},{"not_picked":["Terror+1","All Out Attack"],"picked":"Blur+1","floor":35},{"not_picked":["Purity","Violence"],"picked":"Panacea","floor":36},{"not_picked":["Choke","Heel Hook","Slice"],"picked":"Singing Bowl","floor":38},{"not_picked":["Dagger Spray+1","Deadly Poison"],"picked":"Deflect+1","floor":41},{"not_picked":["Backflip+1","Prepared","Deflect"],"picked":"Singing Bowl","floor":45},{"not_picked":["Sucker Punch","Reflex+1","Choke"],"picked":"Singing Bowl","floor":46},{"not_picked":["Poisoned Stab+1","Dash+1"],"picked":"Bane+1","floor":47},{"not_picked":["Accuracy+1","Outmaneuver","Setup"],"picked":"Singing Bowl","floor":54}],"player_experience":589977,"relics_obtained":[{"floor":9,"key":"Singing Bowl"},{"floor":11,"key":"Lantern"},{"floor":23,"key":"Paper Crane"},{"floor":26,"key":"Regal Pillow"},{"floor":30,"key":"Anchor"},{"floor":46,"key":"Bottled Lightning"},{"floor":47,"key":"Nunchaku"},{"floor":54,"key":"Bottled Tornado"}],"event_choices":[{"damage_healed":0,"gold_gain":0,"player_choice":"Upgraded","damage_taken":0,"max_hp_gain":0,"max_hp_loss":0,"event_name":"Upgrade Shrine","floor":7,"gold_loss":0,"cards_upgraded":["Deadly Poison"]},{"damage_healed":0,"gold_gain":0,"player_choice":"Ignored","damage_taken":0,"max_hp_gain":0,"max_hp_loss":0,"event_name":"Ghosts","floor":28,"gold_loss":0},{"damage_healed":0,"gold_gain":0,"player_choice":"Shed Blood","damage_taken":20,"max_hp_gain":5,"max_hp_loss":0,"event_name":"Forgotten Altar","floor":29,"gold_loss":0},{"damage_healed":0,"gold_gain":0,"player_choice":"Memory 1","damage_taken":0,"max_hp_gain":0,"max_hp_loss":0,"event_name":"SensoryStone","floor":36,"gold_loss":0},{"cards_removed":["Riddle With Holes"],"damage_healed":0,"gold_gain":0,"player_choice":"Offered Uncommon","damage_taken":0,"max_hp_gain":0,"max_hp_loss":0,"event_name":"Bonfire Elementals","floor":42,"gold_loss":0},{"damage_healed":0,"gold_gain":0,"player_choice":"Fight","damage_taken":0,"max_hp_gain":0,"max_hp_loss":0,"event_name":"Mysterious Sphere","floor":47,"gold_loss":0},{"cards_removed":["Neutralize"],"damage_healed":0,"gold_gain":0,"player_choice":"Removed Attack","damage_taken":0,"max_hp_gain":0,"max_hp_loss":0,"event_name":"Falling","floor":48,"gold_loss":0}],"is_beta":false,"boss_relics":[{"not_picked":["HoveringKite","Fusion Hammer"],"picked":"Pandora\u0027s Box"},{"not_picked":["Eternal Feather","White Beast Statue"],"picked":"Philosopher\u0027s Stone"}],"items_purged_floors":[19],"is_endless":false,"potions_floor_spawned":[1,5,16,20,21,24,33,35,41],"killed_by":"The Heart","ascension_level":0}