{"gold_per_floor":[119,119,40,40,51,51,81,93,105,117,155,38,53,66,66,140,140,150,169,169,169,91,91,126,126,208,308,308,324,324,352,352,429,429,440,160,173,1,20,20,20,20],"floor_reached":42,"playtime":1110,"items_purged":["Pain","Defend_B","Ball Lightning"],"score":1030,"play_id":"d6b3b059-01a6-4a61-b51c-d4c073c715fb","local_time":"20190531220441","is_ascension_mode":true,"campfire_choices":[{"data":"Defragment","floor":6.0,"key":"SMITH"},{"data":"Zap","floor":8.0,"key":"SMITH"},{"data":"Dualcast","floor":10.0,"key":"SMITH"},{"data":"Chaos","floor":15.0,"key":"SMITH"},{"floor":23.0,"key":"REST"},{"floor":25.0,"key":"REST"},{"floor":32.0,"key":"REST"},{"data":"Heatsinks","floor":40.0,"key":"SMITH"}],"neow_cost":"NONE","seed_source_timestamp":98392669431319,"circlet_count":0,"master_deck":["AscendersBane","Zap+1","Dualcast+1","Conserve Battery","Multi-Cast","Defragment+1","Cold Snap","Electrodynamics","Chaos+1","Heatsinks+1","Sunder","Meteor Strike","Loop+1","Stack+1","Glacier+1","Coolheaded","Defragment","Reinforced Body","Blizzard+1","Conserve Battery","Stack+1","Clumsy","White Noise","Echo Form","Turbo","Force Field+1","Discovery"],"special_seed":0,"relics":["Sozu","WarpedTongs","MawBank","Juzu Bracelet","Girya","Astrolabe","Necronomicon","Shovel","Ornamental Fan","Pocketwatch","Darkstone Periapt","Dream Catcher","Empty Cage","Membership Card","ClockworkSouvenir"],"potions_floor_usage":[],"damage_taken":[{"damage":2.0,"enemies":"Jaw Worm","floor":1.0,"turns":4.0},{"damage":1.0,"enemies":"2 Louse","floor":5.0,"turns":2.0},{"damage":18.0,"enemies":"Lagavulin","floor":7.0,"turns":7.0},{"damage":28.0,"enemies":"Gremlin Nob","floor":11.0,"turns":4.0},{"damage":0.0,"enemies":"Cultist","floor":13.0,"turns":3.0},{"damage":0.0,"enemies":"Large Slime","floor":14.0,"turns":4.0},{"damage":0.0,"enemies":"The Guardian","floor":16.0,"turns":6.0},{"damage":9.0,"enemies":"Shell Parasite","floor":18.0,"turns":5.0},{"damage":0.0,"enemies":"Spheric Guardian","floor":19.0,"turns":4.0},{"damage":38.0,"enemies":"Slavers","floor":24.0,"turns":3.0},{"damage":5.0,"enemies":"Colosseum Slavers","floor":27.0,"turns":3.0},{"damage":9.0,"enemies":"Colosseum Nobs","floor":27.0,"turns":3.0},{"damage":15.0,"enemies":"Snake Plant","floor":29.0,"turns":5.0},{"damage":0.0,"enemies":"Book of Stabbing","floor":31.0,"turns":7.0},{"damage":7.0,"enemies":"Champ","floor":33.0,"turns":10.0},{"damage":0.0,"enemies":"3 Shapes","floor":35.0,"turns":3.0},{"damage":11.0,"enemies":"Orb Walker","floor":37.0,"turns":3.0},{"damage":17.0,"enemies":"3 Darklings","floor":39.0,"turns":4.0},{"damage":18,"enemies":"Reptomancer","floor":42,"turns":2}],"seed_played":"-2881593366507669697","potions_obtained":[],"is_trial":false,"path_per_floor":["M","?","$","?","M","R","E","R","T","R","E","$","M","M","R","B",null,"M","M","?","?","$","R","E","R","T","?","?","M","?","E","R","B",null,"M","$","M","$","M","R","?","E"],"character_chosen":"DEFECT","items_purchased":["Defragment","Ball Lightning","Defragment","Membership Card","ClockworkSouvenir"],"campfire_rested":3,"item_purchase_floors":[3,12,22,36,38],"current_hp_per_floor":[62,62,62,62,61,61,43,43,43,43,15,15,15,15,15,15,57,48,48,48,27,27,48,10,31,31,17,17,2,8,8,31,24,64,64,64,53,53,36,36,36,18],"gold":20,"neow_bonus":"BOSS_RELIC","is_prod":false,"is_daily":false,"chose_seed":false,"campfire_upgraded":5,"win_rate":0,"timestamp":1559311481,"path_taken":["M","?","$","?","?","R","E","R","T","R","E","$","M","M","R","BOSS","M","M","?","?","$","R","E","R","T","?","?","M","?","E","R","BOSS","M","$","M","$","M","R","?","E"],"build_version":"2019-01-23","purchased_purges":3,"victory":false,"max_hp_per_floor":[71,71,71,71,71,71,71,71,71,71,71,71,71,71,71,71,71,71,71,71,71,71,71,71,71,71,71,71,71,77,77,77,77,77,77,77,77,77,77,77,77,77],"card_choices":[{"not_picked":["Sweeping Beam","Leap"],"picked":"Conserve Battery","floor":1.0},{"not_picked":["Streamline","Sweeping Beam"],"picked":"Cold Snap","floor":5.0},{"not_picked":["Hyperbeam","Conserve Battery"],"picked":"Electrodynamics","floor":7.0},{"not_picked":["Beam Cell","Loop"],"picked":"Chaos","floor":11.0},{"not_picked":["Conserve Battery","Redo"],"picked":"Heatsinks","floor":13.0},{"not_picked":["Conserve Battery","Reinforced Body"],"picked":"Sunder","floor":14.0},{"not_picked":["Echo Form","Reboot"],"picked":"Meteor Strike","floor":16.0},{"not_picked":["Sweeping Beam+1","Conserve Battery","Redo"],"picked":"SKIP","floor":18.0},{"not_picked":["Conserve Battery","Compile Driver"],"picked":"Coolheaded","floor":19.0},{"not_picked":["Redo","Barrage"],"picked":"Reinforced Body","floor":24.0},{"not_picked":["Steam","Hologram"],"picked":"Blizzard+1","floor":27.0},{"not_picked":["Static Discharge","Blizzard+1"],"picked":"Stack+1","floor":29.0},{"not_picked":["Conserve Battery","Leap","Consume"],"picked":"SKIP","floor":31.0},{"not_picked":["Scrape","Hologram"],"picked":"White Noise","floor":32.0},{"not_picked":["Machine Learning","All For One"],"picked":"Echo Form","floor":33.0},{"not_picked":["Coolheaded","Hologram"],"picked":"Turbo","floor":35.0},{"not_picked":["Steam","Static Discharge"],"picked":"Force Field+1","floor":37.0},{"not_picked":["Rebound","Cold Snap","Barrage"],"picked":"SKIP","floor":39.0},{"not_picked":["Deep Breath","Good Instincts"],"picked":"Discovery","floor":41.0}],"player_experience":1808223,"relics_obtained":[{"floor":7.0,"key":"MawBank"},{"floor":9.0,"key":"Juzu Bracelet"},{"floor":11.0,"key":"Girya"},{"floor":21.0,"key":"Necronomicon"},{"floor":24.0,"key":"Shovel"},{"floor":26.0,"key":"Ornamental Fan"},{"floor":27.0,"key":"Pocketwatch"},{"floor":27.0,"key":"Darkstone Periapt"},{"floor":31.0,"key":"Dream Catcher"}],"event_choices":[{"damage_healed":0.0,"max_hp_gain":0.0,"max_hp_loss":0.0,"gold_gain":0.0,"cards_transformed":["Strike_B"],"event_name":"Living Wall","player_choice":"Change","floor":2.0,"gold_loss":0.0,"damage_taken":0.0,"cards_obtained":["Multi-Cast"]},{"damage_healed":0.0,"max_hp_gain":0.0,"max_hp_loss":0.0,"gold_gain":0.0,"event_name":"Accursed Blacksmith","player_choice":"Rummage","floor":4.0,"gold_loss":0.0,"damage_taken":0.0,"relics_obtained":["WarpedTongs"],"cards_obtained":["Pain"]},{"damage_healed":0.0,"max_hp_gain":0.0,"max_hp_loss":0.0,"gold_gain":0.0,"event_name":"The Mausoleum","player_choice":"Ignored","floor":20.0,"gold_loss":0.0,"damage_taken":0.0},{"damage_healed":0.0,"max_hp_gain":0.0,"max_hp_loss":0.0,"gold_gain":0.0,"event_name":"Cursed Tome","player_choice":"Obtained Book","floor":21.0,"gold_loss":0.0,"damage_taken":21.0},{"damage_healed":0.0,"max_hp_gain":0.0,"max_hp_loss":0.0,"gold_gain":0.0,"event_name":"Colosseum","player_choice":"Fight","floor":27.0,"gold_loss":0.0,"damage_taken":0.0},{"damage_healed":0.0,"max_hp_gain":0.0,"max_hp_loss":0.0,"gold_gain":0.0,"event_name":"Colosseum","player_choice":"Fought Nobs","floor":27.0,"gold_loss":0.0,"damage_taken":0.0},{"damage_healed":0.0,"max_hp_gain":0.0,"max_hp_loss":0.0,"gold_gain":0.0,"cards_transformed":["Defend_B","Defend_B"],"event_name":"Drug Dealer","player_choice":"Became Test Subject","floor":28.0,"gold_loss":0.0,"damage_taken":0.0,"cards_obtained":["Barrage","Conserve Battery"]},{"damage_healed":0.0,"max_hp_gain":0.0,"max_hp_loss":0.0,"gold_gain":0.0,"event_name":"Match and Keep!","player_choice":"1 cards matched","floor":30.0,"gold_loss":0.0,"damage_taken":0.0,"cards_obtained":["Clumsy"]},{"damage_healed":0.0,"max_hp_gain":0.0,"max_hp_loss":0.0,"gold_gain":0.0,"event_name":"SensoryStone","player_choice":"Memory 1","floor":41.0,"gold_loss":0.0,"damage_taken":0.0}],"is_beta":false,"boss_relics":[{"not_picked":["Nuclear Battery","Eternal Feather"],"picked":"Astrolabe"},{"not_picked":["Black Star","Calling Bell"],"picked":"Empty Cage"}],"items_purged_floors":[12,36,38],"is_endless":false,"potions_floor_spawned":[7,13,16,24,29,33,37,39],"killed_by":"Reptomancer","ascension_level":20}