{"gold_per_floor":[112,122,197,197,197,222,222,255,255,294,294,327,327,351,351,351],"floor_reached":16,"playtime":276,"items_purged":[],"score":236,"play_id":"be67b7e0-360d-45ed-beec-e4c2507d1e15","local_time":"20190601002615","is_ascension_mode":true,"campfire_choices":[{"data":"Consume","floor":7.0,"key":"SMITH"},{"floor":11.0,"key":"REST"},{"data":"Zap","floor":13.0,"key":"SMITH"},{"data":"Dualcast","floor":15.0,"key":"SMITH"}],"neow_cost":"NONE","seed_source_timestamp":108073639383678,"circlet_count":0,"master_deck":["AscendersBane","Strike_B","Strike_B","Strike_B","Strike_B","Defend_B","Defend_B","Defend_B","Defend_B","Zap+1","Dualcast+1","Genetic Algorithm","Ball Lightning","Consume+1","Core Surge","Coolheaded","Hologram"],"special_seed":0,"relics":["Cracked Core","NeowsBlessing","Gremlin Horn","Golden Idol","Strawberry","Shuriken","Art of War","Question Card"],"potions_floor_usage":[16],"damage_taken":[{"damage":0.0,"enemies":"Small Slimes","floor":1.0,"turns":1.0},{"damage":0.0,"enemies":"2 Louse","floor":2.0,"turns":1.0},{"damage":0.0,"enemies":"Cultist","floor":6.0,"turns":1.0},{"damage":22.0,"enemies":"Lagavulin","floor":8.0,"turns":6.0},{"damage":30.0,"enemies":"3 Sentries","floor":10.0,"turns":6.0},{"damage":18.0,"enemies":"Lagavulin","floor":12.0,"turns":7.0},{"damage":1.0,"enemies":"Looter","floor":14.0,"turns":3.0},{"damage":0,"enemies":"Slime Boss","floor":16,"turns":3}],"seed_played":"-3428065221238994962","potions_obtained":[{"floor":10.0,"key":"GamblersBrew"},{"floor":12.0,"key":"Ancient Potion"}],"is_trial":false,"path_per_floor":["M","M","?","?","?","M","R","E","T","E","R","E","R","M","R","B"],"character_chosen":"DEFECT","items_purchased":[],"campfire_rested":1,"item_purchase_floors":[],"current_hp_per_floor":[64,64,53,48,48,48,48,33,33,3,24,6,6,5,5,5],"gold":351,"neow_bonus":"THREE_ENEMY_KILL","is_prod":false,"is_daily":false,"chose_seed":false,"campfire_upgraded":3,"win_rate":0,"timestamp":1559319975,"path_taken":["M","M","?","?","?","M","R","E","T","E","R","E","R","M","R","BOSS"],"build_version":"2019-01-23","purchased_purges":0,"victory":false,"max_hp_per_floor":[71,71,71,71,64,64,64,71,71,71,71,71,71,71,71,71],"card_choices":[{"not_picked":["Stack","Go for the Eyes"],"picked":"Genetic Algorithm","floor":1.0},{"not_picked":["Leap","Chill"],"picked":"Ball Lightning","floor":2.0},{"not_picked":["Ball Lightning","Beam Cell"],"picked":"Consume","floor":6.0},{"not_picked":["BootSequence","Rip and Tear"],"picked":"Core Surge","floor":8.0},{"not_picked":["Cold Snap","Fusion"],"picked":"Coolheaded","floor":10.0},{"not_picked":["Leap","Aggregate"],"picked":"Hologram","floor":12.0},{"not_picked":["Rip and Tear","Stack","Go for the Eyes","Consume"],"picked":"SKIP","floor":14.0}],"player_experience":1814727,"relics_obtained":[{"floor":8.0,"key":"Strawberry"},{"floor":9.0,"key":"Shuriken"},{"floor":10.0,"key":"Art of War"},{"floor":12.0,"key":"Question Card"}],"event_choices":[{"damage_healed":0.0,"max_hp_gain":0.0,"max_hp_loss":0.0,"gold_gain":75.0,"event_name":"World of Goop","player_choice":"Gather Gold","floor":3.0,"gold_loss":0.0,"damage_taken":11.0},{"damage_healed":0.0,"max_hp_gain":0.0,"max_hp_loss":0.0,"gold_gain":0.0,"event_name":"Scrap Ooze","player_choice":"Success","floor":4.0,"gold_loss":0.0,"damage_taken":5.0,"relics_obtained":["Gremlin Horn"]},{"damage_healed":0.0,"max_hp_gain":0.0,"max_hp_loss":7.0,"gold_gain":0.0,"event_name":"Golden Idol","player_choice":"Lose Max HP","floor":5.0,"gold_loss":0.0,"damage_taken":0.0,"relics_obtained":["Golden Idol"]}],"is_beta":false,"boss_relics":[],"items_purged_floors":[],"is_endless":false,"potions_floor_spawned":[10,12],"killed_by":"Slime Boss","ascension_level":20}