{"gold_per_floor":[109,125,125,72,147,182,182,213,268,268,300,313,313,347,347,421,421,432,432,432,216,268,268],"floor_reached":23,"playtime":647,"items_purged":["Melter"],"score":626,"play_id":"4b0c3276-7515-4503-b202-c5ea91d1b1b5","local_time":"20190719155635","is_ascension_mode":true,"campfire_choices":[{"data":"Fission","floor":7.0,"key":"SMITH"},{"floor":10.0,"key":"REST"},{"data":"Defragment","floor":13.0,"key":"SMITH"},{"data":"Coolheaded","floor":15.0,"key":"SMITH"}],"neow_cost":"NONE","seed_source_timestamp":79500685609557,"circlet_count":0,"master_deck":["AscendersBane","Zap","Dualcast","Genetic Algorithm","Consume","Fission+1","Multi-Cast","Loop","Echo Form","Defragment+1","Rainbow","Steam","Coolheaded+1","Echo Form","Turbo","Hologram","Biased Cognition","Tempest","Self Repair","Coolheaded"],"special_seed":0,"relics":["Pandora\u0027s Box","Pen Nib","Mummified Hand","Regal Pillow","Darkstone Periapt","Calipers","Inserter","Anchor"],"potions_floor_usage":[],"damage_taken":[{"damage":25.0,"enemies":"2 Louse","floor":1.0,"turns":4.0},{"damage":16.0,"enemies":"Jaw Worm","floor":2.0,"turns":3.0},{"damage":0.0,"enemies":"Lagavulin","floor":6.0,"turns":6.0},{"damage":31.0,"enemies":"3 Sentries","floor":8.0,"turns":6.0},{"damage":0.0,"enemies":"Lagavulin","floor":11.0,"turns":6.0},{"damage":0.0,"enemies":"Small Slimes","floor":12.0,"turns":3.0},{"damage":7.0,"enemies":"Gremlin Nob","floor":14.0,"turns":4.0},{"damage":0.0,"enemies":"Slime Boss","floor":16.0,"turns":8.0},{"damage":9.0,"enemies":"Shell Parasite","floor":18.0,"turns":3.0},{"damage":0,"enemies":"Gremlin Leader","floor":23,"turns":2}],"seed_played":"-6699378470466400480","potions_obtained":[{"floor":1.0,"key":"Dexterity Potion"},{"floor":8.0,"key":"Dexterity Potion"}],"is_trial":false,"path_per_floor":["M","M","?","$","?","E","R","E","T","R","E","M","R","E","R","B",null,"M","?","?","$","T","E"],"character_chosen":"DEFECT","items_purchased":["Steam","Self Repair","Coolheaded"],"campfire_rested":1,"item_purchase_floors":[4,21,21],"current_hp_per_floor":[39,23,46,46,35,35,35,4,4,40,40,40,40,33,33,33,62,53,53,33,33,33,33],"gold":268,"neow_bonus":"BOSS_RELIC","is_prod":false,"is_daily":false,"chose_seed":false,"campfire_upgraded":3,"win_rate":0,"timestamp":1563522995,"path_taken":["M","M","?","$","?","E","R","E","T","R","E","M","R","E","R","BOSS","M","?","?","$","?","E"],"build_version":"2019-07-17","purchased_purges":1,"victory":false,"max_hp_per_floor":[71,71,71,71,71,71,71,71,71,71,71,71,71,71,71,71,71,71,71,76,76,76,76],"card_choices":[{"not_picked":["Reinforced Body","Go for the Eyes"],"picked":"Melter","floor":1.0},{"not_picked":["Barrage","Gash","Consume"],"picked":"SKIP","floor":2.0},{"not_picked":["Core Surge","Hello World"],"picked":"Coolheaded","floor":6.0},{"not_picked":["Rebound","Steam"],"picked":"Echo Form","floor":8.0},{"not_picked":["Creative AI","Conserve Battery"],"picked":"Turbo","floor":11.0},{"not_picked":["Gash","Sweeping Beam","Turbo"],"picked":"SKIP","floor":12.0},{"not_picked":["Compile Driver","Sweeping Beam"],"picked":"Hologram","floor":14.0},{"not_picked":["Buffer","Thunder Strike"],"picked":"Biased Cognition","floor":16.0},{"not_picked":["Auto Shields","Gash"],"picked":"Tempest","floor":18.0}],"player_experience":2037966,"relics_obtained":[{"floor":6.0,"key":"Pen Nib"},{"floor":8.0,"key":"Mummified Hand"},{"floor":9.0,"key":"Regal Pillow"},{"floor":11.0,"key":"Darkstone Periapt"},{"floor":14.0,"key":"Calipers"},{"floor":22,"key":"Anchor"}],"event_choices":[{"damage_healed":23.0,"max_hp_gain":0.0,"max_hp_loss":0.0,"gold_gain":0.0,"event_name":"Big Fish","player_choice":"Banana","floor":3.0,"gold_loss":0.0,"damage_taken":0.0},{"damage_healed":0.0,"max_hp_gain":0.0,"max_hp_loss":0.0,"gold_gain":75.0,"event_name":"World of Goop","player_choice":"Gather Gold","floor":5.0,"gold_loss":0.0,"damage_taken":11.0},{"damage_healed":0,"gold_gain":0,"player_choice":"Ignored","damage_taken":0,"max_hp_gain":0,"max_hp_loss":0,"event_name":"Cursed Tome","floor":19,"gold_loss":0},{"damage_healed":0,"gold_gain":0,"player_choice":"Shed Blood","damage_taken":25,"max_hp_gain":5,"max_hp_loss":0,"event_name":"Forgotten Altar","floor":20,"gold_loss":0}],"is_beta":false,"boss_relics":[{"not_picked":["Snecko Eye","Cursed Key"],"picked":"Inserter"}],"items_purged_floors":[21],"is_endless":false,"potions_floor_spawned":[1,8,11,14],"killed_by":"Gremlin Leader","ascension_level":20}