{"gold_per_floor":[112,112,129,4,179,179,57,77,77,96,113,113,113,127,127,224,224,235,263,279,279,298,298,332,269,281,293,18,18,37,37,37,142,142,159,34,47,47,47],"floor_reached":39,"playtime":2495,"items_purged":["Doubt","Defend_B","Zap"],"score":389,"play_id":"e2ae6523-5770-43e0-8b6d-1efe17e9b0e9","local_time":"20190323211938","is_ascension_mode":false,"campfire_choices":[{"data":"Blizzard","floor":6,"key":"SMITH"},{"data":"White Noise","floor":12,"key":"SMITH"},{"data":"Glacier","floor":15,"key":"SMITH"},{"floor":23,"key":"REST"},{"floor":29,"key":"REST"},{"floor":32,"key":"REST"}],"neow_cost":"NONE","seed_source_timestamp":35530499616416,"circlet_count":0,"master_deck":["Strike_B","Strike_B","Defend_B","Defend_B","Dualcast","White Noise+1","Blizzard+1","Coolheaded","Blizzard","Cold Snap","Coolheaded","Turbo","Sweeping Beam","Glacier+1","Machine Learning","Turbo","Stack","Redo","Defragment","Redo","Chill+1","Electrodynamics","BootSequence","Self Repair","Cold Snap","Madness","Madness"],"relics":["FrozenCore","Centennial Puzzle","Omamori","Philosopher\u0027s Stone","Red Mask","MawBank","Smiling Mask","Orichalcum","Ancient Tea Set"],"potions_floor_usage":[11,16,22,24,24],"damage_taken":[{"damage":0,"enemies":"Small Slimes","floor":1,"turns":3},{"damage":11,"enemies":"2 Louse","floor":3,"turns":2},{"damage":0,"enemies":"Cultist","floor":8,"turns":3},{"damage":4,"enemies":"2 Fungi Beasts","floor":10,"turns":4},{"damage":0,"enemies":"Lots of Slimes","floor":11,"turns":1},{"damage":0,"enemies":"Large Slime","floor":14,"turns":6},{"damage":23,"enemies":"The Guardian","floor":16,"turns":13},{"damage":4,"enemies":"Shell Parasite","floor":18,"turns":6},{"damage":28,"enemies":"Masked Bandits","floor":19,"turns":5},{"damage":19,"enemies":"Chosen","floor":20,"turns":5},{"damage":10,"enemies":"3 Cultists","floor":22,"turns":5},{"damage":18,"enemies":"Gremlin Leader","floor":24,"turns":6},{"damage":3,"enemies":"Snake Plant","floor":30,"turns":6},{"damage":51,"enemies":"Automaton","floor":33,"turns":11},{"damage":7,"enemies":"3 Darklings","floor":35,"turns":6},{"damage":6,"enemies":"Orb Walker","floor":37,"turns":5},{"damage":60,"enemies":"2 Orb Walkers","floor":39,"turns":5}],"seed_played":"-3820384456935084772","potions_obtained":[{"floor":8,"key":"Explosive Potion"},{"floor":10,"key":"EssenceOfSteel"},{"floor":11,"key":"Fire Potion"},{"floor":16,"key":"Energy Potion"},{"floor":19,"key":"Fire Potion"},{"floor":20,"key":"PowerPotion"},{"floor":35,"key":"Ancient Potion"},{"floor":37,"key":"SpeedPotion"}],"is_trial":false,"path_per_floor":["M","?","M","$","?","R","$","M","T","M","M","R","?","M","R","B",null,"M","?","M","?","M","R","E","?","T","?","$","R","M","?","R","B",null,"M","$","M","?","?"],"character_chosen":"DEFECT","items_purchased":["Coolheaded","Blizzard","Cold Snap","Defragment","Redo","Orichalcum","Self Repair"],"campfire_rested":3,"item_purchase_floors":[4,4,7,28,28,28,36],"current_hp_per_floor":[75,68,57,57,57,57,57,57,57,53,53,53,53,53,53,30,75,71,43,24,24,14,36,18,18,18,18,18,40,37,37,59,8,75,68,68,69,60,0],"gold":47,"neow_bonus":"RANDOM_COMMON_RELIC","is_prod":false,"is_daily":false,"chose_seed":false,"campfire_upgraded":3,"win_rate":0,"timestamp":1553390378,"path_taken":["M","?","M","$","?","R","$","M","T","M","M","R","?","M","R","BOSS","M","?","M","?","?","R","E","?","T","?","$","R","M","?","R","BOSS","M","$","M","?","?"],"build_version":"2019-01-23","purchased_purges":3,"victory":false,"max_hp_per_floor":[75,75,75,75,75,75,75,75,75,75,75,75,75,75,75,75,75,75,75,75,75,75,75,75,75,75,75,75,75,75,75,75,75,75,75,75,75,75,75],"card_choices":[{"not_picked":["Rebound","Hologram"],"picked":"White Noise","floor":1},{"not_picked":["Rip and Tear","Compile Driver"],"picked":"Blizzard","floor":3},{"not_picked":["Compile Driver","Steam"],"picked":"Coolheaded","floor":8},{"not_picked":["Thunder Strike","Consume"],"picked":"Turbo","floor":10},{"not_picked":["Barrage","Doom and Gloom"],"picked":"Sweeping Beam","floor":11},{"not_picked":["Blizzard","Leap"],"picked":"Glacier","floor":14},{"not_picked":["Multi-Cast","Hyperbeam"],"picked":"Machine Learning","floor":16},{"not_picked":["Ball Lightning","Stack+1"],"picked":"Turbo","floor":18},{"not_picked":["Ball Lightning","Genetic Algorithm"],"picked":"Stack","floor":20},{"not_picked":["Electrodynamics","Reprogram","Static Discharge"],"picked":"SKIP","floor":22},{"not_picked":["Beam Cell","Turbo"],"picked":"Redo","floor":24},{"not_picked":["Fusion","Doom and Gloom"],"picked":"Chill+1","floor":30},{"not_picked":["Machine Learning","Meteor Strike"],"picked":"Electrodynamics","floor":33},{"not_picked":["Chaos","Tempest"],"picked":"BootSequence","floor":35},{"not_picked":["Redo","Rebound+1"],"picked":"Cold Snap","floor":37}],"player_experience":752124,"relics_obtained":[{"floor":19,"key":"Red Mask"},{"floor":24,"key":"MawBank"},{"floor":26,"key":"Smiling Mask"}],"event_choices":[{"cards_removed":["Strike_B"],"damage_healed":0,"gold_gain":0,"player_choice":"Card Removal","damage_taken":7,"max_hp_gain":0,"max_hp_loss":0,"event_name":"Golden Wing","floor":2,"gold_loss":0},{"damage_healed":0,"gold_gain":175,"player_choice":"AGREE","damage_taken":0,"max_hp_gain":0,"max_hp_loss":0,"event_name":"Liars Game","floor":5,"gold_loss":0,"cards_obtained":["Doubt"]},{"damage_healed":0,"gold_gain":0,"player_choice":"Gave Potion","damage_taken":0,"relics_obtained":["Omamori"],"max_hp_gain":0,"max_hp_loss":0,"event_name":"WeMeetAgain","floor":13,"gold_loss":0},{"damage_healed":0,"gold_gain":0,"player_choice":"Fought Bandits","damage_taken":0,"max_hp_gain":0,"max_hp_loss":0,"event_name":"Masked Bandits","floor":19,"gold_loss":0},{"cards_removed":["Defend_B"],"damage_healed":0,"gold_gain":0,"player_choice":"Card Removal","damage_taken":0,"max_hp_gain":0,"max_hp_loss":0,"event_name":"Wheel of Change","floor":21,"gold_loss":0},{"cards_removed":["Strike_B"],"damage_healed":0,"gold_gain":0,"player_choice":"Gave Gold","damage_taken":0,"max_hp_gain":0,"max_hp_loss":0,"event_name":"Beggar","floor":25,"gold_loss":75},{"damage_healed":0,"gold_gain":0,"player_choice":"Ignored","damage_taken":0,"max_hp_gain":0,"max_hp_loss":0,"event_name":"Ghosts","floor":27,"gold_loss":0},{"damage_healed":0,"gold_gain":0,"player_choice":"Opened","damage_taken":0,"relics_obtained":["Ancient Tea Set"],"max_hp_gain":0,"max_hp_loss":0,"event_name":"The Mausoleum","floor":31,"gold_loss":0},{"damage_healed":0,"gold_gain":0,"player_choice":"Embrace Madness","damage_taken":9,"max_hp_gain":0,"max_hp_loss":0,"event_name":"Winding Halls","floor":38,"gold_loss":0,"cards_obtained":["Madness","Madness"]},{"damage_healed":0,"gold_gain":0,"player_choice":"Fight","damage_taken":0,"max_hp_gain":0,"max_hp_loss":0,"event_name":"Mysterious Sphere","floor":39,"gold_loss":0}],"is_beta":false,"boss_relics":[{"not_picked":["Lizard Tail","White Beast Statue"],"picked":"Philosopher\u0027s Stone"},{"not_picked":["Empty Cage","Fusion Hammer"],"picked":"FrozenCore"}],"items_purged_floors":[7,28,36],"is_endless":false,"potions_floor_spawned":[8,10,11,16,19,20,35,37],"killed_by":"2 Orb Walkers","ascension_level":0}