{"gold_per_floor":[109,284,302,312,330,330,345,345,345,345,389,389,412,437,437,565,565,589,688,688,701,701],"floor_reached":22,"playtime":2101,"items_purged":[],"score":207,"play_id":"6c50857f-a7ff-4bda-9afb-1e27d9bc2ae2","local_time":"20181124235733","is_ascension_mode":true,"campfire_choices":[{"floor":6,"key":"RECALL"},{"floor":12,"key":"REST"},{"floor":15,"key":"REST"}],"neow_cost":"NONE","seed_source_timestamp":127818158635717,"circlet_count":0,"master_deck":["Strike_R","Strike_R","Strike_R","Strike_R","Strike_R","Defend_R","Defend_R","Defend_R","Defend_R","Bash","Brutality","Rupture","Doubt","Flex","Thunderclap","Shockwave","Shrug It Off","Parasite","Flex","Anger","Impervious","Iron Wave+1","Pommel Strike"],"relics":["Burning Blood","Golden Idol","Potion Belt","Busted Crown"],"potions_floor_usage":[5,14,21,21],"damage_taken":[{"damage":11,"enemies":"2 Louse","floor":1,"turns":3},{"damage":11,"enemies":"Small Slimes","floor":3,"turns":5},{"damage":12,"enemies":"Cultist","floor":4,"turns":4},{"damage":8,"enemies":"3 Louse","floor":5,"turns":2},{"damage":8,"enemies":"Exordium Wildlife","floor":7,"turns":3},{"damage":46,"enemies":"3 Sentries","floor":11,"turns":9},{"damage":20,"enemies":"Looter","floor":13,"turns":4},{"damage":2,"enemies":"3 Louse","floor":14,"turns":4},{"damage":62,"enemies":"Hexaghost","floor":16,"turns":11},{"damage":33,"enemies":"3 Byrds","floor":18,"turns":7},{"damage":39,"enemies":"Spheric Guardian","floor":21,"turns":7},{"damage":31,"enemies":"3 Cultists","floor":22,"turns":5}],"seed_played":"-5291148133051989169","potions_obtained":[{"floor":1,"key":"Explosive Potion"},{"floor":3,"key":"Ancient Potion"},{"floor":7,"key":"Ancient Potion"},{"floor":13,"key":"Explosive Potion"},{"floor":16,"key":"PowerPotion"},{"floor":18,"key":"Poison Potion"}],"is_trial":false,"path_per_floor":["M","?","M","M","M","R","M","?","T","?","E","R","M","M","R","B",null,"M","?","?","M","M"],"character_chosen":"IRONCLAD","items_purchased":[],"campfire_rested":2,"item_purchase_floors":[],"current_hp_per_floor":[75,75,70,64,62,62,60,80,80,74,34,56,42,46,68,12,74,47,47,84,51,20],"gold":701,"neow_bonus":"ONE_RANDOM_RARE_CARD","is_prod":false,"is_daily":false,"chose_seed":false,"campfire_upgraded":0,"win_rate":0,"timestamp":1543121853,"path_taken":["M","?","M","M","M","R","M","?","T","?","E","R","M","M","R","BOSS","M","?","?","?","M"],"build_version":"2018-11-15","purchased_purges":0,"victory":false,"max_hp_per_floor":[80,80,80,80,80,80,80,80,80,74,74,74,74,74,74,74,74,74,74,84,84,84],"card_choices":[{"not_picked":["Rampage","Heavy Blade"],"picked":"Rupture","floor":1},{"not_picked":["Anger","Dual Wield"],"picked":"Flex","floor":3},{"not_picked":["Clash","Reckless Charge"],"picked":"Thunderclap","floor":4},{"not_picked":["Hemokinesis","Feel No Pain"],"picked":"Shockwave","floor":5},{"not_picked":["Heavy Blade","Sword Boomerang"],"picked":"Shrug It Off","floor":7},{"not_picked":["Searing Blow","Pummel"],"picked":"Barricade","floor":11},{"not_picked":["Blood for Blood","Clash"],"picked":"Flex","floor":13},{"not_picked":["Iron Wave","Clothesline"],"picked":"Anger","floor":14},{"not_picked":["Reaper","Double Tap"],"picked":"Impervious","floor":16},{"not_picked":[],"picked":"Iron Wave+1","floor":18},{"not_picked":[],"picked":"Pommel Strike","floor":21}],"player_experience":368109,"relics_obtained":[{"floor":11,"key":"Potion Belt"}],"event_choices":[{"damage_healed":0,"gold_gain":175,"player_choice":"AGREE","damage_taken":0,"max_hp_gain":0,"max_hp_loss":0,"event_name":"Liars Game","floor":2,"gold_loss":0,"cards_obtained":["Doubt"]},{"damage_healed":20,"gold_gain":0,"player_choice":"Healed and dodged fight","damage_taken":0,"max_hp_gain":0,"max_hp_loss":0,"event_name":"Mushrooms","floor":8,"gold_loss":0,"cards_obtained":["Parasite"]},{"damage_healed":0,"gold_gain":0,"player_choice":"Lose Max HP","damage_taken":0,"relics_obtained":["Golden Idol"],"max_hp_gain":0,"max_hp_loss":6,"event_name":"Golden Idol","floor":10,"gold_loss":0},{"damage_healed":0,"gold_gain":99,"player_choice":"Stole From Cult","damage_taken":0,"max_hp_gain":0,"max_hp_loss":0,"event_name":"Nest","floor":19,"gold_loss":0},{"cards_removed":["Barricade"],"damage_healed":27,"gold_gain":0,"player_choice":"Offered Rare","damage_taken":0,"max_hp_gain":10,"max_hp_loss":0,"event_name":"Bonfire Elementals","floor":20,"gold_loss":0}],"is_beta":false,"boss_relics":[{"not_picked":["Black Blood","Philosopher\u0027s Stone"],"picked":"Busted Crown"}],"items_purged_floors":[],"is_endless":false,"potions_floor_spawned":[1,3,7,13,16,18],"killed_by":"3 Cultists","ascension_level":2}