{"gold_per_floor":[111,111,136,136,152,179,193,193,219,233,295,130,152,11,11,11],"floor_reached":16,"playtime":380,"items_purged":["Strike_R","Strike_R"],"score":266,"play_id":"27d8aa41-5839-44ff-a315-72b39db25682","local_time":"20190625002047","is_ascension_mode":true,"campfire_choices":[{"data":"True Grit","floor":8,"key":"SMITH"},{"data":"Armaments","floor":15,"key":"SMITH"}],"neow_cost":"NONE","seed_source_timestamp":1933188889023854,"circlet_count":0,"master_deck":["AscendersBane","Strike_R","Strike_R","Defend_R","Defend_R","Defend_R","Defend_R","Bash","True Grit+1","Battle Trance","Armaments+1","Feel No Pain","Feed","Burning Pact"],"relics":["Burning Blood","NeowsBlessing","Centennial Puzzle","Lantern","Tiny Chest","Odd Mushroom"],"potions_floor_usage":[11,11],"damage_taken":[{"damage":0,"enemies":"Jaw Worm","floor":1,"turns":1},{"damage":0,"enemies":"Small Slimes","floor":5,"turns":1},{"damage":0,"enemies":"Lagavulin","floor":6,"turns":1},{"damage":2,"enemies":"2 Louse","floor":7,"turns":3},{"damage":8,"enemies":"Looter","floor":10,"turns":3},{"damage":35,"enemies":"3 Sentries","floor":11,"turns":12},{"damage":32,"enemies":"The Mushroom Lair","floor":13,"turns":8},{"damage":23,"enemies":"The Guardian","floor":16,"turns":2}],"seed_played":"5779087764552140624","potions_obtained":[{"floor":5,"key":"FearPotion"},{"floor":7,"key":"Fire Potion"}],"is_trial":false,"path_per_floor":["M","?","T","?","M","E","M","R","T","M","E","$","?","$","R","B"],"character_chosen":"IRONCLAD","items_purchased":["Feel No Pain","Burning Pact"],"campfire_rested":0,"item_purchase_floors":[12,14],"current_hp_per_floor":[74,79,79,72,78,80,80,80,80,78,49,49,23,23,23,0],"gold":11,"neow_bonus":"THREE_ENEMY_KILL","is_prod":false,"is_daily":false,"chose_seed":false,"campfire_upgraded":2,"win_rate":0,"timestamp":1561393247,"path_taken":["M","?","?","?","M","E","M","R","T","M","E","?","?","$","R","BOSS"],"build_version":"2019-01-23","purchased_purges":2,"victory":false,"max_hp_per_floor":[75,80,80,80,80,80,80,80,80,80,80,80,80,80,80,80],"card_choices":[{"not_picked":["Havoc","Anger"],"picked":"True Grit","floor":1},{"not_picked":["Shrug It Off","Headbutt"],"picked":"Battle Trance","floor":5},{"not_picked":["Blood for Blood","Flex","Twin Strike"],"picked":"SKIP","floor":6},{"not_picked":["Clothesline","Pummel","Twin Strike"],"picked":"SKIP","floor":7},{"not_picked":["Whirlwind","Perfected Strike"],"picked":"Armaments","floor":10},{"not_picked":["Shrug It Off","Infernal Blade","True Grit"],"picked":"SKIP","floor":11},{"not_picked":["Twin Strike","Flex"],"picked":"Feed","floor":13}],"player_experience":1988759,"relics_obtained":[{"floor":3,"key":"Centennial Puzzle"},{"floor":6,"key":"Lantern"},{"floor":11,"key":"Tiny Chest"},{"floor":13,"key":"Odd Mushroom"}],"event_choices":[{"damage_healed":0,"gold_gain":0,"player_choice":"Donut","damage_taken":0,"max_hp_gain":5,"max_hp_loss":0,"event_name":"Big Fish","floor":2,"gold_loss":0},{"cards_removed":["Strike_R"],"damage_healed":0,"gold_gain":0,"player_choice":"Card Removal","damage_taken":7,"max_hp_gain":0,"max_hp_loss":0,"event_name":"Golden Wing","floor":4,"gold_loss":0},{"damage_healed":0,"gold_gain":0,"player_choice":"Fought Mushrooms","damage_taken":0,"max_hp_gain":0,"max_hp_loss":0,"event_name":"Mushrooms","floor":13,"gold_loss":0}],"is_beta":false,"boss_relics":[],"items_purged_floors":[12,14],"is_endless":false,"potions_floor_spawned":[5,7],"killed_by":"The Guardian","ascension_level":20}