{"gold_per_floor":[218,218,231,2,18,18,30,55,55,13,13,43,43,64,64,159,159,178,178,154,154,170,170,205,205,205,205,205,230,244,264,264,357,357,376,392,92,92,117,117,157,182,182,202,225,225,246,285,285,285,285,285,285,12,46,46],"floor_reached":57,"playtime":2936,"items_purged":["Strike_B","Strike_B"],"score":3013,"play_id":"502a27f8-2114-4060-b355-b1cff74127a7","local_time":"20190726175435","is_ascension_mode":true,"campfire_choices":[{"data":"Zap","floor":6.0,"key":"SMITH"},{"data":"Loop","floor":11.0,"key":"SMITH"},{"data":"Consume","floor":15.0,"key":"SMITH"},{"data":"Darkness","floor":23.0,"key":"SMITH"},{"data":"Dualcast","floor":25.0,"key":"SMITH"},{"data":"Turbo","floor":28.0,"key":"SMITH"},{"data":"Chaos","floor":32.0,"key":"SMITH"},{"data":"Fission","floor":40.0,"key":"SMITH"},{"data":"Heatsinks","floor":46.0,"key":"SMITH"},{"floor":49.0,"key":"RECALL"},{"data":"Coolheaded","floor":53.0,"key":"SMITH"}],"neow_cost":"NONE","seed_source_timestamp":0,"circlet_count":0,"master_deck":["AscendersBane","Strike_B+1","Defend_B","Defend_B","Defend_B","Defend_B","Zap+1","Dualcast+1","Hologram","Ball Lightning+1","Loop+1","Reboot","Double Energy","BootSequence","Lockon","Chill","Consume+1","Turbo+1","Echo Form","Cold Snap","Ghostly","Ghostly","Ghostly","Darkness+1","Ghostly","Glacier+1","Compile Driver","Coolheaded+1","Chaos+1","Heatsinks+1","Fission+1","Stack+1","Self Repair","Recycle","Capacitor","Impatience","Reboot","Turbo","Stack+1","All For One","Ghostly","Hologram"],"special_seed":0,"relics":["Cracked Core","Strawberry","Pantograph","Question Card","Golden Idol","Runic Dome","FossilizedHelix","Whetstone","Inserter","Letter Opener","Bag of Preparation","Prayer Wheel","DollysMirror","Bird Faced Urn"],"potions_floor_usage":[56],"damage_taken":[{"damage":7.0,"enemies":"Small Slimes","floor":1.0,"turns":3.0},{"damage":7.0,"enemies":"Jaw Worm","floor":3.0,"turns":4.0},{"damage":0.0,"enemies":"Cultist","floor":5.0,"turns":3.0},{"damage":3.0,"enemies":"Blue Slaver","floor":7.0,"turns":3.0},{"damage":11.0,"enemies":"Gremlin Nob","floor":8.0,"turns":3.0},{"damage":5.0,"enemies":"Lagavulin","floor":12.0,"turns":5.0},{"damage":2.0,"enemies":"Gremlin Gang","floor":14.0,"turns":3.0},{"damage":10.0,"enemies":"The Guardian","floor":16.0,"turns":9.0},{"damage":10.0,"enemies":"Shell Parasite","floor":18.0,"turns":3.0},{"damage":0.0,"enemies":"2 Thieves","floor":20.0,"turns":4.0},{"damage":8.0,"enemies":"Chosen and Byrds","floor":22.0,"turns":8.0},{"damage":4.0,"enemies":"Gremlin Leader","floor":24.0,"turns":9.0},{"damage":0.0,"enemies":"Snecko","floor":29.0,"turns":6.0},{"damage":0.0,"enemies":"Sentry and Sphere","floor":30.0,"turns":4.0},{"damage":0.0,"enemies":"3 Cultists","floor":31.0,"turns":6.0},{"damage":16.0,"enemies":"Collector","floor":33.0,"turns":12.0},{"damage":0.0,"enemies":"Orb Walker","floor":35.0,"turns":4.0},{"damage":15.0,"enemies":"3 Darklings","floor":36.0,"turns":7.0},{"damage":13.0,"enemies":"4 Shapes","floor":39.0,"turns":4.0},{"damage":0.0,"enemies":"Nemesis","floor":41.0,"turns":9.0},{"damage":0.0,"enemies":"Writhing Mass","floor":44.0,"turns":6.0},{"damage":0.0,"enemies":"Spire Growth","floor":45.0,"turns":6.0},{"damage":0.0,"enemies":"4 Shapes","floor":47.0,"turns":6.0},{"damage":1.0,"enemies":"Giant Head","floor":48.0,"turns":10.0},{"damage":0.0,"enemies":"Donu and Deca","floor":50.0,"turns":14.0},{"damage":0.0,"enemies":"Time Eater","floor":51.0,"turns":21.0},{"damage":13.0,"enemies":"Shield and Spear","floor":55.0,"turns":8.0},{"damage":38,"enemies":"The Heart","floor":56,"turns":14}],"seed_played":"-3529731662931728117","potions_obtained":[{"floor":3.0,"key":"SneckoOil"},{"floor":7.0,"key":"Explosive Potion"},{"floor":8.0,"key":"Fire Potion"},{"floor":22.0,"key":"LiquidBronze"},{"floor":24.0,"key":"Dexterity Potion"},{"floor":27.0,"key":"AttackPotion"},{"floor":30.0,"key":"AttackPotion"},{"floor":33.0,"key":"LiquidBronze"},{"floor":41.0,"key":"Strength Potion"},{"floor":45.0,"key":"SteroidPotion"}],"is_trial":false,"path_per_floor":["M","?","M","$","M","R","M","E","T","$","R","E","?","M","R","B",null,"M","?","M","?","M","R","E","R","T","?","R","M","M","M","R","B",null,"M","M","$","?","M","R","E","T","T","M","M","R","M","E","R","B","B",null,"R","$","E","B",null],"character_chosen":"DEFECT","items_purchased":["Loop","Reboot","Chill","Recycle","Capacitor","Regen Potion","DollysMirror","SkillPotion"],"campfire_rested":0,"item_purchase_floors":[4,4,10,37,37,37,54,54],"current_hp_per_floor":[57,50,43,43,43,43,40,36,36,36,36,31,31,29,29,44,64,54,35,35,35,27,27,23,23,23,23,23,23,23,23,23,19,31,31,16,16,16,15,15,22,22,22,22,35,35,35,35,35,35,35,35,35,35,22,12],"gold":46,"neow_bonus":"HUNDRED_GOLD","is_prod":false,"is_daily":false,"chose_seed":false,"campfire_upgraded":10,"win_rate":0,"timestamp":1564134875,"path_taken":["M","?","M","$","M","R","M","E","T","$","R","E","?","M","R","BOSS","M","?","M","?","?","R","E","R","T","?","R","M","M","M","R","BOSS","M","?","?","?","M","R","E","?","T","?","M","R","M","E","R","BOSS","BOSS","R","$","E","BOSS"],"build_version":"2019-07-17","purchased_purges":2,"victory":true,"max_hp_per_floor":[71,71,71,71,71,71,71,78,78,78,78,78,71,71,71,71,71,71,35,35,35,35,35,35,35,35,35,35,35,35,35,35,35,35,35,35,35,35,35,35,35,35,35,35,35,35,35,35,35,35,35,35,35,35,35,35],"card_choices":[{"not_picked":["Sweeping Beam","Gash"],"picked":"Hologram","floor":1.0},{"not_picked":["Redo","Go for the Eyes"],"picked":"Ball Lightning","floor":3.0},{"not_picked":["Conserve Battery","Streamline"],"picked":"Double Energy","floor":5.0},{"not_picked":["Reinforced Body","Steam Power"],"picked":"BootSequence","floor":7.0},{"not_picked":["Conserve Battery","Fusion"],"picked":"Lockon","floor":8.0},{"not_picked":["Buffer","Chaos"],"picked":"Consume","floor":12.0},{"not_picked":["Steam","Gash","Go for the Eyes"],"picked":"Turbo","floor":14.0},{"not_picked":["All For One","Creative AI","Core Surge"],"picked":"Echo Form","floor":16.0},{"not_picked":["Hello World","Compile Driver","Rip and Tear"],"picked":"Cold Snap","floor":18.0},{"not_picked":["Rebound","Turbo","Redo"],"picked":"Darkness","floor":20.0},{"not_picked":["Undo","Compile Driver","Sweeping Beam"],"picked":"Glacier+1","floor":22.0},{"not_picked":["FTL","Barrage","Beam Cell"],"picked":"Compile Driver","floor":24.0},{"not_picked":["Redo","Streamline","Go for the Eyes"],"picked":"Coolheaded","floor":29.0},{"not_picked":["Doom and Gloom","Darkness","Go for the Eyes"],"picked":"Chaos","floor":30.0},{"not_picked":["Seek","Fusion","Beam Cell"],"picked":"Heatsinks","floor":31.0},{"not_picked":["Hyperbeam","Thunder Strike","Rainbow"],"picked":"Fission","floor":33.0},{"not_picked":["Barrage","Sweeping Beam","Consume+1"],"picked":"Stack+1","floor":35.0},{"not_picked":["Leap","Coolheaded+1","Gash"],"picked":"Self Repair","floor":36.0},{"not_picked":["Trip","Enlightenment","Blind"],"picked":"Impatience","floor":38.0},{"not_picked":["Conserve Battery","Stack","Beam Cell","Cold Snap+1"],"picked":"SKIP","floor":39.0},{"not_picked":["Ball Lightning","Darkness","Reinforced Body"],"picked":"Reboot","floor":41.0},{"not_picked":["Leap","Storm","Ball Lightning"],"picked":"Turbo","floor":44.0},{"not_picked":["Static Discharge","Conserve Battery+1","Rebound"],"picked":"Stack+1","floor":45.0},{"not_picked":["Melter","Ball Lightning","Leap","Beam Cell"],"picked":"SKIP","floor":47.0},{"not_picked":["Sunder","Beam Cell+1","Turbo"],"picked":"All For One","floor":48.0},{"not_picked":["Streamline","Hello World+1","BootSequence"],"picked":"Hologram","floor":55.0}],"player_experience":2077727,"relics_obtained":[{"floor":8.0,"key":"Strawberry"},{"floor":9.0,"key":"Pantograph"},{"floor":12.0,"key":"Question Card"},{"floor":24.0,"key":"FossilizedHelix"},{"floor":26.0,"key":"Whetstone"},{"floor":41.0,"key":"Letter Opener"},{"floor":42.0,"key":"Bag of Preparation"},{"floor":48.0,"key":"Prayer Wheel"},{"floor":55.0,"key":"Bird Faced Urn"}],"event_choices":[{"cards_removed":["Strike_B"],"damage_healed":0.0,"max_hp_gain":0.0,"max_hp_loss":0.0,"gold_gain":0.0,"event_name":"Golden Wing","player_choice":"Card Removal","floor":2.0,"gold_loss":0.0,"damage_taken":7.0},{"damage_healed":0.0,"max_hp_gain":0.0,"max_hp_loss":7.0,"gold_gain":0.0,"event_name":"Golden Idol","player_choice":"Lose Max HP","floor":13.0,"gold_loss":0.0,"damage_taken":0.0,"relics_obtained":["Golden Idol"]},{"damage_healed":0.0,"max_hp_gain":0.0,"max_hp_loss":36.0,"gold_gain":0.0,"event_name":"Ghosts","player_choice":"Became a Ghost","floor":19.0,"gold_loss":0.0,"damage_taken":0.0,"cards_obtained":["Ghostly","Ghostly","Ghostly"]},{"damage_healed":0.0,"max_hp_gain":0.0,"max_hp_loss":0.0,"gold_gain":0.0,"event_name":"Duplicator","player_choice":"Copied","floor":21.0,"gold_loss":0.0,"damage_taken":0.0,"cards_obtained":["Ghostly"]},{"damage_healed":0.0,"max_hp_gain":0.0,"max_hp_loss":0.0,"gold_gain":0.0,"event_name":"Lab","player_choice":"Got Potions","floor":27.0,"gold_loss":0.0,"damage_taken":0.0},{"damage_healed":0.0,"max_hp_gain":0.0,"max_hp_loss":0.0,"gold_gain":0.0,"event_name":"SensoryStone","player_choice":"Memory 1","floor":38.0,"gold_loss":0.0,"damage_taken":0.0}],"is_beta":false,"boss_relics":[{"not_picked":["Sozu","Ectoplasm"],"picked":"Runic Dome"},{"not_picked":["Tiny House","Orrery"],"picked":"Inserter"}],"items_purged_floors":[4,37],"is_endless":false,"potions_floor_spawned":[3,7,8,22,24,30,31,33,36,41,45,47],"ascension_level":20}