{"gold_per_floor":[109,123,48,48,48,82,82,94,145,145,156,206,226,236,236,315,315,327,327,227,227,102,102,117,117,117,144,92,106,106,125,125,125],"floor_reached":33,"playtime":1236,"items_purged":["Strike_R","Strike_R","Defend_R"],"score":580,"play_id":"3bb54e18-b4a5-401a-a720-7388e343f8d0","local_time":"20190624233727","is_ascension_mode":true,"campfire_choices":[{"data":"Burning Pact","floor":7.0,"key":"SMITH"},{"data":"Feel No Pain","floor":10.0,"key":"SMITH"},{"data":"Battle Trance","floor":15.0,"key":"SMITH"},{"data":"True Grit","floor":23.0,"key":"SMITH"},{"floor":25.0,"key":"REST"},{"data":"Armaments","floor":32.0,"key":"SMITH"}],"neow_cost":"NONE","seed_source_timestamp":0,"circlet_count":0,"master_deck":["AscendersBane","Defend_R","Defend_R","Defend_R","Bash","Power Through","Burning Pact+1","Feel No Pain+1","Evolve","Battle Trance+1","Offering","True Grit+1","Clothesline","Shrug It Off","Armaments+1"],"special_seed":0,"relics":["Burning Blood","Lantern","Red Skull","Busted Crown","Sundial","Peace Pipe","Nloth\u0027s Gift"],"potions_floor_usage":[],"damage_taken":[{"damage":0.0,"enemies":"Jaw Worm","floor":1.0,"turns":1.0},{"damage":0.0,"enemies":"Small Slimes","floor":2.0,"turns":1.0},{"damage":0.0,"enemies":"3 Sentries","floor":6.0,"turns":2.0},{"damage":6.0,"enemies":"Cultist","floor":8.0,"turns":4.0},{"damage":27.0,"enemies":"Exordium Thugs","floor":11.0,"turns":10.0},{"damage":14.0,"enemies":"Exordium Wildlife","floor":13.0,"turns":6.0},{"damage":12.0,"enemies":"Looter","floor":14.0,"turns":3.0},{"damage":27.0,"enemies":"Slime Boss","floor":16.0,"turns":8.0},{"damage":12.0,"enemies":"3 Byrds","floor":18.0,"turns":6.0},{"damage":17.0,"enemies":"2 Thieves","floor":24.0,"turns":5.0},{"damage":7.0,"enemies":"Book of Stabbing","floor":27.0,"turns":7.0},{"damage":6.0,"enemies":"Cultist and Chosen","floor":29.0,"turns":8.0},{"damage":17.0,"enemies":"Sentry and Sphere","floor":31.0,"turns":9.0},{"damage":27,"enemies":"Collector","floor":33,"turns":7}],"seed_played":"-8318593227953861377","potions_obtained":[{"floor":1.0,"key":"Fire Potion"},{"floor":2.0,"key":"LiquidBronze"},{"floor":11.0,"key":"AttackPotion"},{"floor":18.0,"key":"EssenceOfSteel"},{"floor":29.0,"key":"Fire Potion"}],"is_trial":false,"path_per_floor":["M","M","$","?","$","E","R","M","T","R","M","?","M","M","R","B",null,"M","?","$","?","$","R","M","R","T","E","$","M","?","M","R","B"],"character_chosen":"IRONCLAD","items_purchased":["Shrug It Off"],"campfire_rested":1,"item_purchase_floors":[28],"current_hp_per_floor":[74,75,75,68,68,74,74,74,74,74,53,46,38,32,32,11,59,53,53,53,32,32,32,21,45,45,44,44,44,44,33,33,6],"gold":125,"neow_bonus":"THREE_ENEMY_KILL","is_prod":false,"is_daily":false,"chose_seed":false,"campfire_upgraded":5,"win_rate":0,"timestamp":1561390647,"path_taken":["M","M","$","?","$","E","R","M","T","R","M","?","M","M","R","BOSS","M","?","$","?","?","R","M","R","T","E","$","?","?","M","R","BOSS"],"build_version":"2019-01-23","purchased_purges":3,"victory":false,"max_hp_per_floor":[75,75,75,75,75,75,75,75,75,75,75,75,75,75,75,75,75,75,75,75,80,80,80,80,80,80,80,80,80,80,80,80,80],"card_choices":[{"not_picked":["Anger","Body Slam"],"picked":"Power Through","floor":1.0},{"not_picked":["Carnage","Clash"],"picked":"Burning Pact","floor":2.0},{"not_picked":["Flex","Shockwave"],"picked":"Feel No Pain","floor":6.0},{"not_picked":["Headbutt","Pummel"],"picked":"Evolve","floor":8.0},{"not_picked":["Bloodletting","Spot Weakness","Heavy Blade"],"picked":"SKIP","floor":11.0},{"not_picked":["Headbutt","Clothesline"],"picked":"Battle Trance","floor":13.0},{"not_picked":["Rage","Havoc","Fire Breathing"],"picked":"SKIP","floor":14.0},{"not_picked":["Fiend Fire","Berserk"],"picked":"Offering","floor":16.0},{"not_picked":["Pommel Strike"],"picked":"SKIP","floor":18.0},{"not_picked":["Headbutt"],"picked":"SKIP","floor":24.0},{"not_picked":["Burning Pact"],"picked":"SKIP","floor":27.0},{"not_picked":["Headbutt"],"picked":"SKIP","floor":29.0},{"not_picked":[],"picked":"Armaments","floor":31.0}],"player_experience":1985681,"relics_obtained":[{"floor":6.0,"key":"Lantern"},{"floor":9.0,"key":"Red Skull"},{"floor":26.0,"key":"Sundial"},{"floor":27.0,"key":"Peace Pipe"}],"event_choices":[{"cards_removed":["Strike_R"],"damage_healed":0.0,"max_hp_gain":0.0,"max_hp_loss":0.0,"gold_gain":0.0,"event_name":"Golden Wing","player_choice":"Card Removal","floor":4.0,"gold_loss":0.0,"damage_taken":7.0},{"damage_healed":0.0,"max_hp_gain":0.0,"max_hp_loss":0.0,"gold_gain":50.0,"event_name":"FaceTrader","player_choice":"Touch","floor":12.0,"gold_loss":0.0,"damage_taken":7.0},{"damage_healed":0.0,"max_hp_gain":0.0,"max_hp_loss":0.0,"gold_gain":0.0,"cards_transformed":["Strike_R","Strike_R"],"event_name":"Drug Dealer","player_choice":"Became Test Subject","floor":19.0,"gold_loss":0.0,"damage_taken":0.0,"cards_obtained":["True Grit","Clothesline"]},{"damage_healed":0.0,"max_hp_gain":5.0,"max_hp_loss":0.0,"gold_gain":0.0,"event_name":"Forgotten Altar","player_choice":"Shed Blood","floor":21.0,"gold_loss":0.0,"damage_taken":26.0},{"damage_healed":0.0,"max_hp_gain":0.0,"max_hp_loss":0.0,"gold_gain":0.0,"event_name":"N\u0027loth","player_choice":"Traded Relic","floor":30.0,"relics_lost":["NeowsBlessing"],"gold_loss":0.0,"damage_taken":0.0,"relics_obtained":["Nloth\u0027s Gift"]}],"is_beta":false,"boss_relics":[{"not_picked":["Ectoplasm","Orrery"],"picked":"Busted Crown"}],"items_purged_floors":[3,20,22],"is_endless":false,"potions_floor_spawned":[1,2,11,18,29],"killed_by":"Collector","ascension_level":20}