{"gold_per_floor":[111,122,134,150,164,164,199,199],"floor_reached":8,"playtime":338,"items_purged":[],"score":88,"play_id":"44bcaf30-66d0-495e-94a5-06a3757e400d","local_time":"20181008122637","is_ascension_mode":true,"campfire_choices":[{"data":"Bash","floor":6,"key":"SMITH"}],"neow_cost":"NONE","seed_source_timestamp":2060188980478409,"circlet_count":0,"master_deck":["Strike_R","Strike_R","Strike_R","Strike_R","Strike_R","Defend_R","Defend_R","Defend_R","Defend_R","Bash+1","AscendersBane","Barricade","True Grit","Wild Strike","Armaments","Battle Trance","Thunderclap","Carnage"],"relics":["Burning Blood","Matryoshka"],"potions_floor_usage":[5,7],"damage_taken":[{"damage":11,"enemies":"Cultist","floor":1,"turns":4},{"damage":9,"enemies":"Jaw Worm","floor":2,"turns":4},{"damage":11,"enemies":"2 Louse","floor":3,"turns":2},{"damage":6,"enemies":"2 Fungi Beasts","floor":4,"turns":5},{"damage":18,"enemies":"Exordium Wildlife","floor":5,"turns":4},{"damage":30,"enemies":"Gremlin Nob","floor":7,"turns":4},{"damage":25,"enemies":"Large Slime","floor":8,"turns":5}],"seed_played":"8435684110809107062","potions_obtained":[{"floor":4,"key":"SkillPotion"},{"floor":5,"key":"AttackPotion"}],"is_trial":false,"path_per_floor":["M","M","M","M","M","R","?"],"character_chosen":"IRONCLAD","items_purchased":[],"campfire_rested":0,"item_purchase_floors":[],"current_hp_per_floor":[63,60,55,55,43,43,19,0],"gold":199,"neow_bonus":"ONE_RANDOM_RARE_CARD","is_prod":false,"is_daily":false,"chose_seed":false,"campfire_upgraded":1,"win_rate":0,"timestamp":1539015997,"path_taken":["M","M","M","M","M","R","?","M"],"build_version":"2018-10-04v2","purchased_purges":0,"victory":false,"max_hp_per_floor":[75,75,75,75,75,75,75,75],"card_choices":[{"not_picked":["Iron Wave","Havoc"],"picked":"True Grit","floor":1},{"not_picked":["Rupture","Fire Breathing","Wild Strike"],"picked":"SKIP","floor":2},{"not_picked":["Rupture","Fire Breathing"],"picked":"Wild Strike","floor":2},{"not_picked":["Sword Boomerang","Cleave"],"picked":"Armaments","floor":3},{"not_picked":["Thunderclap","Disarm"],"picked":"Battle Trance","floor":4},{"not_picked":["Bloodletting","Armaments"],"picked":"Thunderclap","floor":5},{"not_picked":["Brutality","Havoc"],"picked":"Carnage","floor":7}],"player_experience":832366,"relics_obtained":[{"floor":7,"key":"Matryoshka"}],"event_choices":[{"event_name":"Dead Adventurer","player_choice":"Searched \u00273\u0027 times","floor":7,"damage_taken":0}],"is_beta":false,"boss_relics":[],"items_purged_floors":[],"is_endless":false,"potions_floor_spawned":[4,5],"killed_by":"Large Slime","ascension_level":15}