{"gold_per_floor":[113,113,113,38,61,61,99,99,99,99,123,143,143,156,156,246,246,261,285,285,74,274,274,310,331,331,331],"floor_reached":27,"playtime":543,"items_purged":[],"score":512,"play_id":"8e107c37-e0a0-4aad-8387-aeb113b1d3c3","local_time":"20190524165918","is_ascension_mode":true,"campfire_choices":[{"data":"Zap","floor":6,"key":"SMITH"},{"data":"Coolheaded","floor":8,"key":"SMITH"},{"data":"Dualcast","floor":10,"key":"SMITH"},{"data":"Fusion","floor":13,"key":"SMITH"},{"data":"Tempest","floor":15,"key":"SMITH"},{"data":"Sunder","floor":23,"key":"SMITH"}],"neow_cost":"NONE","seed_source_timestamp":54441255072943,"circlet_count":0,"master_deck":["AscendersBane","Strike_B","Strike_B","Strike_B","Defend_B","Defend_B","Defend_B","Defend_B","Zap+1","Dualcast+1","Cold Snap","Tempest+1","Reinforced Body","Coolheaded+1","Fusion+1","Compile Driver","Ball Lightning","Meteor Strike","Sunder+1"],"relics":["Cracked Core","NeowsBlessing","Golden Idol","Lantern","FossilizedHelix","Runic Pyramid","Prayer Wheel","Chemical X","Pen Nib"],"potions_floor_usage":[16,19],"damage_taken":[{"damage":0,"enemies":"Small Slimes","floor":1,"turns":1},{"damage":0,"enemies":"Jaw Worm","floor":5,"turns":1},{"damage":0,"enemies":"Lagavulin","floor":7,"turns":1},{"damage":0,"enemies":"Cultist","floor":11,"turns":3},{"damage":14,"enemies":"Lots of Slimes","floor":12,"turns":3},{"damage":9,"enemies":"Exordium Thugs","floor":14,"turns":6},{"damage":19,"enemies":"Hexaghost","floor":16,"turns":8},{"damage":4,"enemies":"Shell Parasite","floor":18,"turns":4},{"damage":0,"enemies":"3 Byrds","floor":19,"turns":4},{"damage":39,"enemies":"Slavers","floor":24,"turns":6},{"damage":0,"enemies":"3 Cultists","floor":25,"turns":3},{"damage":0,"enemies":"Centurion and Healer","floor":27,"turns":1}],"seed_played":"-5976086742461170157","potions_obtained":[{"floor":12,"key":"PowerPotion"},{"floor":14,"key":"SteroidPotion"},{"floor":16,"key":"Fire Potion"}],"is_trial":false,"path_per_floor":["M","?","?","$","M","R","E","R","T","R","M","M","R","M","R","B",null,"M","M","T","$","?","R","E","M","T","M"],"character_chosen":"DEFECT","items_purchased":["Tempest","Chemical X"],"campfire_rested":0,"item_purchase_floors":[4,21],"current_hp_per_floor":[64,57,57,57,57,57,57,57,57,57,57,43,43,34,34,15,52,48,48,48,48,48,48,9,9,9,9],"gold":331,"neow_bonus":"THREE_ENEMY_KILL","is_prod":false,"is_daily":false,"chose_seed":false,"campfire_upgraded":6,"win_rate":0,"timestamp":1558688358,"path_taken":["M","?","?","?","M","R","E","R","T","R","?","M","R","M","R","BOSS","M","?","?","?","?","R","E","M","T","?"],"build_version":"2019-01-23","purchased_purges":0,"victory":false,"max_hp_per_floor":[71,71,64,64,64,64,64,64,64,64,64,64,64,64,64,64,64,64,64,64,64,64,64,64,64,64,64],"card_choices":[{"not_picked":["Stack","Hologram"],"picked":"Cold Snap","floor":1},{"not_picked":["Stack","Gash"],"picked":"Reinforced Body","floor":5},{"not_picked":["Capacitor","Rainbow"],"picked":"Coolheaded","floor":7},{"not_picked":["Genetic Algorithm","Steam"],"picked":"Fusion","floor":11},{"not_picked":["Stack","Barrage"],"picked":"Compile Driver","floor":12},{"not_picked":["Cold Snap","Stack"],"picked":"Ball Lightning","floor":14},{"not_picked":["Multi-Cast","Rainbow"],"picked":"Meteor Strike","floor":16},{"not_picked":["Streamline","White Noise"],"picked":"Sunder","floor":18},{"not_picked":["Auto Shields","Gash","Beam Cell"],"picked":"SKIP","floor":19},{"not_picked":["Steam","Rebound","Gash"],"picked":"SKIP","floor":24},{"not_picked":["Scrape","Rebound","Stack"],"picked":"SKIP","floor":25},{"not_picked":["Steam","Rebound","Barrage"],"picked":"SKIP","floor":25}],"player_experience":1756629,"relics_obtained":[{"floor":7,"key":"Lantern"},{"floor":9,"key":"FossilizedHelix"},{"floor":20,"key":"Prayer Wheel"},{"floor":24,"key":"Pen Nib"}],"event_choices":[{"cards_removed":["Strike_B"],"damage_healed":0,"gold_gain":0,"player_choice":"Card Removal","damage_taken":7,"max_hp_gain":0,"max_hp_loss":0,"event_name":"Golden Wing","floor":2,"gold_loss":0},{"damage_healed":0,"gold_gain":0,"player_choice":"Lose Max HP","damage_taken":0,"relics_obtained":["Golden Idol"],"max_hp_gain":0,"max_hp_loss":7,"event_name":"Golden Idol","floor":3,"gold_loss":0},{"damage_healed":0,"gold_gain":250,"player_choice":"Bet on Owner","damage_taken":0,"max_hp_gain":0,"max_hp_loss":0,"event_name":"The Joust","floor":22,"gold_loss":50}],"is_beta":false,"boss_relics":[{"not_picked":["White Beast Statue","Orrery"],"picked":"Runic Pyramid"}],"items_purged_floors":[],"is_endless":false,"potions_floor_spawned":[12,14,16,18],"killed_by":"Centurion and Healer","ascension_level":20}