{"gold_per_floor":[114,127,127,39,39,39,74,89,115,115,138,138,156,179,179,298,298,298,298,138,138,138,138,138,138,138,138,138,138,138,138,138,138],"floor_reached":33,"playtime":1449,"items_purged":["Injury"],"score":307,"play_id":"ac1616d9-8c43-4c2c-8013-b81c38dae523","local_time":"20190511155439","is_ascension_mode":true,"campfire_choices":[{"data":"Bane","floor":6,"key":"SMITH"},{"data":"Bouncing Flask","floor":10,"key":"SMITH"},{"data":"Noxious Fumes","floor":12,"key":"SMITH"},{"floor":15,"key":"REST"},{"floor":23,"key":"REST"},{"floor":25,"key":"REST"},{"data":"Burst","floor":27,"key":"SMITH"},{"data":"Bouncing Flask","floor":29,"key":"SMITH"},{"floor":32,"key":"REST"}],"neow_cost":"NONE","seed_source_timestamp":247949298343118,"circlet_count":0,"master_deck":["Defend_G","Defend_G","Defend_G","Defend_G","Defend_G","Strike_G","Strike_G","Strike_G","Strike_G","Survivor","Neutralize","Bouncing Flask+1","Bane+1","Footwork","Sucker Punch","Noxious Fumes+1","Malaise","Blur","Wraith Form v2","Bouncing Flask+1","Burst+1","Leg Sweep+1","Deadly Poison","Envenom"],"relics":["Ring of the Snake","Smiling Mask","Golden Idol","Orichalcum","Ectoplasm","Centennial Puzzle","Juzu Bracelet"],"potions_floor_usage":[7,16,16,19,33],"damage_taken":[{"damage":4,"enemies":"2 Louse","floor":1,"turns":3},{"damage":2,"enemies":"Jaw Worm","floor":2,"turns":3},{"damage":19,"enemies":"3 Sentries","floor":7,"turns":10},{"damage":0,"enemies":"Cultist","floor":8,"turns":3},{"damage":2,"enemies":"Looter","floor":11,"turns":3},{"damage":0,"enemies":"Large Slime","floor":13,"turns":3},{"damage":10,"enemies":"Blue Slaver","floor":14,"turns":3},{"damage":1,"enemies":"Hexaghost","floor":16,"turns":8},{"damage":15,"enemies":"3 Byrds","floor":18,"turns":6},{"damage":7,"enemies":"Shell Parasite","floor":19,"turns":4},{"damage":14,"enemies":"Snake Plant","floor":21,"turns":3},{"damage":16,"enemies":"Centurion and Healer","floor":22,"turns":6},{"damage":17,"enemies":"3 Cultists","floor":30,"turns":5},{"damage":25,"enemies":"Book of Stabbing","floor":31,"turns":6},{"damage":39,"enemies":"Champ","floor":33,"turns":10}],"seed_played":"-8138704629954257283","potions_obtained":[{"floor":1,"key":"Regen Potion"},{"floor":8,"key":"PowerPotion"},{"floor":11,"key":"GhostInAJar"},{"floor":18,"key":"Poison Potion"},{"floor":21,"key":"EssenceOfSteel"},{"floor":22,"key":"Strength Potion"},{"floor":30,"key":"SteroidPotion"}],"is_trial":false,"path_per_floor":["M","M","?","$","?","R","E","M","T","R","M","R","M","M","R","B",null,"M","M","$","M","M","R","$","R","T","R","$","R","M","E","R","B"],"character_chosen":"THE_SILENT","items_purchased":["Footwork","Burst"],"campfire_rested":4,"item_purchase_floors":[4,20],"current_hp_per_floor":[66,64,64,64,64,64,60,60,60,60,58,58,58,48,69,68,70,55,48,48,34,18,39,39,60,60,60,60,60,43,18,39,0],"gold":138,"neow_bonus":"RANDOM_COMMON_RELIC","is_prod":false,"is_daily":false,"chose_seed":false,"campfire_upgraded":5,"win_rate":0,"timestamp":1557604479,"path_taken":["M","M","?","$","?","R","E","M","T","R","M","R","M","M","R","BOSS","M","M","?","M","M","R","$","R","T","R","$","R","M","E","R","BOSS"],"build_version":"2019-01-23","purchased_purges":1,"victory":false,"max_hp_per_floor":[70,70,70,70,70,70,70,70,70,70,70,70,70,70,70,70,70,70,70,70,70,70,70,70,70,70,70,70,70,70,70,70,70],"card_choices":[{"not_picked":["Concentrate","Leg Sweep"],"picked":"Bouncing Flask","floor":1},{"not_picked":["Cloak And Dagger","Concentrate"],"picked":"Bane","floor":2},{"not_picked":["Well Laid Plans","Flying Knee","Poisoned Stab"],"picked":"SKIP","floor":7},{"not_picked":["Blade Dance","Dash","Dagger Throw"],"picked":"SKIP","floor":8},{"not_picked":["Slice","Reflex"],"picked":"Noxious Fumes","floor":11},{"not_picked":["Distraction","Setup"],"picked":"Malaise","floor":13},{"not_picked":["Setup","Heel Hook"],"picked":"Blur","floor":14},{"not_picked":["Die Die Die","Storm of Steel"],"picked":"Wraith Form v2","floor":16},{"not_picked":["Flying Knee","Prepared","Deflect"],"picked":"SKIP","floor":18},{"not_picked":["Prepared+1","Footwork"],"picked":"Bouncing Flask","floor":19},{"not_picked":["Blade Dance","Deflect","Choke"],"picked":"SKIP","floor":21},{"not_picked":["Flechettes","PiercingWail"],"picked":"Leg Sweep+1","floor":22},{"not_picked":["Infinite Blades+1","Sucker Punch"],"picked":"Deadly Poison","floor":30},{"not_picked":["Accuracy+1","Flechettes"],"picked":"Envenom","floor":31}],"player_experience":978074,"relics_obtained":[{"floor":7,"key":"Orichalcum"},{"floor":26,"key":"Centennial Puzzle"},{"floor":31,"key":"Juzu Bracelet"}],"event_choices":[{"damage_healed":0,"gold_gain":0,"player_choice":"Take Wound","damage_taken":0,"relics_obtained":["Golden Idol"],"max_hp_gain":0,"max_hp_loss":0,"event_name":"Golden Idol","floor":3,"gold_loss":0,"cards_obtained":["Injury"]},{"damage_healed":0,"gold_gain":0,"cards_transformed":["Strike_G"],"player_choice":"Transformed","damage_taken":0,"max_hp_gain":0,"max_hp_loss":0,"event_name":"Transmorgrifier","floor":5,"gold_loss":0,"cards_obtained":["Sucker Punch"]}],"is_beta":false,"boss_relics":[{"not_picked":["Astrolabe","Runic Pyramid"],"picked":"Ectoplasm"}],"items_purged_floors":[4],"is_endless":false,"potions_floor_spawned":[1,8,11,18,21,22,30],"killed_by":"Champ","ascension_level":3}