{"gold_per_floor":[109,126,126,141,152,184,184,201,201,57,75,75,75,94,94,196,196,216,235,252,8,19,19,51,51,75,175,201,201],"floor_reached":29,"playtime":2600,"items_purged":[],"score":266,"play_id":"a18e4196-2420-477b-8a5b-a479023073ba","local_time":"20190707212422","is_ascension_mode":false,"campfire_choices":[{"data":"Clash","floor":7,"key":"SMITH"},{"data":"Dual Wield","floor":12,"key":"SMITH"},{"data":"Bludgeon","floor":15,"key":"SMITH"},{"data":"Immolate","floor":23,"key":"SMITH"},{"floor":25,"key":"REST"}],"neow_cost":"NONE","seed_source_timestamp":1536334315900300,"circlet_count":0,"master_deck":["Strike_R","Strike_R","Strike_R","Strike_R","Strike_R","Defend_R","Defend_R","Defend_R","Defend_R","Bash","Iron Wave","Second Wind","Clash+1","Pummel","Dual Wield+1","Clothesline","Bludgeon+1","Searing Blow","Rage","Immolate+1","Anger","Flex+1","Anger","Intimidate","Headbutt+1","Cleave+1","Flex+1"],"relics":["Burning Blood","Bronze Scales","Oddly Smooth Stone","Frozen Egg 2","Spirit Poop","Philosopher\u0027s Stone","Molten Egg 2","Prayer Wheel","Blood Vial","StoneCalendar","Bottled Lightning","Pantograph"],"potions_floor_usage":[6,14,20,22,24,27,29],"damage_taken":[{"damage":7,"enemies":"Jaw Worm","floor":1,"turns":5},{"damage":1,"enemies":"Cultist","floor":2,"turns":3},{"damage":2,"enemies":"Small Slimes","floor":4,"turns":3},{"damage":2,"enemies":"3 Louse","floor":5,"turns":4},{"damage":34,"enemies":"Lagavulin","floor":6,"turns":6},{"damage":0,"enemies":"Large Slime","floor":8,"turns":2},{"damage":3,"enemies":"2 Fungi Beasts","floor":11,"turns":3},{"damage":7,"enemies":"Red Slaver","floor":14,"turns":4},{"damage":12,"enemies":"Slime Boss","floor":16,"turns":11},{"damage":17,"enemies":"3 Byrds","floor":18,"turns":3},{"damage":5,"enemies":"Spheric Guardian","floor":19,"turns":3},{"damage":12,"enemies":"Chosen and Byrds","floor":20,"turns":3},{"damage":24,"enemies":"Snake Plant","floor":22,"turns":2},{"damage":41,"enemies":"Gremlin Leader","floor":24,"turns":5},{"damage":18,"enemies":"Colosseum Slavers","floor":27,"turns":4},{"damage":22,"enemies":"Colosseum Nobs","floor":27,"turns":4},{"damage":29,"enemies":"Slavers","floor":28,"turns":5},{"damage":15,"enemies":"Centurion and Healer","floor":29,"turns":2}],"seed_played":"-6968568893044447732","potions_obtained":[{"floor":1,"key":"Strength Potion"},{"floor":2,"key":"BloodPotion"},{"floor":5,"key":"Poison Potion"},{"floor":8,"key":"Block Potion"},{"floor":18,"key":"SteroidPotion"},{"floor":24,"key":"Regen Potion"},{"floor":28,"key":"Explosive Potion"}],"is_trial":false,"path_per_floor":["M","M","?","M","M","E","R","M","T","$","M","R","?","M","R","B",null,"M","M","M","$","M","R","E","R","T","?","E","M"],"character_chosen":"IRONCLAD","items_purchased":["Bludgeon","Molten Egg 2"],"campfire_rested":1,"item_purchase_floors":[10,21],"current_hp_per_floor":[79,80,80,80,80,52,52,58,58,58,61,61,61,60,60,54,80,69,70,80,80,62,62,27,51,51,32,11,0],"gold":201,"neow_bonus":"RANDOM_COMMON_RELIC","is_prod":false,"is_daily":false,"chose_seed":false,"campfire_upgraded":4,"win_rate":0.0,"timestamp":1562552662,"path_taken":["M","M","?","?","M","E","R","M","T","$","M","R","?","M","R","BOSS","M","M","M","$","?","R","E","R","T","?","E","M"],"build_version":"2019-07-05","purchased_purges":0,"victory":false,"max_hp_per_floor":[80,80,80,80,80,80,80,80,80,80,80,80,80,80,80,80,80,80,80,80,80,80,80,80,80,80,80,80,80],"card_choices":[{"not_picked":["Ghostly Armor","Headbutt"],"picked":"Iron Wave","floor":1},{"not_picked":["Wild Strike","Sword Boomerang"],"picked":"Second Wind","floor":2},{"not_picked":["Thunderclap","Cleave"],"picked":"Clash","floor":4},{"not_picked":["Warcry","Metallicize"],"picked":"Pummel","floor":5},{"not_picked":["Pummel","Body Slam"],"picked":"Dual Wield","floor":6},{"not_picked":["Reckless Charge","Sentinel"],"picked":"Clothesline","floor":8},{"not_picked":["Perfected Strike","Warcry"],"picked":"Searing Blow","floor":11},{"not_picked":["Ghostly Armor","Headbutt"],"picked":"Rage","floor":14},{"not_picked":["Berserk+1","Dark Embrace+1"],"picked":"Immolate","floor":16},{"not_picked":["Shrug It Off+1","True Grit+1"],"picked":"Anger","floor":18},{"not_picked":["True Grit","Flame Barrier"],"picked":"Flex+1","floor":19},{"not_picked":["Iron Wave","Brutality+1"],"picked":"Anger","floor":20},{"not_picked":["Iron Wave+1","Havoc"],"picked":"Intimidate","floor":22},{"not_picked":["Sword Boomerang+1","Reaper+1"],"picked":"Headbutt+1","floor":24},{"not_picked":["Pommel Strike+1","Thunderclap+1"],"picked":"Cleave+1","floor":27},{"not_picked":["Pommel Strike+1","Bloodletting+1"],"picked":"Flex+1","floor":28}],"player_experience":47641,"relics_obtained":[{"floor":6,"key":"Oddly Smooth Stone"},{"floor":9,"key":"Frozen Egg 2"},{"floor":24,"key":"Prayer Wheel"},{"floor":26,"key":"Blood Vial"},{"floor":27,"key":"StoneCalendar"},{"floor":27,"key":"Bottled Lightning"},{"floor":28,"key":"Pantograph"}],"event_choices":[{"damage_healed":0,"gold_gain":0,"player_choice":"Cursed","damage_taken":0,"max_hp_gain":0,"max_hp_loss":0,"event_name":"Wheel of Change","floor":3,"gold_loss":0,"cards_obtained":["Decay"]},{"cards_removed":["Decay"],"damage_healed":0,"gold_gain":0,"player_choice":"Offered Curse","damage_taken":0,"relics_obtained":["Spirit Poop"],"max_hp_gain":0,"max_hp_loss":0,"event_name":"Bonfire Elementals","floor":13,"gold_loss":0},{"damage_healed":0,"gold_gain":0,"player_choice":"Fight","damage_taken":0,"max_hp_gain":0,"max_hp_loss":0,"event_name":"Colosseum","floor":27,"gold_loss":0},{"damage_healed":0,"gold_gain":0,"player_choice":"Fought Nobs","damage_taken":0,"max_hp_gain":0,"max_hp_loss":0,"event_name":"Colosseum","floor":27,"gold_loss":0}],"is_beta":false,"boss_relics":[{"not_picked":["Fusion Hammer","Tiny House"],"picked":"Philosopher\u0027s Stone"}],"items_purged_floors":[],"is_endless":false,"potions_floor_spawned":[1,2,5,8,11,18,19,24,28],"killed_by":"Centurion and Healer","ascension_level":0}