{"gold_per_floor":[109,122,141,141,156,156,169,202,225,239,239,271,271,282,282,387,387,402,421,421,421],"floor_reached":21,"playtime":25353,"items_purged":[],"score":193,"play_id":"604e1227-ef1a-41a6-80f3-25a07dcce5bc","local_time":"20190317003142","is_ascension_mode":false,"campfire_choices":[{"data":"Madness","floor":6,"key":"SMITH"},{"floor":13,"key":"REST"},{"floor":15,"key":"REST"}],"neow_cost":"NONE","seed_source_timestamp":311107241031260,"circlet_count":0,"master_deck":["Strike_B","Strike_B","Strike_B+1","Strike_B","Defend_B","Defend_B","Defend_B","Defend_B","Zap","Dualcast","Madness+1","Ball Lightning","Leap","Ball Lightning+1","Barrage","White Noise","White Noise","Sunder","Buffer","Steam","Darkness","Core Surge","Sweeping Beam"],"relics":["Cracked Core","NlothsMask","Whetstone","Dream Catcher","Lantern","Philosopher\u0027s Stone","Shovel"],"potions_floor_usage":[5,12,16],"damage_taken":[{"damage":0,"enemies":"Small Slimes","floor":1,"turns":2},{"damage":1,"enemies":"Cultist","floor":2,"turns":3},{"damage":6,"enemies":"Jaw Worm","floor":3,"turns":3},{"damage":8,"enemies":"Gremlin Gang","floor":5,"turns":3},{"damage":6,"enemies":"3 Louse","floor":7,"turns":2},{"damage":6,"enemies":"Gremlin Nob","floor":8,"turns":3},{"damage":11,"enemies":"Red Slaver","floor":10,"turns":3},{"damage":25,"enemies":"Lagavulin","floor":12,"turns":5},{"damage":1,"enemies":"Looter","floor":14,"turns":2},{"damage":42,"enemies":"The Guardian","floor":16,"turns":10},{"damage":11,"enemies":"Spheric Guardian","floor":18,"turns":4},{"damage":33,"enemies":"Shell Parasite","floor":19,"turns":4},{"damage":41,"enemies":"Centurion and Healer","floor":21,"turns":5}],"seed_played":"-5347090926947772196","potions_obtained":[{"floor":1,"key":"GamblersBrew"},{"floor":3,"key":"Fire Potion"},{"floor":8,"key":"Dexterity Potion"},{"floor":12,"key":"EssenceOfSteel"},{"floor":14,"key":"Ancient Potion"},{"floor":16,"key":"SpeedPotion"}],"is_trial":false,"path_per_floor":["M","M","M","?","M","R","M","E","T","M","?","E","R","M","R","B",null,"M","M","?","M"],"character_chosen":"DEFECT","items_purchased":[],"campfire_rested":2,"item_purchase_floors":[],"current_hp_per_floor":[75,74,68,68,60,60,54,48,48,37,37,12,34,33,55,13,75,64,31,31,0],"gold":421,"neow_bonus":"RANDOM_COLORLESS","is_prod":false,"is_daily":false,"chose_seed":false,"campfire_upgraded":1,"win_rate":0,"timestamp":1552797102,"path_taken":["M","M","M","?","M","R","M","E","T","?","?","E","R","?","R","BOSS","M","M","?","?"],"build_version":"2019-01-23","purchased_purges":0,"victory":false,"max_hp_per_floor":[75,75,75,75,75,75,75,75,75,75,75,75,75,75,75,75,75,75,75,75,75],"card_choices":[{"not_picked":["Cold Snap","Rip and Tear"],"picked":"Ball Lightning","floor":1},{"not_picked":["Scrape","Darkness","Aggregate"],"picked":"SKIP","floor":2},{"not_picked":["Blizzard","Rebound"],"picked":"Leap","floor":3},{"not_picked":["Gash","Steam"],"picked":"Ball Lightning","floor":5},{"not_picked":["FTL","Redo"],"picked":"Barrage","floor":7},{"not_picked":["Steam","Steam Power"],"picked":"White Noise","floor":8},{"not_picked":["Compile Driver","Leap"],"picked":"White Noise","floor":10},{"not_picked":["Auto Shields","Reinforced Body"],"picked":"Sunder","floor":12},{"not_picked":["Steam","Undo"],"picked":"Buffer","floor":13},{"not_picked":["Streamline","Chaos"],"picked":"Steam","floor":14},{"not_picked":["Doom and Gloom","Recycle"],"picked":"Darkness","floor":15},{"not_picked":["Meteor Strike","Rainbow"],"picked":"Core Surge","floor":16},{"not_picked":["Redo","Go for the Eyes+1"],"picked":"Sweeping Beam","floor":18},{"not_picked":["Scrape+1","Hologram","Consume"],"picked":"SKIP","floor":19}],"player_experience":707176,"relics_obtained":[{"floor":8,"key":"Whetstone"},{"floor":12,"key":"Lantern"},{"floor":20,"key":"Shovel"}],"event_choices":[{"damage_healed":0,"gold_gain":0,"player_choice":"Trade","damage_taken":0,"relics_obtained":["NlothsMask"],"max_hp_gain":0,"max_hp_loss":0,"event_name":"FaceTrader","floor":4,"gold_loss":0},{"damage_healed":0,"gold_gain":0,"player_choice":"Gave Potion","damage_taken":0,"relics_obtained":["Dream Catcher"],"max_hp_gain":0,"max_hp_loss":0,"event_name":"WeMeetAgain","floor":11,"gold_loss":0},{"damage_healed":0,"gold_gain":0,"player_choice":"Relic","damage_taken":0,"max_hp_gain":0,"max_hp_loss":0,"event_name":"Wheel of Change","floor":20,"gold_loss":0}],"is_beta":false,"boss_relics":[{"not_picked":["Busted Crown","Black Star"],"picked":"Philosopher\u0027s Stone"}],"items_purged_floors":[],"is_endless":false,"potions_floor_spawned":[1,3,8,12,14,16],"killed_by":"Centurion and Healer","ascension_level":0}