{"gold_per_floor":[114,128,141,141,66,66,79,79,103,129,129,45,64,94,106,194,206,231,254,280,292,304],"floor_reached":22,"playtime":511,"items_purged":["Strike_B"],"score":372,"play_id":"07500fda-dbf3-43b3-b815-e95b1893bf51","local_time":"20190618165941","is_ascension_mode":true,"campfire_choices":[{"data":"Zap","floor":6,"key":"SMITH"},{"data":"Dualcast","floor":8,"key":"SMITH"},{"data":"Turbo","floor":11,"key":"SMITH"},{"data":"Skim","floor":15,"key":"SMITH"}],"neow_cost":"NONE","seed_source_timestamp":1388068368441768,"circlet_count":0,"master_deck":["AscendersBane","Strike_B","Strike_B","Defend_B","Defend_B","Defend_B","Defend_B","Zap+1","Dualcast+1","Cold Snap","Turbo+1","BootSequence","Melter","Skim+1","Core Surge","Creative AI","Ball Lightning","Hologram","Compile Driver","Decay"],"relics":["Cracked Core","NeowsBlessing","Lantern","Vajra","MawBank","Sozu"],"potions_floor_usage":[16,16],"damage_taken":[{"damage":0,"enemies":"Cultist","floor":1,"turns":1},{"damage":0,"enemies":"Small Slimes","floor":2,"turns":1},{"damage":0,"enemies":"Jaw Worm","floor":3,"turns":1},{"damage":2,"enemies":"Red Slaver","floor":7,"turns":4},{"damage":0,"enemies":"3 Louse","floor":13,"turns":3},{"damage":26,"enemies":"3 Sentries","floor":14,"turns":9},{"damage":9,"enemies":"Hexaghost","floor":16,"turns":7},{"damage":9,"enemies":"3 Byrds","floor":18,"turns":5},{"damage":21,"enemies":"Chosen","floor":19,"turns":4},{"damage":24,"enemies":"Centurion and Healer","floor":20,"turns":6},{"damage":0,"enemies":"Snecko","floor":22,"turns":1}],"seed_played":"-6217903393057551295","potions_obtained":[{"floor":1,"key":"FocusPotion"},{"floor":3,"key":"PowerPotion"}],"is_trial":false,"path_per_floor":["M","M","M","?","$","R","M","R","T","T","R","$","M","E","R","B",null,"M","M","M","?","M"],"character_chosen":"DEFECT","items_purchased":["Melter"],"campfire_rested":0,"item_purchase_floors":[12],"current_hp_per_floor":[64,64,64,57,57,57,55,55,55,55,55,55,55,29,29,20,58,49,28,4,4,4],"gold":304,"neow_bonus":"THREE_ENEMY_KILL","is_prod":false,"is_daily":false,"chose_seed":false,"campfire_upgraded":4,"win_rate":0,"timestamp":1560848381,"path_taken":["M","?","M","?","$","R","M","R","T","?","R","$","M","E","R","BOSS","M","M","M","?","M"],"build_version":"2019-01-23","purchased_purges":1,"victory":false,"max_hp_per_floor":[71,71,71,71,71,71,71,71,71,71,71,71,71,71,71,71,71,71,71,71,71,71],"card_choices":[{"not_picked":["Doom and Gloom","Hello World","Steam Power"],"picked":"SKIP","floor":1},{"not_picked":["Redo","Double Energy"],"picked":"Cold Snap","floor":2},{"not_picked":["Barrage","Tempest"],"picked":"Turbo","floor":3},{"not_picked":["Compile Driver","Streamline"],"picked":"BootSequence","floor":7},{"not_picked":["Sweeping Beam","Fusion"],"picked":"Skim","floor":13},{"not_picked":["Redo","Glacier"],"picked":"Core Surge","floor":14},{"not_picked":["Buffer","Core Surge"],"picked":"Creative AI","floor":16},{"not_picked":["Redo","Lockon"],"picked":"Ball Lightning","floor":18},{"not_picked":["Hologram","Barrage","Go for the Eyes"],"picked":"SKIP","floor":19},{"not_picked":["Barrage","Go for the Eyes"],"picked":"Hologram","floor":19},{"not_picked":["Barrage","Sweeping Beam"],"picked":"Compile Driver","floor":20}],"player_experience":1926864,"relics_obtained":[{"floor":9,"key":"Lantern"},{"floor":10,"key":"Vajra"},{"floor":14,"key":"MawBank"}],"event_choices":[{"cards_removed":["Strike_B"],"damage_healed":0,"gold_gain":0,"player_choice":"Card Removal","damage_taken":7,"max_hp_gain":0,"max_hp_loss":0,"event_name":"Golden Wing","floor":4,"gold_loss":0},{"damage_healed":0,"gold_gain":0,"player_choice":"Smashed Altar","damage_taken":0,"max_hp_gain":0,"max_hp_loss":0,"event_name":"Forgotten Altar","floor":21,"gold_loss":0,"cards_obtained":["Decay"]}],"is_beta":false,"boss_relics":[{"not_picked":["Eternal Feather","Velvet Choker"],"picked":"Sozu"}],"items_purged_floors":[5],"is_endless":false,"potions_floor_spawned":[1,3,7,14,20],"killed_by":"Snecko","ascension_level":20}