{"gold_per_floor":[116,136,148,163,173,173,203,203,227,252,282,309,327,41,41,145,145,161,161,210,228,72,72,105,105,105,115,127,42,42,59,59,59],"floor_reached":33,"playtime":2498,"items_purged":[],"score":496,"play_id":"e3cb3413-ae2c-4cec-95aa-12436cdb4d09","local_time":"20180725150723","is_ascension_mode":true,"campfire_choices":[{"data":"Neutralize","floor":6,"key":"SMITH"},{"data":"Survivor","floor":8,"key":"SMITH"},{"data":"Terror","floor":15,"key":"SMITH"},{"data":"Bullet Time","floor":23,"key":"SMITH"},{"floor":30,"key":"REST"},{"data":"Grand Finale","floor":32,"key":"SMITH"}],"neow_cost":"NONE","seed_source_timestamp":345350552847658,"circlet_count":0,"master_deck":["Survivor+1","Neutralize+1","Quick Slash","Quick Slash","Backflip","Backflip+1","Grand Finale+1","Quick Slash","Infinite Blades","Terror+1","Predator","Infinite Blades+1","Underhanded Strike","Grand Finale","Bullet Time+1","Bane","Prepared","Underhanded Strike","Predator","Slice","Backflip","Bane","Poisoned Stab","Predator","Prepared","Writhe","Deflect+1","Well Laid Plans+1","Expertise","Expertise","Storm of Steel","Dagger Spray","Backflip+1","Die Die Die"],"relics":["HoveringKite","Bottled Lightning","Pen Nib","Dream Catcher","War Paint","Frozen Egg 2","DollysMirror","Pandora\u0027s Box","Letter Opener","Vajra","Turnip","Gremlin Horn","Centennial Puzzle"],"potions_floor_usage":[7,16,31,33],"damage_taken":[{"damage":3,"enemies":"Jaw Worm","floor":1,"turns":5},{"damage":4,"enemies":"Small Slimes","floor":2,"turns":3},{"damage":0,"enemies":"2 Louse","floor":3,"turns":3},{"damage":0,"enemies":"2 Fungi Beasts","floor":4,"turns":4},{"damage":9,"enemies":"Lots of Slimes","floor":5,"turns":6},{"damage":8,"enemies":"Gremlin Nob","floor":7,"turns":3},{"damage":16,"enemies":"3 Sentries","floor":10,"turns":10},{"damage":0,"enemies":"Lagavulin","floor":12,"turns":6},{"damage":0,"enemies":"Looter","floor":13,"turns":3},{"damage":0,"enemies":"Slime Boss","floor":16,"turns":9},{"damage":7,"enemies":"Shell Parasite","floor":18,"turns":3},{"damage":17,"enemies":"2 Thieves","floor":21,"turns":3},{"damage":13,"enemies":"Gremlin Leader","floor":24,"turns":4},{"damage":13,"enemies":"Snecko","floor":27,"turns":3},{"damage":0,"enemies":"Sentry and Sphere","floor":28,"turns":3},{"damage":4,"enemies":"Cultist and Chosen","floor":31,"turns":4},{"damage":28,"enemies":"Collector","floor":33,"turns":5}],"seed_played":"2917545347493763698","potions_obtained":[{"floor":4,"key":"GamblersBrew"},{"floor":10,"key":"Block Potion"},{"floor":16,"key":"SteroidPotion"},{"floor":21,"key":"Dexterity Potion"},{"floor":27,"key":"Fire Potion"},{"floor":31,"key":"FearPotion"}],"is_trial":false,"path_per_floor":["M","M","M","M","M","R","E","R","T","E","?","E","M","$","R","B",null,"M","?","T","M","$","R","E","?","T","M","M","?","R","M","R"],"character_chosen":"THE_SILENT","items_purchased":["Infinite Blades+1","Underhanded Strike","DollysMirror","Well Laid Plans+1","Expertise"],"campfire_rested":1,"item_purchase_floors":[14,14,14,22,22],"current_hp_per_floor":[60,56,56,56,47,47,39,39,39,23,23,23,23,23,23,23,58,51,51,51,34,34,34,21,21,21,8,8,8,29,25,25,0],"gold":59,"neow_bonus":"BOSS_RELIC","is_prod":false,"is_daily":false,"chose_seed":false,"campfire_upgraded":5,"win_rate":0,"timestamp":1532545643,"path_taken":["M","M","M","M","M","R","E","R","T","E","?","E","?","$","R","BOSS","M","?","?","M","$","R","E","?","T","M","?","?","R","M","R","BOSS"],"build_version":"2018-07-19v2","purchased_purges":0,"victory":false,"max_hp_per_floor":[70,70,70,70,70,70,70,70,70,70,70,70,70,70,70,70,70,70,70,70,70,70,70,70,70,70,70,70,70,70,70,70,70],"card_choices":[{"not_picked":["Deflect","Deadly Poison"],"picked":"Quick Slash","floor":1},{"not_picked":["Poisoned Stab","Calculated Gamble"],"picked":"Quick Slash","floor":2},{"not_picked":["Quick Slash","Well Laid Plans"],"picked":"Backflip","floor":3},{"not_picked":["Slice","Setup"],"picked":"Backflip","floor":4},{"not_picked":["Slice","Infinite Blades"],"picked":"Grand Finale","floor":5},{"not_picked":["Cloak And Dagger","Distraction"],"picked":"Quick Slash","floor":7},{"not_picked":["Acrobatics","Tools of the Trade"],"picked":"Infinite Blades","floor":10},{"not_picked":["Slice","Dodge and Roll"],"picked":"Terror","floor":12},{"not_picked":["Cloak And Dagger","Dash"],"picked":"Predator","floor":13},{"not_picked":["Die Die Die","Doppelganger"],"picked":"Bullet Time","floor":16},{"not_picked":["Slice+1","Poisoned Stab"],"picked":"Prepared","floor":18},{"not_picked":["Prepared","Skewer"],"picked":"Deflect+1","floor":21},{"not_picked":["Grand Finale","Dagger Throw"],"picked":"Expertise","floor":24},{"not_picked":["Bane","Flechettes+1","Masterful Stab"],"picked":"SKIP","floor":27},{"not_picked":["Bane","Deadly Poison+1"],"picked":"Dagger Spray","floor":28},{"not_picked":["Leg Sweep","Flechettes"],"picked":"Backflip+1","floor":30},{"not_picked":["Dagger Spray","Backflip"],"picked":"Die Die Die","floor":31}],"player_experience":313303,"relics_obtained":[{"floor":7,"key":"Bottled Lightning"},{"floor":9,"key":"Pen Nib"},{"floor":10,"key":"Dream Catcher"},{"floor":12,"key":"Frozen Egg 2"},{"floor":20,"key":"Vajra"},{"floor":24,"key":"Turnip"},{"floor":26,"key":"Gremlin Horn"}],"event_choices":[{"event_name":"Dead Adventurer","player_choice":"Searched \u00272\u0027 times","floor":11,"damage_taken":0},{"event_name":"The Mausoleum","player_choice":"Yes","floor":19,"damage_taken":0},{"event_name":"Transmorgrifier","player_choice":"Transform","floor":25,"damage_taken":0},{"event_name":"Addict","player_choice":"Obtained Relic","floor":29,"damage_taken":0}],"is_beta":false,"boss_relics":[{"not_picked":["Coffee Dripper","Velvet Choker"],"picked":"Pandora\u0027s Box"}],"items_purged_floors":[],"is_endless":false,"potions_floor_spawned":[4,10,16,21,27,31],"killed_by":"Collector","ascension_level":6}