{"gold_per_floor":[369,369,384,32,52,52,65,85,85,110,126,159,159,186,186,285,285,295,307,307,342,24,24,44,44,69,89,105,118,43,62,62,165,165,183,183,196,51,151,178,178,203,203,221,221,256,256,274,274,274,274,274,76,111,111],"floor_reached":55,"playtime":4151,"items_purged":["Defend_B"],"score":754,"play_id":"f24ac558-5671-4ef9-bef0-4eb02297b2da","local_time":"20190427181643","is_ascension_mode":false,"campfire_choices":[{"data":"Dualcast","floor":6,"key":"SMITH"},{"floor":15,"key":"REST"},{"floor":23,"key":"REST"},{"floor":25,"key":"REST"},{"floor":32,"key":"REST"},{"floor":41,"key":"REST"},{"floor":45,"key":"REST"},{"floor":47,"key":"REST"},{"floor":49,"key":"RECALL"},{"floor":52,"key":"REST"}],"neow_cost":"CURSE","seed_source_timestamp":110529760124531,"circlet_count":0,"master_deck":["Strike_B","Strike_B","Strike_B","Defend_B","Defend_B","Zap","Dualcast+1","BootSequence","Force Field","BootSequence","Cold Snap","Core Surge","Static Discharge","Loop","Amplify","BootSequence","Chill","Glacier","Scrape","Ball Lightning+1","Capacitor+1","Blizzard+1","Defragment+1","Creative AI+1","Conserve Battery+1","Mayhem+1","Go for the Eyes+1","Creative AI+1","Glacier","Turbo+1","Loop+1","Buffer+1"],"relics":["Cracked Core","Strange Spoon","Omamori","Symbiotic Virus","Centennial Puzzle","Mango","Vajra","White Beast Statue","Red Mask","Frozen Egg 2","Fusion Hammer","Regal Pillow","WingedGreaves","Happy Flower","Cables","Mummified Hand","Blood Vial"],"potions_floor_usage":[12,12,12,16,27,28,28,31,33,33,33,37,40,44,46,50,54,54],"damage_taken":[{"damage":5,"enemies":"Small Slimes","floor":1,"turns":3},{"damage":1,"enemies":"Cultist","floor":3,"turns":4},{"damage":1,"enemies":"Jaw Worm","floor":5,"turns":3},{"damage":11,"enemies":"Blue Slaver","floor":7,"turns":4},{"damage":5,"enemies":"Looter","floor":8,"turns":3},{"damage":25,"enemies":"Lagavulin","floor":10,"turns":6},{"damage":7,"enemies":"3 Louse","floor":11,"turns":3},{"damage":14,"enemies":"Gremlin Nob","floor":12,"turns":3},{"damage":18,"enemies":"3 Sentries","floor":14,"turns":8},{"damage":17,"enemies":"The Guardian","floor":16,"turns":11},{"damage":10,"enemies":"Spheric Guardian","floor":18,"turns":3},{"damage":22,"enemies":"3 Byrds","floor":19,"turns":6},{"damage":38,"enemies":"Masked Bandits","floor":21,"turns":5},{"damage":21,"enemies":"Snake Plant","floor":24,"turns":5},{"damage":8,"enemies":"Centurion and Healer","floor":27,"turns":7},{"damage":17,"enemies":"Sentry and Sphere","floor":28,"turns":6},{"damage":14,"enemies":"Chosen and Byrds","floor":29,"turns":8},{"damage":5,"enemies":"3 Cultists","floor":31,"turns":4},{"damage":4,"enemies":"Champ","floor":33,"turns":13},{"damage":0,"enemies":"3 Shapes","floor":35,"turns":7},{"damage":44,"enemies":"3 Darklings","floor":37,"turns":5},{"damage":24,"enemies":"Reptomancer","floor":40,"turns":8},{"damage":17,"enemies":"Giant Head","floor":42,"turns":13},{"damage":24,"enemies":"Jaw Worm Horde","floor":44,"turns":5},{"damage":20,"enemies":"Nemesis","floor":46,"turns":7},{"damage":0,"enemies":"Transient","floor":48,"turns":5},{"damage":6,"enemies":"Time Eater","floor":50,"turns":14},{"damage":29,"enemies":"Shield and Spear","floor":54,"turns":8},{"damage":72,"enemies":"The Heart","floor":55,"turns":3}],"seed_played":"-4257914612258540779","potions_obtained":[{"floor":1,"key":"AttackPotion"},{"floor":2,"key":"Fire Potion"},{"floor":2,"key":"Swift Potion"},{"floor":7,"key":"Fire Potion"},{"floor":14,"key":"AttackPotion"},{"floor":18,"key":"PowerPotion"},{"floor":19,"key":"Energy Potion"},{"floor":21,"key":"Block Potion"},{"floor":27,"key":"SpeedPotion"},{"floor":28,"key":"Explosive Potion"},{"floor":29,"key":"Dexterity Potion"},{"floor":31,"key":"Weak Potion"},{"floor":33,"key":"PowerPotion"},{"floor":35,"key":"Strength Potion"},{"floor":37,"key":"FocusPotion"},{"floor":40,"key":"Ancient Potion"},{"floor":42,"key":"Regen Potion"},{"floor":44,"key":"SkillPotion"},{"floor":46,"key":"FocusPotion"},{"floor":54,"key":"FearPotion"}],"is_trial":false,"path_per_floor":["M","?","M","$","M","R","M","M","T","E","M","E","?","E","R","B",null,"M","M","?","?","$","R","M","R","T","M","M","M","?","M","R","B",null,"M","?","M","$","?","E","R","E","T","M","R","E","R","M","R","B",null,"R","$","E","B"],"character_chosen":"DEFECT","items_purchased":["Strange Spoon","Omamori","Frozen Egg 2","Capacitor+1","Regal Pillow","PowerPotion","Loop+1"],"campfire_rested":8,"item_purchase_floors":[4,4,22,22,38,53,53],"current_hp_per_floor":[70,70,69,69,68,68,57,52,52,27,20,20,49,31,57,40,89,79,57,57,19,19,45,24,50,50,42,25,11,11,6,32,28,89,89,89,45,45,45,21,62,45,45,33,74,54,89,89,89,83,89,89,89,60,0],"gold":111,"neow_bonus":"TWO_FIFTY_GOLD","is_prod":false,"is_daily":false,"chose_seed":false,"campfire_upgraded":1,"win_rate":0,"timestamp":1556403403,"path_taken":["M","?","M","$","?","R","?","M","T","E","M","E","?","E","R","BOSS","M","M","?","?","?","R","?","R","T","M","M","M","?","M","R","BOSS","M","?","M","$","?","E","R","E","T","?","R","E","R","M","R","BOSS","R","$","E","BOSS"],"build_version":"2019-01-23","purchased_purges":1,"victory":false,"max_hp_per_floor":[75,75,75,75,75,75,75,75,75,75,75,89,89,89,89,89,89,89,89,89,89,89,89,89,89,89,89,89,89,89,89,89,89,89,89,89,89,89,89,89,89,89,89,89,89,89,89,89,89,89,89,89,89,89,89],"card_choices":[{"not_picked":["Chill","Undo"],"picked":"BootSequence","floor":1},{"not_picked":["Lockon","Beam Cell"],"picked":"Force Field","floor":3},{"not_picked":["Sweeping Beam","Leap","Rebound"],"picked":"SKIP","floor":5},{"not_picked":["FTL","Go for the Eyes"],"picked":"BootSequence","floor":7},{"not_picked":["Fusion","Sweeping Beam"],"picked":"Cold Snap","floor":8},{"not_picked":["Steam","Leap"],"picked":"Core Surge","floor":10},{"not_picked":["Rebound","Leap","Beam Cell"],"picked":"SKIP","floor":11},{"not_picked":["Turbo","Reprogram"],"picked":"Static Discharge","floor":12},{"not_picked":["Cold Snap","Stack"],"picked":"Loop","floor":14},{"not_picked":["Machine Learning","Hyperbeam"],"picked":"Amplify","floor":16},{"not_picked":["Stack","Compile Driver+1"],"picked":"BootSequence","floor":18},{"not_picked":["Beam Cell","Auto Shields"],"picked":"Chill","floor":19},{"not_picked":["Rip and Tear","Compile Driver+1"],"picked":"Ball Lightning+1","floor":21},{"not_picked":["Beam Cell","Steam Power"],"picked":"Blizzard+1","floor":24},{"not_picked":["Ball Lightning","Leap+1"],"picked":"Defragment+1","floor":27},{"not_picked":["Beam Cell","Redo","Leap+1"],"picked":"SKIP","floor":28},{"not_picked":["Rebound","Rainbow","Barrage"],"picked":"SKIP","floor":29},{"not_picked":["Streamline","Auto Shields","Turbo"],"picked":"SKIP","floor":31},{"not_picked":["Amplify","Hyperbeam"],"picked":"Creative AI+1","floor":33},{"not_picked":["Rip and Tear+1","Beam Cell"],"picked":"Conserve Battery+1","floor":35},{"not_picked":["Finesse","Forethought"],"picked":"Mayhem+1","floor":36},{"not_picked":["Sweeping Beam+1","Skim"],"picked":"Go for the Eyes+1","floor":37},{"not_picked":["Stack","Barrage"],"picked":"Creative AI+1","floor":40},{"not_picked":["Rebound","Doom and Gloom+1","Fusion"],"picked":"SKIP","floor":42},{"not_picked":["Auto Shields+1","Force Field"],"picked":"Glacier","floor":44},{"not_picked":["Compile Driver","Steam","Go for the Eyes"],"picked":"SKIP","floor":46},{"not_picked":["Chaos","Gash+1"],"picked":"Turbo+1","floor":48},{"not_picked":["Hologram+1","Ball Lightning+1"],"picked":"Buffer+1","floor":54}],"player_experience":913700,"relics_obtained":[{"floor":9,"key":"Symbiotic Virus"},{"floor":10,"key":"Centennial Puzzle"},{"floor":12,"key":"Mango"},{"floor":14,"key":"Vajra"},{"floor":21,"key":"Red Mask"},{"floor":40,"key":"WingedGreaves"},{"floor":42,"key":"Happy Flower"},{"floor":43,"key":"Cables"},{"floor":46,"key":"Mummified Hand"},{"floor":54,"key":"Blood Vial"}],"event_choices":[{"damage_healed":0,"gold_gain":0,"player_choice":"Got Potions","damage_taken":0,"max_hp_gain":0,"max_hp_loss":0,"event_name":"Lab","floor":2,"gold_loss":0},{"damage_healed":29,"gold_gain":0,"player_choice":"Banana","damage_taken":0,"max_hp_gain":0,"max_hp_loss":0,"event_name":"Big Fish","floor":13,"gold_loss":0},{"damage_healed":0,"gold_gain":0,"cards_transformed":["Defend_B","Strike_B"],"player_choice":"Became Test Subject","damage_taken":0,"max_hp_gain":0,"max_hp_loss":0,"event_name":"Drug Dealer","floor":20,"gold_loss":0,"cards_obtained":["Glacier","Scrape"]},{"damage_healed":0,"gold_gain":0,"player_choice":"Fought Bandits","damage_taken":0,"max_hp_gain":0,"max_hp_loss":0,"event_name":"Masked Bandits","floor":21,"gold_loss":0},{"cards_removed":["Writhe"],"damage_healed":0,"gold_gain":0,"player_choice":"Gave Gold","damage_taken":0,"max_hp_gain":0,"max_hp_loss":0,"event_name":"Beggar","floor":30,"gold_loss":75},{"damage_healed":0,"gold_gain":0,"player_choice":"Memory 1","damage_taken":0,"max_hp_gain":0,"max_hp_loss":0,"event_name":"SensoryStone","floor":36,"gold_loss":0},{"damage_healed":0,"gold_gain":100,"player_choice":"Pray","damage_taken":0,"max_hp_gain":0,"max_hp_loss":0,"event_name":"Golden Shrine","floor":39,"gold_loss":0}],"is_beta":false,"boss_relics":[{"not_picked":["Coffee Dripper","Tiny House"],"picked":"White Beast Statue"},{"not_picked":["Nuclear Battery","Astrolabe"],"picked":"Fusion Hammer"}],"items_purged_floors":[53],"is_endless":false,"potions_floor_spawned":[1,5,7,8,14,18,19,21,24,27,28,29,31,33,35,37,40,42,44,46,48,54],"killed_by":"The Heart","ascension_level":0}