{"gold_per_floor":[19,19,36,36,36,36,52,52,52,64,64,64,94,112,112,184,184,196,27,27,47,47,47,65,65,91,91,61,61,80,130,130,206,206,224,234,252,252,265,265,285,318,330,392,422,448,492,66,66,66,66,66,66,12,41,41],"floor_reached":57,"playtime":2798,"items_purged":["Strike_B","Rebound"],"score":2699,"play_id":"107792a2-c397-4a58-8c27-7ec020e179df","local_time":"20190710154058","is_ascension_mode":true,"campfire_choices":[{"data":"Coolheaded","floor":6.0,"key":"SMITH"},{"data":"Zap","floor":8.0,"key":"SMITH"},{"data":"Consume","floor":12.0,"key":"SMITH"},{"data":"Turbo","floor":15.0,"key":"SMITH"},{"floor":23.0,"key":"REST"},{"data":"Turbo","floor":25.0,"key":"SMITH"},{"data":"Defragment","floor":27.0,"key":"SMITH"},{"data":"Defragment","floor":29.0,"key":"SMITH"},{"data":"Dualcast","floor":32.0,"key":"SMITH"},{"data":"Skim","floor":40.0,"key":"SMITH"},{"floor":49.0,"key":"RECALL"},{"data":"Double Energy","floor":53.0,"key":"SMITH"}],"neow_cost":"NO_GOLD","seed_source_timestamp":1306872726433457,"circlet_count":0,"master_deck":["AscendersBane","Zap+1","Dualcast+1","Coolheaded+1","Lockon","Turbo+1","Conserve Battery","Consume+1","Creative AI","Core Surge","Go for the Eyes+1","Defragment+1","Defragment+1","Skim+1","Turbo+1","Skim","Meteor Strike","Meteor Strike","Reboot","Double Energy+1","Sunder","Reinforced Body+1","Tempest+1","Reboot","Fusion+1","Loop+1","Heatsinks"],"special_seed":0,"relics":["Cracked Core","Vajra","Matryoshka","Dream Catcher","Runic Pyramid","Enchiridion","Bag of Marbles","Potion Belt","Pandora\u0027s Box","MawBank","Art of War","Pantograph","Oddly Smooth Stone"],"potions_floor_usage":[56],"damage_taken":[{"damage":9.0,"enemies":"Jaw Worm","floor":1.0,"turns":4.0},{"damage":6.0,"enemies":"Small Slimes","floor":3.0,"turns":3.0},{"damage":0.0,"enemies":"Cultist","floor":7.0,"turns":2.0},{"damage":0.0,"enemies":"Looter","floor":10.0,"turns":2.0},{"damage":6.0,"enemies":"Gremlin Nob","floor":13.0,"turns":3.0},{"damage":0.0,"enemies":"Gremlin Gang","floor":14.0,"turns":2.0},{"damage":7.0,"enemies":"Hexaghost","floor":16.0,"turns":9.0},{"damage":10.0,"enemies":"Spheric Guardian","floor":18.0,"turns":4.0},{"damage":2.0,"enemies":"Chosen","floor":21.0,"turns":4.0},{"damage":21.0,"enemies":"Shelled Parasite and Fungi","floor":24.0,"turns":9.0},{"damage":0.0,"enemies":"Chosen and Byrds","floor":30.0,"turns":5.0},{"damage":0.0,"enemies":"Automaton","floor":33.0,"turns":8.0},{"damage":0.0,"enemies":"3 Darklings","floor":35.0,"turns":2.0},{"damage":0.0,"enemies":"3 Shapes","floor":36.0,"turns":1.0},{"damage":0.0,"enemies":"Transient","floor":37.0,"turns":6.0},{"damage":8.0,"enemies":"Writhing Mass","floor":39.0,"turns":5.0},{"damage":2.0,"enemies":"Maw","floor":41.0,"turns":5.0},{"damage":0.0,"enemies":"Giant Head","floor":42.0,"turns":5.0},{"damage":0.0,"enemies":"Transient","floor":45.0,"turns":6.0},{"damage":0.0,"enemies":"3 Darklings","floor":46.0,"turns":1.0},{"damage":2.0,"enemies":"Nemesis","floor":47.0,"turns":5.0},{"damage":47.0,"enemies":"Donu and Deca","floor":50.0,"turns":8.0},{"damage":43.0,"enemies":"Time Eater","floor":51.0,"turns":12.0},{"damage":33.0,"enemies":"Shield and Spear","floor":55.0,"turns":6.0},{"damage":47,"enemies":"The Heart","floor":56,"turns":11}],"seed_played":"-5448730239789343624","potions_obtained":[{"floor":1.0,"key":"PowerPotion"},{"floor":3.0,"key":"Ancient Potion"},{"floor":21.0,"key":"AttackPotion"},{"floor":28.0,"key":"FairyPotion"},{"floor":28.0,"key":"Strength Potion"},{"floor":30.0,"key":"Swift Potion"},{"floor":33.0,"key":"EssenceOfSteel"},{"floor":35.0,"key":"Strength Potion"},{"floor":37.0,"key":"Block Potion"},{"floor":41.0,"key":"Fire Potion"}],"is_trial":false,"path_per_floor":["M","?","M","?","$","R","M","R","T","M","$","R","E","M","R","B",null,"M","$","?","M","$","R","M","R","T","R","?","R","M","?","R","B",null,"M","M","M","?","M","R","M","E","T","?","M","M","E","$","R","B","B",null,"R","$","E","B",null],"character_chosen":"DEFECT","items_purchased":["Defragment","Hologram","Pantograph","PowerPotion","SpeedPotion"],"campfire_rested":1,"item_purchase_floors":[19,19,48,48,54],"current_hp_per_floor":[55,55,49,23,23,23,23,23,23,23,23,23,17,17,17,10,56,46,46,25,23,23,44,23,23,23,23,23,23,23,23,23,23,59,59,59,59,59,51,51,49,49,49,49,49,49,47,47,47,24,6,55,55,55,22,7],"gold":41,"neow_bonus":"REMOVE_TWO","is_prod":false,"is_daily":false,"chose_seed":false,"campfire_upgraded":10,"win_rate":0,"timestamp":1562744458,"path_taken":["M","?","M","?","$","R","M","R","T","M","$","R","E","?","R","BOSS","M","$","?","M","$","R","M","R","T","R","?","R","?","?","R","BOSS","M","M","?","?","M","R","M","E","T","?","M","?","E","?","R","BOSS","BOSS","R","$","E","BOSS"],"build_version":"2019-07-05","purchased_purges":2,"victory":true,"max_hp_per_floor":[71,71,71,71,71,71,71,71,71,71,71,71,71,71,71,71,71,71,71,71,71,71,71,71,71,71,71,71,71,71,71,71,71,71,71,71,71,71,71,71,71,71,71,71,71,71,71,71,71,71,71,71,71,71,71,71],"card_choices":[{"not_picked":["Genetic Algorithm","Tempest"],"picked":"Coolheaded","floor":1.0},{"not_picked":["Stack","Streamline"],"picked":"Turbo","floor":3.0},{"not_picked":["Steam","Sweeping Beam"],"picked":"Conserve Battery","floor":7.0},{"not_picked":["Streamline","Compile Driver"],"picked":"Consume","floor":10.0},{"not_picked":["Turbo","Doom and Gloom","Steam"],"picked":"SKIP","floor":13.0},{"not_picked":["Sweeping Beam","Leap"],"picked":"Creative AI","floor":14.0},{"not_picked":["Electrodynamics","Buffer"],"picked":"Core Surge","floor":16.0},{"not_picked":["Beam Cell","Sweeping Beam"],"picked":"Go for the Eyes+1","floor":18.0},{"not_picked":["Conserve Battery","Steam+1"],"picked":"Defragment","floor":21.0},{"not_picked":["Reprogram","Rebound"],"picked":"Skim","floor":23.0},{"not_picked":["Melter","Hello World"],"picked":"Turbo","floor":24.0},{"not_picked":["Ball Lightning","Stack"],"picked":"Skim","floor":30.0},{"not_picked":["Hyperbeam","Fission"],"picked":"Meteor Strike","floor":33.0},{"not_picked":["Steam","Sweeping Beam+1"],"picked":"Sunder","floor":35.0},{"not_picked":["Redo","Skim"],"picked":"Reinforced Body+1","floor":36.0},{"not_picked":["Go for the Eyes","Chill+1","Rebound+1"],"picked":"SKIP","floor":37.0},{"not_picked":["Go for the Eyes","Chill+1","Rebound+1"],"picked":"SKIP","floor":37.0},{"not_picked":["Barrage","Leap"],"picked":"Tempest+1","floor":39.0},{"not_picked":["FTL","Gash"],"picked":"Reboot","floor":41.0},{"not_picked":["Turbo","Doom and Gloom+1","FTL+1"],"picked":"SKIP","floor":42.0},{"not_picked":["Coolheaded","Gash","Sweeping Beam"],"picked":"SKIP","floor":45.0},{"not_picked":["Compile Driver","Double Energy"],"picked":"Fusion+1","floor":46.0},{"not_picked":["Blizzard","FTL"],"picked":"Loop+1","floor":47.0},{"not_picked":["Streamline","Redo+1"],"picked":"Heatsinks","floor":55.0}],"player_experience":2010660,"relics_obtained":[{"floor":9.0,"key":"Matryoshka"},{"floor":13.0,"key":"Dream Catcher"},{"floor":20.0,"key":"Enchiridion"},{"floor":26.0,"key":"Bag of Marbles"},{"floor":26.0,"key":"Potion Belt"},{"floor":42.0,"key":"MawBank"},{"floor":43.0,"key":"Art of War"},{"floor":55.0,"key":"Oddly Smooth Stone"}],"event_choices":[{"damage_healed":0.0,"max_hp_gain":0.0,"max_hp_loss":0.0,"gold_gain":0.0,"cards_transformed":["Strike_B"],"event_name":"Living Wall","player_choice":"Change","floor":2.0,"gold_loss":0.0,"damage_taken":0.0,"cards_obtained":["Lockon"]},{"damage_healed":0.0,"max_hp_gain":0.0,"max_hp_loss":0.0,"gold_gain":0.0,"event_name":"Scrap Ooze","player_choice":"Success","floor":4.0,"gold_loss":0.0,"damage_taken":26.0,"relics_obtained":["Vajra"]},{"damage_healed":0.0,"max_hp_gain":0.0,"max_hp_loss":0.0,"gold_gain":0.0,"event_name":"Cursed Tome","player_choice":"Obtained Book","floor":20.0,"gold_loss":0.0,"damage_taken":21.0},{"damage_healed":0.0,"max_hp_gain":0.0,"max_hp_loss":0.0,"gold_gain":0.0,"event_name":"The Woman in Blue","player_choice":"Bought 2 Potions","floor":28.0,"gold_loss":0.0,"damage_taken":0.0},{"damage_healed":0.0,"max_hp_gain":0.0,"max_hp_loss":0.0,"gold_gain":50.0,"event_name":"Golden Shrine","player_choice":"Pray","floor":31.0,"gold_loss":0.0,"damage_taken":0.0},{"cards_removed":["Hologram"],"damage_healed":0.0,"max_hp_gain":0.0,"max_hp_loss":0.0,"gold_gain":0.0,"event_name":"Falling","player_choice":"Removed Skill","floor":38.0,"gold_loss":0.0,"damage_taken":0.0},{"damage_healed":0.0,"max_hp_gain":0.0,"max_hp_loss":0.0,"gold_gain":50.0,"event_name":"Golden Shrine","player_choice":"Pray","floor":44.0,"gold_loss":0.0,"damage_taken":0.0}],"is_beta":false,"boss_relics":[{"not_picked":["Ectoplasm","Orrery"],"picked":"Runic Pyramid"},{"not_picked":["Eternal Feather","Velvet Choker"],"picked":"Pandora\u0027s Box"}],"items_purged_floors":[19,48],"is_endless":false,"potions_floor_spawned":[1,3,10,21,30,33,35,36,37,41],"ascension_level":20}