{"gold_per_floor":[115,127,144,74,87,122,122,154,178,192,211,211,211,235,235,361,424,449,469,469,469,489,489,513,538,538,556,556,571,602,625,625,749,749,762,332,351,48,0,0],"floor_reached":40,"playtime":2472,"items_purged":[],"score":424,"play_id":"f9d773d0-ab99-4e76-8dcb-d671ba2a60fb","local_time":"20190423194615","is_ascension_mode":false,"campfire_choices":[{"floor":12.0,"key":"REST"},{"floor":15.0,"key":"REST"},{"floor":23.0,"key":"REST"},{"floor":28.0,"key":"REST"},{"floor":32.0,"key":"REST"}],"neow_cost":"NONE","seed_source_timestamp":91715139822667,"circlet_count":0,"master_deck":["Strike_B","Strike_B","Strike_B","Strike_B","Defend_B","Defend_B","Defend_B","Zap","Dualcast","Streamline","Reprogram","Gash","Gash","Defragment","Glacier+1","Cold Snap","Self Repair","White Noise","Conserve Battery","Echo Form","Blizzard","Gash","Cold Snap","All For One","Electrodynamics","Conserve Battery+1","Electrodynamics","Aggregate+1","Electrodynamics"],"special_seed":0,"relics":["Cracked Core","Bronze Scales","Pen Nib","Omamori","Golden Idol","Nilry\u0027s Codex","Nloth\u0027s Gift","Gremlin Horn","Bag of Preparation","Philosopher\u0027s Stone","OrangePellets","Lantern","Regal Pillow","Red Mask"],"potions_floor_usage":[],"damage_taken":[{"damage":0.0,"enemies":"Cultist","floor":1.0,"turns":2.0},{"damage":0.0,"enemies":"2 Louse","floor":2.0,"turns":1.0},{"damage":0.0,"enemies":"Small Slimes","floor":3.0,"turns":2.0},{"damage":5.0,"enemies":"Exordium Thugs","floor":5.0,"turns":4.0},{"damage":7.0,"enemies":"3 Sentries","floor":6.0,"turns":6.0},{"damage":40.0,"enemies":"Lagavulin","floor":8.0,"turns":5.0},{"damage":16.0,"enemies":"Lots of Slimes","floor":10.0,"turns":3.0},{"damage":5.0,"enemies":"Blue Slaver","floor":11.0,"turns":2.0},{"damage":2.0,"enemies":"Red Slaver","floor":14.0,"turns":4.0},{"damage":19.0,"enemies":"Hexaghost","floor":16.0,"turns":9.0},{"damage":12.0,"enemies":"Chosen","floor":18.0,"turns":5.0},{"damage":15.0,"enemies":"3 Byrds","floor":19.0,"turns":4.0},{"damage":27.0,"enemies":"Snake Plant","floor":22.0,"turns":5.0},{"damage":6.0,"enemies":"Cultist and Chosen","floor":24.0,"turns":5.0},{"damage":5.0,"enemies":"Snecko","floor":25.0,"turns":6.0},{"damage":1.0,"enemies":"Centurion and Healer","floor":27.0,"turns":8.0},{"damage":0.0,"enemies":"3 Cultists","floor":29.0,"turns":4.0},{"damage":50.0,"enemies":"Slavers","floor":30.0,"turns":6.0},{"damage":14.0,"enemies":"Snake Plant","floor":31.0,"turns":5.0},{"damage":33.0,"enemies":"Collector","floor":33.0,"turns":11.0},{"damage":24.0,"enemies":"Orb Walker","floor":35.0,"turns":3.0},{"damage":6,"enemies":"3 Shapes","floor":37,"turns":2},{"damage":75,"enemies":"Giant Head","floor":40,"turns":9}],"seed_played":"3851715110243182784","potions_obtained":[{"floor":1.0,"key":"LiquidBronze"},{"floor":10.0,"key":"Fire Potion"},{"floor":11.0,"key":"SteroidPotion"},{"floor":16.0,"key":"SpeedPotion"},{"floor":17.0,"key":"Ancient Potion"},{"floor":22.0,"key":"Explosive Potion"},{"floor":25.0,"key":"Swift Potion"},{"floor":29.0,"key":"Strength Potion"},{"floor":37,"key":"Dexterity Potion"}],"is_trial":false,"path_per_floor":["M","M","M","$","M","E","$","E","T","M","M","R","?","M","R","B",null,"M","M","?","?","M","R","M","M","T","M","R","M","E","M","R","B",null,"M","$","M","$","?","E"],"character_chosen":"DEFECT","items_purchased":["Defragment","OrangePellets","Lantern","Electrodynamics","Regal Pillow","Electrodynamics"],"campfire_rested":5,"item_purchase_floors":[4,36,36,36,38,38],"current_hp_per_floor":[75,75,75,75,70,63,63,23,23,7,2,24,24,36,58,46,80,68,53,37,37,17,41,42,44,44,50,74,80,30,16,40,14,80,63,63,57,57,57,0],"gold":0,"neow_bonus":"TRANSFORM_CARD","is_prod":false,"is_daily":false,"chose_seed":false,"campfire_upgraded":0,"win_rate":0,"timestamp":1556063175,"path_taken":["M","M","?","$","M","E","$","E","T","M","M","R","?","M","R","BOSS","M","M","?","?","M","R","?","M","T","M","R","?","E","M","R","BOSS","M","$","?","$","?","E"],"build_version":"2019-01-23","purchased_purges":0,"victory":false,"max_hp_per_floor":[75,75,75,75,75,75,75,75,75,75,75,75,75,75,75,75,80,80,80,80,80,80,80,80,80,80,80,80,80,80,80,80,80,80,80,80,80,80,80,80],"card_choices":[{"not_picked":["Redo","Double Energy"],"picked":"Reprogram","floor":1.0},{"not_picked":["Force Field","Streamline"],"picked":"Gash","floor":2.0},{"not_picked":["Go for the Eyes","Conserve Battery"],"picked":"Gash","floor":3.0},{"not_picked":["Reinforced Body","Chaos"],"picked":"Glacier","floor":5.0},{"not_picked":["Leap","Redo","Go for the Eyes"],"picked":"SKIP","floor":6.0},{"not_picked":["Rainbow","Steam"],"picked":"Cold Snap","floor":8.0},{"not_picked":["Loop","Cold Snap"],"picked":"Self Repair","floor":10.0},{"not_picked":["Rebound","Tempest"],"picked":"White Noise","floor":11.0},{"not_picked":["Chaos","Sweeping Beam"],"picked":"Conserve Battery","floor":14.0},{"not_picked":["Amplify","Meteor Strike"],"picked":"Echo Form","floor":16.0},{"not_picked":["Hello World","Scrape"],"picked":"Blizzard","floor":17.0},{"not_picked":["Steam","Sunder","Rebound"],"picked":"SKIP","floor":18.0},{"not_picked":["FTL","Darkness","Reinforced Body"],"picked":"SKIP","floor":19.0},{"not_picked":["Rebound","Beam Cell","Tempest+1"],"picked":"SKIP","floor":22.0},{"not_picked":["Go for the Eyes+1","Reprogram+1"],"picked":"Gash","floor":24.0},{"not_picked":["Hello World","Compile Driver","Rebound"],"picked":"SKIP","floor":25.0},{"not_picked":["Redo","Darkness"],"picked":"Cold Snap","floor":27.0},{"not_picked":["Multi-Cast","Hologram+1","Redo"],"picked":"SKIP","floor":29.0},{"not_picked":["Leap","Amplify"],"picked":"All For One","floor":30.0},{"not_picked":["Rainbow","Conserve Battery"],"picked":"Electrodynamics","floor":31.0},{"not_picked":["Steam","Hyperbeam"],"picked":"Conserve Battery+1","floor":35.0},{"not_picked":["Redo+1","Leap"],"picked":"Aggregate+1","floor":37}],"player_experience":890419,"relics_obtained":[{"floor":6.0,"key":"Bronze Scales"},{"floor":8.0,"key":"Pen Nib"},{"floor":9.0,"key":"Omamori"},{"floor":20.0,"key":"Nilry\u0027s Codex"},{"floor":26.0,"key":"Gremlin Horn"},{"floor":30.0,"key":"Bag of Preparation"}],"event_choices":[{"damage_healed":0.0,"max_hp_gain":0.0,"max_hp_loss":0.0,"gold_gain":0.0,"event_name":"Golden Idol","player_choice":"Take Wound","floor":13.0,"gold_loss":0.0,"damage_taken":0.0,"relics_obtained":["Golden Idol"],"cards_obtained":["Injury"]},{"damage_healed":0.0,"max_hp_gain":0.0,"max_hp_loss":0.0,"gold_gain":0.0,"event_name":"Cursed Tome","player_choice":"Obtained Book","floor":20.0,"gold_loss":0.0,"damage_taken":16.0},{"damage_healed":0.0,"max_hp_gain":0.0,"max_hp_loss":0.0,"gold_gain":0.0,"event_name":"N\u0027loth","player_choice":"Traded Relic","floor":21.0,"relics_lost":["Tiny House"],"gold_loss":0.0,"damage_taken":0.0,"relics_obtained":["Nloth\u0027s Gift"]},{"damage_healed":0,"gold_gain":0,"player_choice":"Paid","damage_taken":0,"relics_obtained":["Red Mask"],"max_hp_gain":0,"max_hp_loss":0,"event_name":"Tomb of Lord Red Mask","floor":39,"gold_loss":48}],"is_beta":false,"boss_relics":[{"not_picked":["Coffee Dripper","Fusion Hammer"],"picked":"Tiny House"},{"not_picked":["Runic Dome","Astrolabe"],"picked":"Philosopher\u0027s Stone"}],"items_purged_floors":[],"is_endless":false,"potions_floor_spawned":[1,10,11,16,22,25,29,37],"killed_by":"Giant Head","ascension_level":0}