{"gold_per_floor":[113,128,128,128,31,71,95,95,95,20,59,84,97,118,118,246,246,260,38,51,28,28,28,52,52,131,55,96,96,117,136,136,136],"floor_reached":33,"playtime":1611,"items_purged":["Injury"],"score":418,"play_id":"ba1d680d-1b5f-4ea2-b9ad-5543e5a4426a","local_time":"20190805000439","is_ascension_mode":true,"campfire_choices":[{"data":"Dramatic Entrance","floor":8,"key":"SMITH"},{"floor":15,"key":"REST"},{"data":"Discovery","floor":23,"key":"SMITH"},{"data":"Double Tap","floor":29,"key":"SMITH"},{"floor":32,"key":"REST"}],"neow_cost":"NONE","seed_source_timestamp":863433684858100,"circlet_count":0,"master_deck":["Bash","Clash","Armaments","Dramatic Entrance+1","Headbutt","Hemokinesis","Heavy Blade","Twin Strike","Pummel","Iron Wave","Double Tap+1","Power Through","Feed","Clash","Perfected Strike","Ghostly Armor","Pommel Strike","Spot Weakness","Warcry","Havoc","Shrug It Off","Discovery+1","Fire Breathing+1","Flex","Evolve+1","Good Instincts","Sword Boomerang+1"],"relics":["Burning Blood","NeowsBlessing","Golden Idol","Self Forming Clay","Ornamental Fan","Happy Flower","Pandora\u0027s Box","The Courier","Strawberry"],"potions_floor_usage":[16,16,16,28,28,28,33],"damage_taken":[{"damage":0,"enemies":"Jaw Worm","floor":1,"turns":1},{"damage":0,"enemies":"2 Louse","floor":2,"turns":1},{"damage":0,"enemies":"3 Sentries","floor":6,"turns":1},{"damage":0,"enemies":"Cultist","floor":7,"turns":3},{"damage":40,"enemies":"Gremlin Nob","floor":11,"turns":5},{"damage":10,"enemies":"2 Fungi Beasts","floor":12,"turns":3},{"damage":23,"enemies":"Exordium Wildlife","floor":13,"turns":3},{"damage":4,"enemies":"Blue Slaver","floor":14,"turns":2},{"damage":22,"enemies":"Hexaghost","floor":16,"turns":8},{"damage":3,"enemies":"Spheric Guardian","floor":18,"turns":3},{"damage":10,"enemies":"3 Byrds","floor":20,"turns":5},{"damage":16,"enemies":"Snake Plant","floor":24,"turns":3},{"damage":38,"enemies":"Gremlin Leader","floor":28,"turns":7},{"damage":0,"enemies":"Centurion and Healer","floor":30,"turns":2},{"damage":30,"enemies":"Snecko","floor":31,"turns":4},{"damage":77,"enemies":"Champ","floor":33,"turns":11}],"seed_played":"-2498245205997730080","potions_obtained":[{"floor":6,"key":"Block Potion"},{"floor":7,"key":"Energy Potion"},{"floor":13,"key":"SteroidPotion"},{"floor":20,"key":"Weak Potion"},{"floor":31,"key":"SkillPotion"}],"is_trial":false,"path_per_floor":["M","M","?","?","$","E","M","R","T","$","E","M","M","M","R","B",null,"M","$","M","$","?","R","M","$","T","$","E","R","M","M","R","B"],"character_chosen":"IRONCLAD","items_purchased":["Dramatic Entrance","Discovery","BloodPotion","Energy Potion","Flex","Good Instincts"],"campfire_rested":2,"item_purchase_floors":[5,19,19,19,21,27],"current_hp_per_floor":[78,80,85,85,85,85,85,85,85,85,51,47,30,32,57,41,74,77,77,76,76,76,76,66,66,66,66,63,63,72,48,77,0],"gold":136,"neow_bonus":"THREE_ENEMY_KILL","is_prod":false,"is_daily":false,"chose_seed":false,"campfire_upgraded":3,"win_rate":0,"timestamp":1564981479,"path_taken":["M","M","?","?","$","E","M","R","T","?","E","M","M","?","R","BOSS","M","$","M","?","?","R","M","?","T","$","E","R","M","M","R","BOSS"],"build_version":"2019-07-17","purchased_purges":1,"victory":false,"max_hp_per_floor":[80,80,85,85,85,85,85,85,85,85,85,85,85,85,85,85,85,85,85,88,88,88,88,88,88,88,88,95,95,98,98,98,98],"card_choices":[{"not_picked":["Cleave","Fire Breathing"],"picked":"Clash","floor":1},{"not_picked":["Shrug It Off","Searing Blow"],"picked":"Armaments","floor":2},{"not_picked":["Heavy Blade","Hemokinesis"],"picked":"Headbutt","floor":6},{"not_picked":["Pommel Strike","Flex"],"picked":"Hemokinesis","floor":7},{"not_picked":["Headbutt","Metallicize"],"picked":"Heavy Blade","floor":11},{"not_picked":["Clothesline","Iron Wave"],"picked":"Twin Strike","floor":12},{"not_picked":["Wild Strike","Reckless Charge"],"picked":"Pummel","floor":13},{"not_picked":["Warcry","True Grit"],"picked":"Iron Wave","floor":14},{"not_picked":["Offering","Impervious"],"picked":"Double Tap","floor":16},{"not_picked":["Heavy Blade","Entrench"],"picked":"Shrug It Off","floor":18},{"not_picked":["Sword Boomerang+1","Perfected Strike"],"picked":"Fire Breathing+1","floor":20},{"not_picked":["Sword Boomerang","Inflame"],"picked":"Evolve+1","floor":24},{"not_picked":["Shrug It Off","Heavy Blade","Berserk"],"picked":"SKIP","floor":28},{"not_picked":["Metallicize","Second Wind"],"picked":"Sword Boomerang+1","floor":30},{"not_picked":["Body Slam","Warcry","Headbutt"],"picked":"SKIP","floor":31}],"player_experience":230413,"relics_obtained":[{"floor":6,"key":"Self Forming Clay"},{"floor":9,"key":"Ornamental Fan"},{"floor":11,"key":"Happy Flower"},{"floor":26,"key":"The Courier"},{"floor":28,"key":"Strawberry"}],"event_choices":[{"damage_healed":0,"gold_gain":0,"player_choice":"Donut","damage_taken":0,"max_hp_gain":5,"max_hp_loss":0,"event_name":"Big Fish","floor":3,"gold_loss":0},{"damage_healed":0,"gold_gain":0,"player_choice":"Take Wound","damage_taken":0,"relics_obtained":["Golden Idol"],"max_hp_gain":0,"max_hp_loss":0,"event_name":"Golden Idol","floor":4,"gold_loss":0,"cards_obtained":["Injury"]},{"damage_healed":0,"gold_gain":0,"player_choice":"Ignored","damage_taken":0,"max_hp_gain":0,"max_hp_loss":0,"event_name":"Vampires","floor":22,"gold_loss":0}],"is_beta":false,"boss_relics":[{"not_picked":["Mark of Pain","Tiny House"],"picked":"Pandora\u0027s Box"}],"items_purged_floors":[10],"is_endless":false,"potions_floor_spawned":[6,7,13,14,20,31],"killed_by":"Champ","ascension_level":6}