{"gold_per_floor":[114,125,125,125,125,153,175,175,175,194,212,212,231,8,8,82,82,95,95,95,68,80,80,97,128,128,160,177,188,88,104,104,104],"floor_reached":33,"playtime":1580,"items_purged":["Strike_R","Strike_R"],"score":536,"play_id":"8e9b95e8-785d-4eae-a0fb-53c1bf60e4f3","local_time":"20181008125416","is_ascension_mode":true,"campfire_choices":[{"floor":8,"key":"REST"},{"data":"Bash","floor":12,"key":"SMITH"},{"data":"Armaments","floor":15,"key":"SMITH"},{"floor":23,"key":"REST"},{"floor":32,"key":"REST"}],"neow_cost":"NONE","seed_source_timestamp":2060541582724157,"circlet_count":0,"master_deck":["Strike_R","Strike_R","Defend_R","Defend_R","Defend_R","Defend_R","Bash+1","AscendersBane","Thunderclap","Clothesline","Armaments+1","Spot Weakness","Feel No Pain","Warcry","Shrug It Off","Whirlwind","Armaments","Headbutt","Immolate","Ghostly","Ghostly","Ghostly","Ghostly","Ghostly","Anger","Pommel Strike","Shrug It Off","Pommel Strike","Impervious","Shrug It Off"],"special_seed":0,"relics":["Burning Blood","Matryoshka","Dream Catcher","Gambling Chip","PreservedInsect","Odd Mushroom","Anchor","Singing Bowl","Fusion Hammer","Red Mask","Dodecahedron","Letter Opener"],"potions_floor_usage":[7,11,16,24,25,31,31],"damage_taken":[{"damage":6,"enemies":"Cultist","floor":1,"turns":3},{"damage":7,"enemies":"Small Slimes","floor":2,"turns":4},{"damage":38,"enemies":"Lagavulin","floor":6,"turns":8},{"damage":15,"enemies":"The Mushroom Lair","floor":7,"turns":5},{"damage":0,"enemies":"Jaw Worm","floor":10,"turns":4},{"damage":11,"enemies":"Large Slime","floor":11,"turns":6},{"damage":6,"enemies":"Looter","floor":13,"turns":3},{"damage":23,"enemies":"Slime Boss","floor":16,"turns":12},{"damage":8,"enemies":"Shell Parasite","floor":18,"turns":6},{"damage":0,"enemies":"Spheric Guardian","floor":22,"turns":6},{"damage":14,"enemies":"Shelled Parasite and Fungi","floor":24,"turns":7},{"damage":18,"enemies":"Masked Bandits","floor":25,"turns":6},{"damage":0,"enemies":"Slavers","floor":27,"turns":2},{"damage":0,"enemies":"Cultist and Chosen","floor":28,"turns":6},{"damage":15,"enemies":"Snecko","floor":29,"turns":7},{"damage":0,"enemies":"Snake Plant","floor":31,"turns":2},{"damage":56,"enemies":"Automaton","floor":33,"turns":10}],"seed_played":"-3399458279130191900","potions_obtained":[{"floor":1,"key":"Swift Potion"},{"floor":10,"key":"SkillPotion"},{"floor":13,"key":"AttackPotion"},{"floor":16,"key":"Explosive Potion"},{"floor":18,"key":"Explosive Potion"},{"floor":24,"key":"GamblersBrew"},{"floor":28,"key":"Energy Potion"},{"floor":29,"key":"GamblersBrew"}],"is_trial":false,"path_per_floor":["M","M","?","?","T","E","?","R","T","M","M","R","M","$","R","B",null,"M","?","?","$","M","R","M","?","T","E","M","M","$","M","R"],"character_chosen":"IRONCLAD","items_purchased":["Whirlwind","Armaments","Headbutt","Pommel Strike"],"campfire_rested":3,"item_purchase_floors":[14,14,14,21],"current_hp_per_floor":[75,74,48,48,48,16,7,31,31,39,34,34,36,36,36,19,69,69,44,44,44,46,46,38,28,28,34,42,35,35,43,54,0],"gold":104,"neow_bonus":"TEN_PERCENT_HP_BONUS","is_prod":false,"is_daily":false,"chose_seed":false,"campfire_upgraded":2,"win_rate":0,"timestamp":1539017656,"path_taken":["M","?","?","?","?","E","?","R","T","M","M","R","?","$","R","BOSS","M","?","?","?","M","R","M","?","T","E","?","?","$","?","R","BOSS"],"build_version":"2018-10-04v2","purchased_purges":2,"victory":false,"max_hp_per_floor":[82,82,82,82,82,82,82,82,82,84,84,84,86,86,86,86,86,88,44,44,44,46,46,46,48,48,48,50,52,52,54,54,54],"card_choices":[{"not_picked":["Dual Wield","Sword Boomerang"],"picked":"Thunderclap","floor":1},{"not_picked":["Perfected Strike","Rupture"],"picked":"Clothesline","floor":2},{"not_picked":["Sentinel","Bloodletting"],"picked":"Spot Weakness","floor":6},{"not_picked":["Spot Weakness","Rupture"],"picked":"Feel No Pain","floor":7},{"not_picked":["Clash","Rupture"],"picked":"Warcry","floor":8},{"not_picked":["Havoc","Twin Strike","Heavy Blade"],"picked":"Singing Bowl","floor":10},{"not_picked":["Pommel Strike","True Grit"],"picked":"Shrug It Off","floor":11},{"not_picked":["Warcry","Second Wind","Combust"],"picked":"Singing Bowl","floor":13},{"not_picked":["Demon Form","Juggernaut"],"picked":"Immolate","floor":16},{"not_picked":["Body Slam","Sentinel","Perfected Strike"],"picked":"Singing Bowl","floor":18},{"not_picked":["Sever Soul","Feel No Pain","Blood for Blood"],"picked":"Singing Bowl","floor":22},{"not_picked":["Flex","Headbutt"],"picked":"Shrug It Off","floor":23},{"not_picked":["Cleave","Headbutt+1"],"picked":"Pommel Strike","floor":24},{"not_picked":["Clash","Rupture","Uppercut"],"picked":"Singing Bowl","floor":25},{"not_picked":["Clash+1","Rage"],"picked":"Impervious","floor":27},{"not_picked":["Cleave","Warcry","Thunderclap"],"picked":"Singing Bowl","floor":28},{"not_picked":["Feel No Pain","Sentinel","Cleave"],"picked":"Singing Bowl","floor":29},{"not_picked":["Iron Wave","Sever Soul","Cleave"],"picked":"Singing Bowl","floor":31},{"not_picked":["Headbutt","Fire Breathing"],"picked":"Shrug It Off","floor":32}],"player_experience":832704,"relics_obtained":[{"floor":5,"key":"Dream Catcher"},{"floor":5,"key":"Gambling Chip"},{"floor":6,"key":"PreservedInsect"},{"floor":7,"key":"Odd Mushroom"},{"floor":9,"key":"Anchor"},{"floor":9,"key":"Singing Bowl"},{"floor":25,"key":"Red Mask"},{"floor":26,"key":"Dodecahedron"},{"floor":27,"key":"Letter Opener"}],"event_choices":[{"event_name":"Scrap Ooze","player_choice":"success","floor":3,"damage_taken":26},{"event_name":"Transmorgrifier","player_choice":"Transform","floor":4,"damage_taken":0},{"event_name":"Mushrooms","player_choice":"Fought Mushrooms","floor":7,"damage_taken":0},{"event_name":"Ghosts","player_choice":"Became a Ghost","floor":19,"damage_taken":0},{"event_name":"The Library","player_choice":"Read","floor":20,"damage_taken":0},{"event_name":"Masked Bandits","player_choice":"Fought Bandits","floor":25,"damage_taken":0}],"is_beta":false,"boss_relics":[{"not_picked":["Pandora\u0027s Box","Velvet Choker"],"picked":"Fusion Hammer"}],"items_purged_floors":[14,30],"is_endless":false,"potions_floor_spawned":[1,10,13,16,18,24,28,29],"killed_by":"Automaton","ascension_level":15}