{"gold_per_floor":[112,112,127,2,2,43,43,56,112,112,112,10,33,46,46,175,175,188,188,188,203,227,227,247,247,247,278,278,293,337,357,357,357],"floor_reached":33,"playtime":2104,"items_purged":["Injury"],"score":314,"play_id":"9d3d9c92-5b35-4397-af13-5001685c156e","local_time":"20190728222722","is_ascension_mode":false,"campfire_choices":[{"data":"Dagger Spray","floor":7,"key":"SMITH"},{"data":"Distraction","floor":10,"key":"SMITH"},{"data":"Bane","floor":15,"key":"SMITH"},{"floor":23,"key":"REST"},{"floor":25,"key":"REST"},{"floor":32,"key":"REST"}],"neow_cost":"NONE","seed_source_timestamp":252307959766300,"circlet_count":0,"master_deck":["Strike_G+1","Strike_G+1","Strike_G+1","Strike_G+1","Strike_G+1","Defend_G+1","Defend_G+1","Defend_G+1","Defend_G+1","Defend_G+1","Survivor","Neutralize","Slice","Blade Dance","Dagger Spray+1","Distraction+1","Outmaneuver","Dagger Spray","Bane+1","Deadly Poison","Unload","Noxious Fumes","Cloak And Dagger+1","Dodge and Roll+1","Flying Knee","Venomology","Outmaneuver+1","Choke+1"],"relics":["Ring of the Snake","NeowsBlessing","Golden Idol","Blood Vial","Tiny Chest","Fusion Hammer","The Courier","Bronze Scales","Unceasing Top"],"potions_floor_usage":[16,16,20,27,28,29,29,30,30,31],"damage_taken":[{"damage":0,"enemies":"Jaw Worm","floor":1,"turns":1},{"damage":0,"enemies":"2 Louse","floor":3,"turns":1},{"damage":0,"enemies":"Lagavulin","floor":6,"turns":1},{"damage":0,"enemies":"Small Slimes","floor":8,"turns":2},{"damage":0,"enemies":"Looter","floor":13,"turns":3},{"damage":11,"enemies":"Red Slaver","floor":14,"turns":4},{"damage":44,"enemies":"Slime Boss","floor":16,"turns":10},{"damage":16,"enemies":"Shell Parasite","floor":18,"turns":6},{"damage":0,"enemies":"Chosen","floor":21,"turns":4},{"damage":8,"enemies":"Snecko","floor":22,"turns":4},{"damage":4,"enemies":"3 Cultists","floor":24,"turns":4},{"damage":3,"enemies":"Slavers","floor":27,"turns":4},{"damage":0,"enemies":"Snake Plant","floor":28,"turns":2},{"damage":0,"enemies":"Cultist and Chosen","floor":29,"turns":4},{"damage":16,"enemies":"Gremlin Leader","floor":30,"turns":5},{"damage":4,"enemies":"Centurion and Healer","floor":31,"turns":5},{"damage":77,"enemies":"Collector","floor":33,"turns":7}],"seed_played":"3933301797128980870","potions_obtained":[{"floor":3,"key":"Fire Potion"},{"floor":6,"key":"GamblersBrew"},{"floor":8,"key":"SmokeBomb"},{"floor":20,"key":"FearPotion"},{"floor":20,"key":"Fruit Juice"},{"floor":20,"key":"SteroidPotion"},{"floor":24,"key":"Fire Potion"},{"floor":27,"key":"Swift Potion"},{"floor":29,"key":"Regen Potion"}],"is_trial":false,"path_per_floor":["M","?","M","$","?","E","R","M","T","R","?","$","M","M","R","B",null,"M","?","?","M","M","R","M","R","T","E","M","M","E","M","R","B"],"character_chosen":"THE_SILENT","items_purchased":["Energy Potion","Outmaneuver","Dagger Spray"],"campfire_rested":3,"item_purchase_floors":[4,12,12],"current_hp_per_floor":[70,70,70,70,70,70,70,70,70,70,70,70,70,59,59,17,70,54,54,59,61,55,75,71,75,75,72,74,75,68,66,75,0],"gold":357,"neow_bonus":"THREE_ENEMY_KILL","is_prod":false,"is_daily":false,"chose_seed":false,"campfire_upgraded":3,"win_rate":0.0,"timestamp":1564370842,"path_taken":["M","?","M","$","?","E","R","M","T","R","?","?","?","M","R","BOSS","M","?","?","M","M","R","?","R","T","E","M","M","E","M","R","BOSS"],"build_version":"2019-07-17","purchased_purges":1,"victory":false,"max_hp_per_floor":[70,70,70,70,70,70,70,70,70,70,70,70,70,70,70,70,70,70,70,75,75,75,75,75,75,75,75,75,75,75,75,75,75],"card_choices":[{"not_picked":["Acrobatics","Masterful Stab"],"picked":"Slice","floor":1},{"not_picked":["Cloak And Dagger","Predator"],"picked":"Blade Dance","floor":3},{"not_picked":["Underhanded Strike","Blade Dance"],"picked":"Dagger Spray","floor":6},{"not_picked":["Sucker Punch","After Image"],"picked":"Distraction","floor":8},{"not_picked":["Choke","Deadly Poison"],"picked":"Bane","floor":13},{"not_picked":["Bane","Dagger Throw"],"picked":"Deadly Poison","floor":14},{"not_picked":["Night Terror","Tools of the Trade"],"picked":"Unload","floor":16},{"not_picked":["Acrobatics","Accuracy"],"picked":"Noxious Fumes","floor":18},{"not_picked":["Prepared+1","Finisher+1"],"picked":"Cloak And Dagger+1","floor":21},{"not_picked":["Acrobatics","PiercingWail","Cloak And Dagger"],"picked":"SKIP","floor":22},{"not_picked":["Choke+1","Acrobatics"],"picked":"Dodge and Roll+1","floor":24},{"not_picked":["Well Laid Plans","PiercingWail+1"],"picked":"Flying Knee","floor":27},{"not_picked":["Poisoned Stab","Dodge and Roll"],"picked":"Venomology","floor":29},{"not_picked":["Riddle With Holes","Flechettes"],"picked":"Outmaneuver+1","floor":30},{"not_picked":["Blur+1","Cloak And Dagger+1"],"picked":"Choke+1","floor":31}],"player_experience":173239,"relics_obtained":[{"floor":6,"key":"Blood Vial"},{"floor":9,"key":"Tiny Chest"},{"floor":26,"key":"The Courier"},{"floor":27,"key":"Bronze Scales"},{"floor":30,"key":"Unceasing Top"}],"event_choices":[{"damage_healed":0,"gold_gain":0,"player_choice":"Take Wound","damage_taken":0,"relics_obtained":["Golden Idol"],"max_hp_gain":0,"max_hp_loss":0,"event_name":"Golden Idol","floor":2,"gold_loss":0,"cards_obtained":["Injury"]},{"damage_healed":0,"gold_gain":0,"player_choice":"Ignored","damage_taken":0,"max_hp_gain":0,"max_hp_loss":0,"event_name":"Shining Light","floor":5,"gold_loss":0},{"damage_healed":0,"gold_gain":0,"player_choice":"Ignored","damage_taken":0,"max_hp_gain":0,"max_hp_loss":0,"event_name":"Golden Wing","floor":11,"gold_loss":0},{"damage_healed":0,"gold_gain":0,"player_choice":"Simplicity","damage_taken":0,"max_hp_gain":0,"max_hp_loss":0,"event_name":"Back to Basics","floor":19,"gold_loss":0,"cards_upgraded":["Strike_G","Strike_G","Strike_G","Strike_G","Strike_G","Defend_G","Defend_G","Defend_G","Defend_G","Defend_G"]},{"damage_healed":0,"gold_gain":0,"player_choice":"Got Potions","damage_taken":0,"max_hp_gain":0,"max_hp_loss":0,"event_name":"Lab","floor":20,"gold_loss":0}],"is_beta":false,"boss_relics":[{"not_picked":["Astrolabe","Cursed Key"],"picked":"Fusion Hammer"}],"items_purged_floors":[4],"is_endless":false,"potions_floor_spawned":[3,6,8,24,27,28,29],"killed_by":"Collector","ascension_level":0}