{"gold_per_floor":[111,111,111,111,161,172,172,202,278,298,298,298,314,55,55,126,126,139,239,289,66,66,66,83,83,83,83,83,101,113,127,127,127,127,141,158,168,51,63,63,74,107,133,180,206,251,263,275,287,299,311,323,335,0,28,28],"floor_reached":56,"playtime":2906,"items_purged":["Barrage","Ball Lightning"],"score":1970,"play_id":"f8266b07-3a72-414f-a9a9-eb4321092be6","local_time":"20190529223049","is_ascension_mode":true,"campfire_choices":[{"data":"Dualcast","floor":7.0,"key":"SMITH"},{"data":"Turbo","floor":12.0,"key":"SMITH"},{"data":"Sunder","floor":15.0,"key":"SMITH"},{"data":"Heatsinks","floor":23.0,"key":"SMITH"},{"data":"Recycle","floor":25.0,"key":"SMITH"},{"data":"Skim","floor":27.0,"key":"SMITH"},{"floor":32.0,"key":"REST"},{"data":"Skim","floor":40.0,"key":"SMITH"},{"data":"Turbo","floor":47.0,"key":"SMITH"},{"floor":49.0,"key":"RECALL"},{"floor":53.0,"key":"REST"}],"neow_cost":"NONE","seed_source_timestamp":0,"circlet_count":0,"master_deck":["AscendersBane","Zap+1","Dualcast+1","Cold Snap","Self Repair","Turbo+1","Ball Lightning","Sunder+1","Glacier","Heatsinks+1","Biased Cognition","Echo Form","Skim+1","Recycle+1","Turbo+1","BootSequence","Hologram","Gash","Capacitor","Coolheaded+1","Storm","Echo Form","Hologram","Reinforced Body+1","Hologram+1","Skim+1","Glacier+1","Defragment+1","Echo Form","Undo","Electrodynamics","Skim+1","Loop"],"special_seed":0,"relics":["Cracked Core","Oddly Smooth Stone","Letter Opener","Pandora\u0027s Box","Prayer Wheel","Kunai","TheAbacus","White Beast Statue","Art of War","MawBank","Lantern","Happy Flower","Sundial"],"potions_floor_usage":[],"damage_taken":[{"damage":1.0,"enemies":"Cultist","floor":1.0,"turns":3.0},{"damage":5.0,"enemies":"2 Louse","floor":6.0,"turns":2.0},{"damage":25.0,"enemies":"Lagavulin","floor":8.0,"turns":6.0},{"damage":0.0,"enemies":"Jaw Worm","floor":10.0,"turns":3.0},{"damage":7.0,"enemies":"Blue Slaver","floor":13.0,"turns":3.0},{"damage":0.0,"enemies":"Slime Boss","floor":16.0,"turns":6.0},{"damage":4.0,"enemies":"3 Byrds","floor":18.0,"turns":4.0},{"damage":11.0,"enemies":"Colosseum Slavers","floor":19.0,"turns":3.0},{"damage":59.0,"enemies":"Colosseum Nobs","floor":19.0,"turns":5.0},{"damage":0.0,"enemies":"Chosen","floor":24.0,"turns":3.0},{"damage":3.0,"enemies":"Centurion and Healer","floor":29.0,"turns":5.0},{"damage":11.0,"enemies":"Shelled Parasite and Fungi","floor":30.0,"turns":4.0},{"damage":35.0,"enemies":"Snake Plant","floor":31.0,"turns":4.0},{"damage":3.0,"enemies":"Collector","floor":33.0,"turns":8.0},{"damage":19.0,"enemies":"3 Darklings","floor":35.0,"turns":3.0},{"damage":7.0,"enemies":"3 Shapes","floor":36.0,"turns":5.0},{"damage":16.0,"enemies":"Transient","floor":37.0,"turns":6.0},{"damage":12.0,"enemies":"Writhing Mass","floor":39.0,"turns":8.0},{"damage":20.0,"enemies":"4 Shapes","floor":41.0,"turns":4.0},{"damage":7.0,"enemies":"Nemesis","floor":42.0,"turns":13.0},{"damage":1.0,"enemies":"Giant Head","floor":44.0,"turns":7.0},{"damage":0.0,"enemies":"Maw","floor":45.0,"turns":6.0},{"damage":48.0,"enemies":"Reptomancer","floor":46.0,"turns":6.0},{"damage":18.0,"enemies":"Awakened One","floor":50.0,"turns":5.0},{"damage":20.0,"enemies":"Time Eater","floor":51.0,"turns":9.0},{"damage":51.0,"enemies":"Shield and Spear","floor":55.0,"turns":5.0},{"damage":0,"enemies":"The Heart","floor":56,"turns":1}],"seed_played":"2559190793786066","potions_obtained":[{"floor":8.0,"key":"FocusPotion"},{"floor":10.0,"key":"Explosive Potion"},{"floor":16.0,"key":"Regen Potion"},{"floor":19.0,"key":"Ancient Potion"},{"floor":29.0,"key":"Explosive Potion"},{"floor":31.0,"key":"SneckoOil"},{"floor":35.0,"key":"Strength Potion"},{"floor":37.0,"key":"AttackPotion"},{"floor":39.0,"key":"Ancient Potion"},{"floor":41.0,"key":"Strength Potion"},{"floor":42.0,"key":"LiquidBronze"},{"floor":44.0,"key":"AttackPotion"},{"floor":46.0,"key":"PowerPotion"},{"floor":55.0,"key":"SpeedPotion"}],"is_trial":false,"path_per_floor":["M","?","?","?","?","M","R","E","T","M","?","R","M","$","R","B",null,"M","?","?","$","?","R","M","R","T","R","?","M","M","M","R","B",null,"M","M","M","$","M","R","M","E","T","E","M","E","R","?","R","B","B",null,"R","$","E","B"],"character_chosen":"DEFECT","items_purchased":["Sunder","Glacier","Heatsinks","AttackPotion","TheAbacus","Skim","Loop","AttackPotion","Poison Potion","Weak Potion"],"campfire_rested":2,"item_purchase_floors":[14,14,14,14,21,38,54,54,54,54],"current_hp_per_floor":[63,63,56,35,35,30,30,5,5,12,17,17,17,17,17,17,58,61,17,17,17,17,17,31,31,31,31,31,42,38,3,24,28,60,55,62,60,60,62,62,56,63,63,69,71,37,37,37,37,33,20,58,71,71,27,27],"gold":28,"neow_bonus":"UPGRADE_CARD","is_prod":false,"is_daily":false,"chose_seed":true,"campfire_upgraded":8,"win_rate":0,"timestamp":1559140249,"path_taken":["M","?","?","?","?","M","R","E","T","?","?","R","M","$","R","BOSS","M","?","?","$","?","R","M","R","T","R","?","?","M","M","R","BOSS","M","?","M","$","M","R","M","E","T","E","M","E","R","?","R","BOSS","BOSS","R","$","E","BOSS"],"build_version":"2019-01-23","purchased_purges":2,"victory":false,"max_hp_per_floor":[71,71,71,71,71,71,71,71,71,71,71,71,71,71,71,71,71,71,71,71,71,71,71,71,71,71,71,71,71,71,71,71,71,71,71,71,71,71,71,71,71,71,71,71,71,71,71,71,71,71,71,71,71,71,71,71],"card_choices":[{"not_picked":["Coolheaded","Sweeping Beam"],"picked":"Ball Lightning","floor":1.0},{"not_picked":["Streamline","Rebound"],"picked":"Hologram","floor":6.0},{"not_picked":["Cold Snap","Rip and Tear"],"picked":"Self Repair","floor":8.0},{"not_picked":["Rebound","Leap"],"picked":"Turbo","floor":10.0},{"not_picked":["Beam Cell","Scrape"],"picked":"Ball Lightning","floor":13.0},{"not_picked":["Echo Form","All For One"],"picked":"Biased Cognition","floor":16.0},{"not_picked":["Ball Lightning","Sweeping Beam+1"],"picked":"Hologram","floor":18.0},{"not_picked":["Static Discharge","Go for the Eyes"],"picked":"Gash","floor":19.0},{"not_picked":["Compile Driver","Stack"],"picked":"Coolheaded","floor":24.0},{"not_picked":["Sweeping Beam","FTL","Streamline"],"picked":"SKIP","floor":24.0},{"not_picked":["Sunder","Reinforced Body"],"picked":"Storm","floor":29.0},{"not_picked":["Go for the Eyes","Hologram","Darkness"],"picked":"SKIP","floor":29.0},{"not_picked":["Genetic Algorithm","Cold Snap+1"],"picked":"Echo Form","floor":30.0},{"not_picked":["Doom and Gloom","Ball Lightning","Stack"],"picked":"SKIP","floor":30.0},{"not_picked":["Steam","Gash"],"picked":"Hologram","floor":31.0},{"not_picked":["Darkness","Stack+1","Coolheaded"],"picked":"SKIP","floor":31.0},{"not_picked":["Lockon","Reprogram"],"picked":"Reinforced Body+1","floor":35.0},{"not_picked":["Lockon+1","Gash","Ball Lightning"],"picked":"SKIP","floor":35.0},{"not_picked":["Storm+1","Gash","Stack"],"picked":"SKIP","floor":36.0},{"not_picked":["Stack+1","Tempest","Sweeping Beam"],"picked":"SKIP","floor":36.0},{"not_picked":["Turbo","Reprogram+1"],"picked":"Hologram+1","floor":37.0},{"not_picked":["Redo+1","Reprogram","Auto Shields"],"picked":"SKIP","floor":37.0},{"not_picked":["Steam","Loop"],"picked":"Glacier+1","floor":39.0},{"not_picked":["Rip and Tear","Turbo"],"picked":"Defragment+1","floor":39.0},{"not_picked":["Conserve Battery","Sunder"],"picked":"Echo Form","floor":41.0},{"not_picked":["Steam","Capacitor"],"picked":"Undo","floor":41.0},{"not_picked":["Sweeping Beam","Hello World"],"picked":"Electrodynamics","floor":42.0},{"not_picked":["Gash","Hyperbeam","Barrage"],"picked":"SKIP","floor":44.0},{"not_picked":["Gash","Hyperbeam","Barrage"],"picked":"SKIP","floor":44.0},{"not_picked":["White Noise","Gash","Reinforced Body"],"picked":"SKIP","floor":45.0},{"not_picked":["Rebound","Gash","Streamline"],"picked":"SKIP","floor":45.0},{"not_picked":["Streamline","Hologram"],"picked":"Skim+1","floor":46.0},{"not_picked":["Scrape","Conserve Battery","Hello World"],"picked":"SKIP","floor":55.0}],"player_experience":1795117,"relics_obtained":[{"floor":8.0,"key":"Oddly Smooth Stone"},{"floor":9.0,"key":"Letter Opener"},{"floor":19.0,"key":"Prayer Wheel"},{"floor":19.0,"key":"Kunai"},{"floor":42.0,"key":"Art of War"},{"floor":43.0,"key":"MawBank"},{"floor":44.0,"key":"Lantern"},{"floor":46.0,"key":"Happy Flower"},{"floor":55.0,"key":"Sundial"}],"event_choices":[{"damage_healed":0.0,"max_hp_gain":0.0,"max_hp_loss":0.0,"gold_gain":0.0,"cards_transformed":["Strike_B"],"event_name":"Living Wall","player_choice":"Change","floor":2.0,"gold_loss":0.0,"damage_taken":0.0,"cards_obtained":["Cold Snap"]},{"cards_removed":["Strike_B"],"damage_healed":0.0,"max_hp_gain":0.0,"max_hp_loss":0.0,"gold_gain":0.0,"event_name":"Golden Wing","player_choice":"Card Removal","floor":3.0,"gold_loss":0.0,"damage_taken":7.0},{"damage_healed":0.0,"max_hp_gain":0.0,"max_hp_loss":0.0,"gold_gain":0.0,"event_name":"Shining Light","player_choice":"Entered Light","floor":4.0,"gold_loss":0.0,"damage_taken":21.0,"cards_upgraded":["Defend_B","Strike_B"]},{"damage_healed":0.0,"max_hp_gain":0.0,"max_hp_loss":0.0,"gold_gain":50.0,"event_name":"Golden Shrine","player_choice":"Pray","floor":5.0,"gold_loss":0.0,"damage_taken":0.0},{"cards_removed":["Hologram"],"damage_healed":5.0,"max_hp_gain":0.0,"max_hp_loss":0.0,"gold_gain":0.0,"event_name":"Bonfire Elementals","player_choice":"Offered Common","floor":11.0,"gold_loss":0.0,"damage_taken":0.0},{"cards_removed":["Hologram"],"damage_healed":5.0,"max_hp_gain":0.0,"max_hp_loss":0.0,"gold_gain":0.0,"event_name":"Bonfire Elementals","player_choice":"Offered Special","floor":11.0,"gold_loss":0.0,"damage_taken":0.0},{"damage_healed":0.0,"max_hp_gain":0.0,"max_hp_loss":0.0,"gold_gain":0.0,"event_name":"Colosseum","player_choice":"Fight","floor":19.0,"gold_loss":0.0,"damage_taken":0.0},{"damage_healed":0.0,"max_hp_gain":0.0,"max_hp_loss":0.0,"gold_gain":0.0,"event_name":"Colosseum","player_choice":"Fought Nobs","floor":19.0,"gold_loss":0.0,"damage_taken":0.0},{"damage_healed":0.0,"max_hp_gain":0.0,"max_hp_loss":0.0,"gold_gain":50.0,"event_name":"Nest","player_choice":"Stole From Cult","floor":20.0,"gold_loss":0.0,"damage_taken":0.0},{"damage_healed":0.0,"max_hp_gain":0.0,"max_hp_loss":0.0,"gold_gain":0.0,"event_name":"The Library","player_choice":"Read","floor":22.0,"gold_loss":0.0,"damage_taken":0.0,"cards_obtained":["Capacitor"]},{"damage_healed":0.0,"max_hp_gain":0.0,"max_hp_loss":0.0,"gold_gain":0.0,"event_name":"Accursed Blacksmith","player_choice":"Forge","floor":28.0,"gold_loss":0.0,"damage_taken":0.0,"cards_upgraded":["Coolheaded"]},{"damage_healed":0.0,"max_hp_gain":0.0,"max_hp_loss":0.0,"gold_gain":0.0,"event_name":"Mysterious Sphere","player_choice":"Ignored","floor":48.0,"gold_loss":0.0,"damage_taken":0.0}],"is_beta":false,"boss_relics":[{"not_picked":["Empty Cage","Sozu"],"picked":"Pandora\u0027s Box"},{"not_picked":["Fusion Hammer","Calling Bell"],"picked":"White Beast Statue"}],"items_purged_floors":[38,54],"is_endless":false,"potions_floor_spawned":[8,10,13,16,19,19,29,31,35,36,37,39,41,42,44,45,46,55],"killed_by":"The Heart","ascension_level":20}