{"gold_per_floor":[113,125,200,375,340,340,365,385,437,437,450,39,56,135,135,237,237,237,237,37,37,37,37],"floor_reached":23,"playtime":1030,"items_purged":["Doubt"],"score":218,"play_id":"8178c3cb-6e32-4057-9bbb-84f0fd971eaa","local_time":"20190302230311","is_ascension_mode":false,"campfire_choices":[{"data":"Dagger Throw","floor":6.0,"key":"SMITH"},{"data":"Grand Finale","floor":10.0,"key":"SMITH"},{"data":"Apotheosis","floor":15.0,"key":"SMITH"}],"neow_cost":"NONE","seed_source_timestamp":0,"circlet_count":0,"master_deck":["Defend_G","Defend_G","Defend_G","Defend_G","Defend_G","Strike_G","Strike_G","Strike_G","Strike_G","Strike_G","Survivor","Neutralize","Dagger Throw+1","PiercingWail","Grand Finale+1","Apotheosis+1","Well Laid Plans","Grand Finale","Caltrops"],"special_seed":0,"relics":["Ring of the Snake","NeowsBlessing","Art of War","Juzu Bracelet","Anchor","Paper Crane","Ectoplasm","MealTicket"],"potions_floor_usage":[22,22],"damage_taken":[{"damage":0.0,"enemies":"Jaw Worm","floor":1.0,"turns":1.0},{"damage":0.0,"enemies":"Small Slimes","floor":2.0,"turns":1.0},{"damage":0.0,"enemies":"Lagavulin","floor":7.0,"turns":1.0},{"damage":0.0,"enemies":"2 Louse","floor":8.0,"turns":2.0},{"damage":9.0,"enemies":"2 Fungi Beasts","floor":11.0,"turns":5.0},{"damage":1.0,"enemies":"Large Slime","floor":13.0,"turns":7.0},{"damage":5.0,"enemies":"Hexaghost","floor":16.0,"turns":13.0},{"damage":0.0,"enemies":"Chosen","floor":18.0,"turns":3.0},{"damage":0.0,"enemies":"Shell Parasite","floor":19.0,"turns":6.0},{"damage":0.0,"enemies":"Centurion and Healer","floor":21.0,"turns":4.0},{"damage":35,"enemies":"Snecko","floor":22,"turns":5},{"damage":41,"enemies":"Book of Stabbing","floor":23,"turns":4}],"seed_played":"-3217554194559056146","potions_obtained":[{"floor":1.0,"key":"Strength Potion"},{"floor":2.0,"key":"Weak Potion"},{"floor":11.0,"key":"Regen Potion"},{"floor":18.0,"key":"Poison Potion"},{"floor":19.0,"key":"FearPotion"},{"floor":21.0,"key":"Dexterity Potion"}],"is_trial":false,"path_per_floor":["M","M","?","?","?","R","E","M","T","R","M","$","M","T","R","B",null,"M","M","$","M","M","E"],"character_chosen":"THE_SILENT","items_purchased":["Apotheosis","Anchor","MealTicket"],"campfire_rested":0,"item_purchase_floors":[12,12,20],"current_hp_per_floor":[70,70,59,59,70,70,70,70,70,70,61,61,60,60,60,70,70,70,70,70,70,35,0],"gold":37,"neow_bonus":"THREE_ENEMY_KILL","is_prod":false,"is_daily":false,"chose_seed":false,"campfire_upgraded":3,"win_rate":0,"timestamp":1551585791,"path_taken":["M","M","?","?","?","R","E","M","T","R","M","$","M","?","R","BOSS","M","M","$","M","M","E"],"build_version":"2019-01-23","purchased_purges":1,"victory":false,"max_hp_per_floor":[70,70,70,70,70,70,70,70,70,70,70,70,70,70,70,70,70,70,70,70,70,70,70],"card_choices":[{"not_picked":["Catalyst","Backflip"],"picked":"Dagger Throw","floor":1.0},{"not_picked":["Backflip","Endless Agony"],"picked":"PiercingWail","floor":2.0},{"not_picked":["Leg Sweep","Eviscerate"],"picked":"Grand Finale","floor":7.0},{"not_picked":["Prepared","Predator","Sucker Punch"],"picked":"SKIP","floor":8.0},{"not_picked":["Eviscerate","Crippling Poison","Endless Agony"],"picked":"SKIP","floor":11.0},{"not_picked":["Catalyst","Tactician"],"picked":"Well Laid Plans","floor":13.0},{"not_picked":["Phantasmal Killer","Malaise"],"picked":"Grand Finale","floor":16.0},{"not_picked":["Eviscerate+1","Dash+1","Dodge and Roll"],"picked":"SKIP","floor":18.0},{"not_picked":["Dash","Dagger Spray","Dodge and Roll"],"picked":"SKIP","floor":19.0},{"not_picked":["Setup","Underhanded Strike","Noxious Fumes"],"picked":"SKIP","floor":21.0},{"not_picked":["Deadly Poison","Backflip+1"],"picked":"Caltrops","floor":22}],"player_experience":622348,"relics_obtained":[{"floor":7.0,"key":"Art of War"},{"floor":9.0,"key":"Juzu Bracelet"},{"floor":14.0,"key":"Paper Crane"}],"event_choices":[{"damage_healed":0.0,"max_hp_gain":0.0,"max_hp_loss":0.0,"gold_gain":75.0,"event_name":"World of Goop","player_choice":"Gather Gold","floor":3.0,"gold_loss":0.0,"damage_taken":11.0},{"damage_healed":0.0,"max_hp_gain":0.0,"max_hp_loss":0.0,"gold_gain":175.0,"event_name":"Liars Game","player_choice":"AGREE","floor":4.0,"gold_loss":0.0,"damage_taken":0.0,"cards_obtained":["Doubt"]},{"damage_healed":17.0,"max_hp_gain":0.0,"max_hp_loss":0.0,"gold_gain":0.0,"event_name":"The Cleric","player_choice":"Healed","floor":5.0,"gold_loss":35.0,"damage_taken":0.0}],"is_beta":false,"boss_relics":[{"not_picked":["Orrery","HoveringKite"],"picked":"Ectoplasm"}],"items_purged_floors":[12],"is_endless":false,"potions_floor_spawned":[1,2,11,18,19,21],"killed_by":"Book of Stabbing","ascension_level":0}