{"gold_per_floor":[114,129,129,44,119,149,164,194,194,224,148,148],"floor_reached":12,"playtime":714,"items_purged":[],"score":96,"play_id":"e9b35848-2ccd-4516-ad3e-69c28d5098d2","local_time":"20180825214532","daily_mods":["Heirloom","Elite Swarm","Night Terrors"],"is_ascension_mode":false,"campfire_choices":[],"neow_cost":"","seed_source_timestamp":0,"circlet_count":0,"master_deck":["Strike_R+1","Strike_R","Strike_R","Strike_R+1","Strike_R+1","Defend_R","Defend_R","Defend_R","Defend_R","Bash+1","Clash","Pommel Strike","Feel No Pain","Warcry","Brutality","Disarm","Impervious","Barricade","Metallicize"],"special_seed":17768,"relics":["Burning Blood","Champion Belt","Whetstone","Molten Egg 2","Darkstone Periapt","Bottled Lightning"],"potions_floor_usage":[10],"damage_taken":[{"damage":5,"enemies":"2 Louse","floor":1,"turns":4},{"damage":0,"enemies":"Small Slimes","floor":2,"turns":3},{"damage":25,"enemies":"3 Sentries","floor":6,"turns":8},{"damage":2,"enemies":"Jaw Worm","floor":7,"turns":2},{"damage":20,"enemies":"Gremlin Nob","floor":8,"turns":4},{"damage":13,"enemies":"3 Sentries","floor":10,"turns":10},{"damage":0,"enemies":"Gremlin Nob","floor":12,"turns":1}],"seed_played":"-1903850901092924717","potions_obtained":[{"floor":2,"key":"Swift Potion"},{"floor":8,"key":"BloodPotion"}],"is_trial":false,"path_per_floor":["M","M","?","$","?","E","M","E","T","E","$"],"character_chosen":"IRONCLAD","items_purchased":["Feel No Pain","Warcry","Metallicize"],"campfire_rested":0,"item_purchase_floors":[4,4,11],"current_hp_per_floor":[80,80,64,64,53,34,38,24,24,25,25,25],"gold":148,"neow_bonus":"","is_prod":false,"is_daily":true,"chose_seed":false,"campfire_upgraded":0,"win_rate":0,"timestamp":1535201132,"path_taken":["M","M","?","$","?","E","M","E","T","E","?","E"],"build_version":"2018-08-23v2","purchased_purges":0,"victory":false,"max_hp_per_floor":[80,80,80,80,80,80,80,80,80,80,80,80],"card_choices":[{"not_picked":["Cleave","Clothesline"],"picked":"Clash","floor":1},{"not_picked":["Body Slam","Wild Strike"],"picked":"Pommel Strike","floor":2},{"not_picked":["Reaper","Double Tap"],"picked":"Brutality","floor":6},{"not_picked":["Fire Breathing","Flex"],"picked":"Disarm","floor":7},{"not_picked":["Reaper","Feed"],"picked":"Impervious","floor":8},{"not_picked":["Reaper+1","Feed+1","Barricade"],"picked":"SKIP","floor":10},{"not_picked":["Reaper+1","Feed+1"],"picked":"Barricade","floor":10}],"player_experience":225786,"relics_obtained":[{"floor":6,"key":"Whetstone"},{"floor":8,"key":"Molten Egg 2"},{"floor":9,"key":"Darkstone Periapt"},{"floor":10,"key":"Bottled Lightning"}],"event_choices":[{"event_name":"Shining Light","player_choice":"Entered Light","floor":3,"damage_taken":0},{"event_name":"World of Goop","player_choice":"Gather Gold","floor":5,"damage_taken":0}],"is_beta":false,"boss_relics":[],"items_purged_floors":[],"is_endless":false,"potions_floor_spawned":[2,8],"killed_by":"Gremlin Nob","ascension_level":0}