{"gold_per_floor":[109,39,39,52,71,97,97,113,161,161,174,208,133,158,158,158],"floor_reached":16,"playtime":366,"items_purged":["Strike_B"],"score":240,"play_id":"2a06075e-aced-4f5f-ab3c-c508f9baf5b9","local_time":"20190604221308","is_ascension_mode":true,"campfire_choices":[{"data":"Zap","floor":7.0,"key":"SMITH"},{"data":"Beam Cell","floor":10.0,"key":"SMITH"},{"data":"Hyperbeam","floor":15.0,"key":"SMITH"}],"neow_cost":"NONE","seed_source_timestamp":197336863810826,"circlet_count":0,"master_deck":["AscendersBane","Strike_B","Strike_B","Strike_B","Defend_B","Defend_B","Defend_B","Defend_B","Zap+1","Dualcast","Beam Cell+1","Self Repair","Melter","Hyperbeam+1","Meteor Strike"],"special_seed":0,"relics":["Cracked Core","NeowsBlessing","Pantograph","Blood Vial","Singing Bowl","Vajra"],"potions_floor_usage":[],"damage_taken":[{"damage":0.0,"enemies":"Small Slimes","floor":1.0,"turns":1.0},{"damage":0.0,"enemies":"Cultist","floor":4.0,"turns":1.0},{"damage":0.0,"enemies":"2 Louse","floor":5.0,"turns":1.0},{"damage":55.0,"enemies":"3 Sentries","floor":6.0,"turns":9.0},{"damage":7.0,"enemies":"Exordium Wildlife","floor":8.0,"turns":3.0},{"damage":15.0,"enemies":"Exordium Thugs","floor":11.0,"turns":4.0},{"damage":25.0,"enemies":"Lagavulin","floor":12.0,"turns":5.0},{"damage":10.0,"enemies":"3 Sentries","floor":14.0,"turns":4.0},{"damage":50,"enemies":"Slime Boss","floor":16,"turns":7}],"seed_played":"6677528603549226327","potions_obtained":[{"floor":5.0,"key":"Fruit Juice"},{"floor":11.0,"key":"Regen Potion"}],"is_trial":false,"path_per_floor":["M","?","$","M","M","E","R","M","T","R","M","E","$","E","R","B"],"character_chosen":"DEFECT","items_purchased":[],"campfire_rested":0,"item_purchase_floors":[],"current_hp_per_floor":[64,64,64,64,64,16,16,18,18,18,12,12,12,16,16,0],"gold":158,"neow_bonus":"THREE_ENEMY_KILL","is_prod":false,"is_daily":false,"chose_seed":false,"campfire_upgraded":3,"win_rate":0,"timestamp":1559657588,"path_taken":["M","?","$","?","M","E","R","M","T","R","M","E","$","E","R","BOSS"],"build_version":"2019-01-23","purchased_purges":1,"victory":false,"max_hp_per_floor":[71,71,71,71,71,71,71,71,71,71,71,73,73,78,78,78],"card_choices":[{"not_picked":["Redo","Rebound","Force Field"],"picked":"SKIP","floor":1.0},{"not_picked":["Leap","FTL"],"picked":"Beam Cell","floor":4.0},{"not_picked":["Capacitor","Gash"],"picked":"Self Repair","floor":5.0},{"not_picked":["Chill","Compile Driver"],"picked":"Melter","floor":6.0},{"not_picked":["Leap","Stack","Reprogram"],"picked":"SKIP","floor":8.0},{"not_picked":["Storm","Hologram"],"picked":"Hyperbeam","floor":11.0},{"not_picked":["Hologram","Fusion","Beam Cell"],"picked":"Singing Bowl","floor":12.0},{"not_picked":["Leap","Cold Snap"],"picked":"Meteor Strike","floor":14.0}],"player_experience":1874586,"relics_obtained":[{"floor":6.0,"key":"Blood Vial"},{"floor":12.0,"key":"Singing Bowl"},{"floor":14.0,"key":"Vajra"}],"event_choices":[{"damage_healed":0.0,"max_hp_gain":0.0,"max_hp_loss":0.0,"gold_gain":0.0,"event_name":"WeMeetAgain","player_choice":"Paid Gold","floor":2.0,"gold_loss":70.0,"damage_taken":0.0,"relics_obtained":["Pantograph"]}],"is_beta":false,"boss_relics":[],"items_purged_floors":[13],"is_endless":false,"potions_floor_spawned":[5,11],"killed_by":"Slime Boss","ascension_level":20}