{"gold_per_floor":[112,112,28,28,28,57,69,69,69,96,110,35,35,81,81,154,154,166,166,185,185,85,85,105,105,105,135,10,23,23,52,52,131,131,148,148,167,17,33,58,58,58,58,89,89,124,124,155,155,155,155,155,155,102,135,135],"floor_reached":57,"playtime":2229,"items_purged":["Strike_G","Strike_G","Strike_G","Defend_G"],"score":3170,"play_id":"ac716806-c56c-4c66-8ca5-5b946b362583","local_time":"20190606163104","is_ascension_mode":true,"campfire_choices":[{"data":"Flechettes","floor":8.0,"key":"SMITH"},{"data":"Envenom","floor":15.0,"key":"SMITH"},{"data":"Well Laid Plans","floor":23,"key":"SMITH"},{"floor":25,"key":"REST"},{"data":"Concentrate","floor":32,"key":"SMITH"},{"data":"Acrobatics","floor":42,"key":"SMITH"},{"floor":49,"key":"RECALL"},{"data":"Expertise","floor":53,"key":"SMITH"}],"neow_cost":"NONE","seed_source_timestamp":347558536366780,"circlet_count":0,"master_deck":["AscendersBane","Defend_G","Defend_G","Defend_G","Survivor","Neutralize+1","Flechettes+1","Envenom+1","Well Laid Plans+1","Escape Plan","After Image","Corpse Explosion","Terror","Concentrate+1","Acrobatics+1","Footwork","Expertise+1"],"special_seed":0,"relics":["Ring of the Snake","NeowsBlessing","Dodecahedron","Pocketwatch","Blood Vial","PreservedInsect","Black Star","Ice Cream","Mummified Hand","Regal Pillow","Snake Skull","Omamori","Orrery","Anchor","Whetstone","StoneCalendar","Letter Opener","Meat on the Bone","Bottled Lightning","Happy Flower","Turnip","FossilizedHelix","Bird Faced Urn"],"potions_floor_usage":[16,37,56,56],"damage_taken":[{"damage":0.0,"enemies":"2 Louse","floor":1.0,"turns":1.0},{"damage":0.0,"enemies":"Lagavulin","floor":6.0,"turns":1.0},{"damage":0.0,"enemies":"Cultist","floor":7.0,"turns":1.0},{"damage":20.0,"enemies":"Gremlin Nob","floor":10.0,"turns":4.0},{"damage":0.0,"enemies":"Small Slimes","floor":11.0,"turns":2.0},{"damage":31,"enemies":"Slime Boss","floor":16,"turns":11},{"damage":15,"enemies":"Chosen","floor":18,"turns":6},{"damage":6,"enemies":"3 Byrds","floor":20,"turns":3},{"damage":20,"enemies":"Snecko","floor":24,"turns":6},{"damage":0,"enemies":"Gremlin Leader","floor":27,"turns":4},{"damage":5,"enemies":"Snake Plant","floor":29,"turns":4},{"damage":10,"enemies":"Book of Stabbing","floor":31,"turns":4},{"damage":10,"enemies":"Collector","floor":33,"turns":5},{"damage":1,"enemies":"Orb Walker","floor":35,"turns":3},{"damage":24,"enemies":"3 Darklings","floor":37,"turns":3},{"damage":6,"enemies":"4 Shapes","floor":39,"turns":6},{"damage":0,"enemies":"Nemesis","floor":40,"turns":5},{"damage":0,"enemies":"Reptomancer","floor":44,"turns":3},{"damage":0,"enemies":"Nemesis","floor":46,"turns":3},{"damage":13,"enemies":"Reptomancer","floor":48,"turns":4},{"damage":18,"enemies":"Donu and Deca","floor":50,"turns":4},{"damage":3,"enemies":"Awakened One","floor":51,"turns":6},{"damage":10,"enemies":"Shield and Spear","floor":55,"turns":4},{"damage":52,"enemies":"The Heart","floor":56,"turns":9}],"seed_played":"86743701776504105","potions_obtained":[{"floor":6.0,"key":"EssenceOfSteel"},{"floor":18,"key":"AttackPotion"},{"floor":24,"key":"FearPotion"},{"floor":46,"key":"Ancient Potion"}],"is_trial":false,"path_per_floor":["M","?","$","?","$","E","M","R","T","E","M","$","?","T","R","B",null,"M","?","M","?","$","R","M","R","T","E","$","M","?","E","R","B",null,"M","?","M","$","M","E","?","R","T","E","$","E","$","E","R","B","B",null,"R","$","E","B",null],"character_chosen":"THE_SILENT","items_purchased":["Flechettes","Dexterity Potion"],"campfire_rested":1,"item_purchase_floors":[3,54],"current_hp_per_floor":[59,59,59,64,64,64,64,64,64,44,46,46,46,46,46,17,58,45,45,41,41,41,41,23,44,44,46,46,43,43,35,35,27,60,61,61,39,39,35,37,37,37,37,39,39,41,41,42,42,38,37,63,63,63,55,25],"gold":135,"neow_bonus":"THREE_ENEMY_KILL","is_prod":false,"is_daily":false,"chose_seed":false,"campfire_upgraded":6,"win_rate":0,"timestamp":1559809864,"path_taken":["M","?","?","?","$","E","M","R","T","E","?","$","?","?","R","BOSS","M","?","M","?","$","R","M","R","T","E","?","?","?","E","R","BOSS","M","?","M","?","M","E","?","R","T","E","$","E","$","E","R","BOSS","BOSS","R","$","E","BOSS"],"build_version":"2019-01-23","purchased_purges":4,"victory":true,"max_hp_per_floor":[66,66,66,71,71,71,71,71,71,71,71,71,71,71,71,71,71,71,71,71,71,71,71,71,71,71,71,71,71,71,71,71,71,71,71,71,71,71,71,71,71,71,71,71,71,71,71,71,71,71,71,71,71,71,71,71],"card_choices":[{"not_picked":["Poisoned Stab","Concentrate","Slice"],"picked":"SKIP","floor":1.0},{"not_picked":["Sucker Punch","Distraction"],"picked":"Envenom","floor":6.0},{"not_picked":["PiercingWail","Outmaneuver","Dash"],"picked":"SKIP","floor":7.0},{"not_picked":["Outmaneuver","Eviscerate"],"picked":"Well Laid Plans","floor":10.0},{"not_picked":["Dodge and Roll","Dash"],"picked":"Escape Plan","floor":11.0},{"not_picked":["Venomology","Malaise"],"picked":"Corpse Explosion","floor":16},{"not_picked":["Deadly Poison","Eviscerate+1"],"picked":"Terror","floor":18},{"not_picked":["Heel Hook","Flying Knee","Accuracy"],"picked":"SKIP","floor":20},{"not_picked":["Sucker Punch","Quick Slash","Dagger Throw"],"picked":"SKIP","floor":24},{"not_picked":["Doppelganger","Riddle With Holes"],"picked":"Backflip","floor":27},{"not_picked":["Underhanded Strike","Bane","Deflect"],"picked":"SKIP","floor":29},{"not_picked":["Quick Slash","Sucker Punch"],"picked":"Concentrate","floor":31},{"not_picked":["Predator","Outmaneuver"],"picked":"Acrobatics","floor":34},{"not_picked":["Reflex","Infinite Blades"],"picked":"Footwork","floor":34},{"not_picked":["Backstab","Slice"],"picked":"Expertise","floor":34},{"not_picked":["Dagger Spray","Underhanded Strike","Bane"],"picked":"SKIP","floor":35},{"not_picked":["Dash","Prepared","Sucker Punch"],"picked":"SKIP","floor":37},{"not_picked":["Quick Slash","Flechettes","Endless Agony"],"picked":"SKIP","floor":39},{"not_picked":["Backflip","Malaise","Flechettes"],"picked":"SKIP","floor":40},{"not_picked":["A Thousand Cuts","Predator","Quick Slash"],"picked":"SKIP","floor":44},{"not_picked":["Underhanded Strike","Flying Knee","Escape Plan"],"picked":"SKIP","floor":46},{"not_picked":["Infinite Blades","Bane+1","Slice+1"],"picked":"SKIP","floor":48},{"not_picked":["Concentrate+1","Tools of the Trade","Backstab"],"picked":"SKIP","floor":55}],"player_experience":1887096,"relics_obtained":[{"floor":6.0,"key":"Dodecahedron"},{"floor":9.0,"key":"Pocketwatch"},{"floor":10.0,"key":"Blood Vial"},{"floor":14.0,"key":"PreservedInsect"},{"floor":26,"key":"Ice Cream"},{"floor":27,"key":"Mummified Hand"},{"floor":27,"key":"Regal Pillow"},{"floor":31,"key":"Snake Skull"},{"floor":31,"key":"Omamori"},{"floor":40,"key":"Whetstone"},{"floor":40,"key":"StoneCalendar"},{"floor":44,"key":"Letter Opener"},{"floor":44,"key":"Meat on the Bone"},{"floor":46,"key":"Bottled Lightning"},{"floor":48,"key":"Happy Flower"},{"floor":48,"key":"Turnip"},{"floor":55,"key":"FossilizedHelix"},{"floor":55,"key":"Bird Faced Urn"}],"event_choices":[{"damage_healed":0.0,"max_hp_gain":0.0,"max_hp_loss":0.0,"gold_gain":0.0,"event_name":"Upgrade Shrine","player_choice":"Upgraded","floor":2.0,"gold_loss":0.0,"damage_taken":0.0,"cards_upgraded":["Neutralize"]},{"damage_healed":0.0,"max_hp_gain":5.0,"max_hp_loss":0.0,"gold_gain":0.0,"event_name":"Big Fish","player_choice":"Donut","floor":4.0,"gold_loss":0.0,"damage_taken":0.0},{"damage_healed":0.0,"max_hp_gain":0.0,"max_hp_loss":0.0,"gold_gain":0.0,"cards_transformed":["Strike_G"],"event_name":"Living Wall","player_choice":"Change","floor":13.0,"gold_loss":0.0,"damage_taken":0.0,"cards_obtained":["After Image"]},{"damage_healed":0,"gold_gain":0,"player_choice":"Ignored","damage_taken":0,"max_hp_gain":0,"max_hp_loss":0,"event_name":"Vampires","floor":19,"gold_loss":0},{"damage_healed":0,"gold_gain":0,"player_choice":"Ignored","damage_taken":0,"max_hp_gain":0,"max_hp_loss":0,"event_name":"The Mausoleum","floor":21,"gold_loss":0},{"cards_removed":["Strike_G"],"damage_healed":0,"gold_gain":0,"player_choice":"Offered Basic","damage_taken":0,"max_hp_gain":0,"max_hp_loss":0,"event_name":"Bonfire Elementals","floor":30,"gold_loss":0},{"cards_removed":["Backflip"],"damage_healed":0,"gold_gain":0,"player_choice":"Gave Card","damage_taken":0,"relics_obtained":["Anchor"],"max_hp_gain":0,"max_hp_loss":0,"event_name":"WeMeetAgain","floor":36,"gold_loss":0},{"cards_removed":["Defend_G"],"damage_healed":0,"gold_gain":0,"player_choice":"Removed Skill","damage_taken":0,"max_hp_gain":0,"max_hp_loss":0,"event_name":"Falling","floor":41,"gold_loss":0}],"is_beta":false,"boss_relics":[{"not_picked":["Cursed Key","Fusion Hammer"],"picked":"Black Star"},{"not_picked":["WristBlade","Lizard Tail"],"picked":"Orrery"}],"items_purged_floors":[12,22,28,38],"is_endless":false,"potions_floor_spawned":[6,18,24,29,31,46],"ascension_level":20}