{"gold_per_floor":[111,72,84,30,41,41,68,68,149,149],"floor_reached":10,"playtime":292,"items_purged":[],"score":132,"play_id":"e282f8c1-c895-41db-abcb-aeac92a84ec6","local_time":"20190606023505","is_ascension_mode":true,"campfire_choices":[{"data":"Armaments","floor":6.0,"key":"SMITH"},{"data":"True Grit","floor":8.0,"key":"SMITH"}],"neow_cost":"NONE","seed_source_timestamp":299255745105214,"circlet_count":0,"master_deck":["AscendersBane","Strike_R","Strike_R","Strike_R","Strike_R","Strike_R","Defend_R","Defend_R","Defend_R","Defend_R","Bash","True Grit+1","Second Wind","Armaments+1","Body Slam"],"special_seed":0,"relics":["Burning Blood","NeowsBlessing","Art of War","Shuriken","Meat on the Bone"],"potions_floor_usage":[],"damage_taken":[{"damage":0.0,"enemies":"2 Louse","floor":1.0,"turns":1.0},{"damage":0.0,"enemies":"Cultist","floor":3.0,"turns":1.0},{"damage":0.0,"enemies":"Jaw Worm","floor":5.0,"turns":2.0},{"damage":36.0,"enemies":"Lagavulin","floor":7.0,"turns":9.0},{"damage":35,"enemies":"3 Sentries","floor":10,"turns":7}],"seed_played":"-4806539744724335461","potions_obtained":[{"floor":3.0,"key":"Swift Potion"}],"is_trial":false,"path_per_floor":["M","$","M","?","M","R","E","R","T","E"],"character_chosen":"IRONCLAD","items_purchased":["Second Wind"],"campfire_rested":0,"item_purchase_floors":[2],"current_hp_per_floor":[74,74,75,75,75,75,45,45,45,10],"gold":149,"neow_bonus":"THREE_ENEMY_KILL","is_prod":false,"is_daily":false,"chose_seed":false,"campfire_upgraded":2,"win_rate":0,"timestamp":1559759705,"path_taken":["M","$","M","?","?","R","E","R","T","E"],"build_version":"2019-01-23","purchased_purges":0,"victory":false,"max_hp_per_floor":[75,75,75,75,75,75,75,75,75,75],"card_choices":[{"not_picked":["Clash","Anger"],"picked":"True Grit","floor":1.0},{"not_picked":["Cleave","Heavy Blade"],"picked":"Armaments","floor":3.0},{"not_picked":["Corruption","Pommel Strike"],"picked":"Body Slam","floor":5.0},{"not_picked":["Clash","Headbutt","Intimidate"],"picked":"SKIP","floor":7.0}],"player_experience":1883932,"relics_obtained":[{"floor":7.0,"key":"Shuriken"},{"floor":9.0,"key":"Meat on the Bone"}],"event_choices":[{"damage_healed":0.0,"max_hp_gain":0.0,"max_hp_loss":0.0,"gold_gain":0.0,"event_name":"WeMeetAgain","player_choice":"Paid Gold","floor":4.0,"gold_loss":54.0,"damage_taken":0.0,"relics_obtained":["Art of War"]}],"is_beta":false,"boss_relics":[],"items_purged_floors":[],"is_endless":false,"potions_floor_spawned":[3],"killed_by":"3 Sentries","ascension_level":20}