{"gold_per_floor":[109,34,34,34,109,144,144,180,233,82,82,102,102,176,176,267,267,292,81,81,81,81,121,121,140,140,140,140,184,252,277,277,370,370,389,405,419,444,464,464,497,522,522,502,502,520,99,113,113,113,113,113,113,19,59,59],"floor_reached":57,"playtime":2878,"items_purged":["Strike_R","Strike_R","Strike_R","Bash"],"score":2537,"play_id":"1ae65258-2f73-41e6-9d5a-6d5ce326a891","local_time":"20190607163137","is_ascension_mode":true,"campfire_choices":[{"floor":7.0,"key":"REST"},{"data":"Demon Form","floor":13.0,"key":"SMITH"},{"floor":15.0,"key":"REST"},{"data":"True Grit","floor":24.0,"key":"SMITH"},{"data":"Battle Trance","floor":28.0,"key":"SMITH"},{"data":"Burning Pact","floor":32.0,"key":"SMITH"},{"floor":40.0,"key":"REST"},{"data":"Entrench","floor":45.0,"key":"SMITH"},{"floor":49.0,"key":"RECALL"},{"data":"Feel No Pain","floor":53.0,"key":"SMITH"}],"neow_cost":"NONE","seed_source_timestamp":432517814513779,"circlet_count":0,"master_deck":["AscendersBane","Defend_R","Defend_R","Demon Form+1","Battle Trance+1","Shrug It Off","Power Through","Burning Pact+1","Impervious","True Grit+1","Evolve","Dropkick","Fiend Fire","Feel No Pain+1","Armaments+1","Second Wind","Bloodletting","Barricade+1","Rampage","Juggernaut+1","Entrench+1","Seeing Red+1","Master of Strategy","Shockwave","Feel No Pain+1","Feel No Pain+1"],"special_seed":0,"relics":["Burning Blood","Golden Idol","Mercury Hourglass","Torii","Bag of Marbles","Bottled Tornado","White Beast Statue","Boot","Mummified Hand","Red Mask","Frozen Egg 2","Empty Cage","Happy Flower","Pantograph"],"potions_floor_usage":[55,56],"damage_taken":[{"damage":4.0,"enemies":"Jaw Worm","floor":1.0,"turns":5.0},{"damage":32.0,"enemies":"Gremlin Nob","floor":6.0,"turns":4.0},{"damage":25.0,"enemies":"Lagavulin","floor":8.0,"turns":7.0},{"damage":0.0,"enemies":"Small Slimes","floor":12.0,"turns":3.0},{"damage":21.0,"enemies":"3 Sentries","floor":14.0,"turns":7.0},{"damage":18.0,"enemies":"Slime Boss","floor":16.0,"turns":8.0},{"damage":25.0,"enemies":"3 Byrds","floor":18.0,"turns":6.0},{"damage":33.0,"enemies":"Book of Stabbing","floor":23.0,"turns":4.0},{"damage":1.0,"enemies":"Chosen","floor":25.0,"turns":6.0},{"damage":1.0,"enemies":"Colosseum Slavers","floor":27.0,"turns":5.0},{"damage":9.0,"enemies":"Masked Bandits","floor":29.0,"turns":9.0},{"damage":1.0,"enemies":"Shelled Parasite and Fungi","floor":31.0,"turns":6.0},{"damage":16.0,"enemies":"Automaton","floor":33.0,"turns":13.0},{"damage":18.0,"enemies":"3 Shapes","floor":35.0,"turns":6.0},{"damage":25.0,"enemies":"3 Darklings","floor":36.0,"turns":8.0},{"damage":12.0,"enemies":"Maw","floor":37.0,"turns":8.0},{"damage":6.0,"enemies":"Jaw Worm Horde","floor":38.0,"turns":6.0},{"damage":3.0,"enemies":"Spire Growth","floor":39.0,"turns":9.0},{"damage":23.0,"enemies":"Giant Head","floor":41.0,"turns":9.0},{"damage":12.0,"enemies":"Writhing Mass","floor":42.0,"turns":8.0},{"damage":1.0,"enemies":"Maw","floor":46.0,"turns":7.0},{"damage":12.0,"enemies":"Jaw Worm Horde","floor":48.0,"turns":5.0},{"damage":8.0,"enemies":"Donu and Deca","floor":50.0,"turns":10.0},{"damage":21.0,"enemies":"Time Eater","floor":51.0,"turns":13.0},{"damage":58,"enemies":"Shield and Spear","floor":55,"turns":11},{"damage":4,"enemies":"The Heart","floor":56,"turns":10}],"seed_played":"3146315407756943246","potions_obtained":[{"floor":11.0,"key":"EntropicBrew"},{"floor":11.0,"key":"BloodPotion"},{"floor":14.0,"key":"Poison Potion"},{"floor":16.0,"key":"AttackPotion"},{"floor":23.0,"key":"EntropicBrew"},{"floor":25.0,"key":"Ancient Potion"},{"floor":29.0,"key":"BloodPotion"},{"floor":31.0,"key":"BloodPotion"},{"floor":33.0,"key":"Swift Potion"},{"floor":35.0,"key":"Ancient Potion"},{"floor":37.0,"key":"SkillPotion"},{"floor":38.0,"key":"SpeedPotion"},{"floor":39.0,"key":"PowerPotion"},{"floor":44.0,"key":"Block Potion"},{"floor":48.0,"key":"FearPotion"},{"floor":55,"key":"PowerPotion"}],"is_trial":false,"path_per_floor":["M","$","?","?","?","E","R","E","T","$","?","M","R","?","R","B",null,"M","$","?","?","?","E","R","M","T","?","R","?","T","M","R","B",null,"M","M","M","M","M","R","E","M","T","?","R","M","$","M","R","B","B",null,"R","$","E","B",null],"character_chosen":"IRONCLAD","items_purchased":["Shrug It Off","Evolve","Master of Strategy","Shockwave","Feel No Pain+1","Dexterity Potion"],"campfire_rested":3,"item_purchase_floors":[10,19,47,47,54,54],"current_hp_per_floor":[70,70,70,44,33,7,29,10,10,10,10,23,23,8,30,18,61,42,42,42,42,42,15,15,20,20,25,25,22,22,34,34,31,64,52,33,27,27,30,52,35,29,29,29,29,34,34,28,28,26,11,59,59,59,7,34],"gold":59,"neow_bonus":"TRANSFORM_CARD","is_prod":false,"is_daily":false,"chose_seed":false,"campfire_upgraded":6,"win_rate":0,"timestamp":1559896297,"path_taken":["M","$","?","?","?","E","R","E","T","$","?","?","R","?","R","BOSS","M","$","?","?","?","E","R","M","T","?","R","?","?","?","R","BOSS","M","M","M","M","M","R","E","M","T","?","R","M","$","M","R","BOSS","BOSS","R","$","E","BOSS"],"build_version":"2019-01-23","purchased_purges":4,"victory":true,"max_hp_per_floor":[75,75,75,75,75,75,75,75,75,75,75,75,75,75,75,75,75,75,75,75,75,75,75,75,75,75,75,75,75,75,75,75,75,75,75,75,75,75,75,75,75,75,75,75,75,75,75,75,75,75,75,75,75,75,75,75],"card_choices":[{"not_picked":["Thunderclap","Corruption"],"picked":"Pommel Strike","floor":1.0},{"not_picked":["Clothesline","Sever Soul","Warcry"],"picked":"SKIP","floor":6.0},{"not_picked":["Pommel Strike","Thunderclap"],"picked":"Battle Trance","floor":8.0},{"not_picked":["Pommel Strike","Reckless Charge"],"picked":"Power Through","floor":12.0},{"not_picked":["Pommel Strike","Wild Strike"],"picked":"Burning Pact","floor":14.0},{"not_picked":["Demon Form","Juggernaut"],"picked":"Impervious","floor":16.0},{"not_picked":["Blood for Blood","Clash+1"],"picked":"True Grit","floor":18.0},{"not_picked":["Rampage","Pommel Strike"],"picked":"Feel No Pain","floor":23.0},{"not_picked":["Whirlwind","Clothesline"],"picked":"Armaments+1","floor":25.0},{"not_picked":["Searing Blow","Sword Boomerang"],"picked":"Second Wind","floor":29.0},{"not_picked":["Bloodletting","Havoc","Dual Wield"],"picked":"SKIP","floor":31.0},{"not_picked":["Havoc","Dual Wield"],"picked":"Bloodletting","floor":31.0},{"not_picked":["Reaper","Bludgeon"],"picked":"Barricade+1","floor":33.0},{"not_picked":["Anger","Warcry"],"picked":"Rampage","floor":35.0},{"not_picked":["Blood for Blood","Iron Wave","Thunderclap"],"picked":"SKIP","floor":36.0},{"not_picked":["Twin Strike","Pommel Strike","Wild Strike"],"picked":"SKIP","floor":37.0},{"not_picked":["Dropkick","Havoc"],"picked":"Juggernaut+1","floor":38.0},{"not_picked":["Havoc","Combust+1","Headbutt+1"],"picked":"SKIP","floor":39.0},{"not_picked":["Perfected Strike","Twin Strike+1","Wild Strike"],"picked":"SKIP","floor":41.0},{"not_picked":["Sentinel","Sword Boomerang"],"picked":"Entrench","floor":42.0},{"not_picked":["Dual Wield","Sword Boomerang"],"picked":"Seeing Red+1","floor":46.0},{"not_picked":["Infernal Blade","Pommel Strike","Anger"],"picked":"SKIP","floor":48.0},{"not_picked":["Uppercut","Heavy Blade"],"picked":"Feel No Pain+1","floor":55}],"player_experience":1894741,"relics_obtained":[{"floor":6.0,"key":"Mercury Hourglass"},{"floor":8.0,"key":"Torii"},{"floor":9.0,"key":"Bag of Marbles"},{"floor":14.0,"key":"Bottled Tornado"},{"floor":23.0,"key":"Boot"},{"floor":26.0,"key":"Mummified Hand"},{"floor":29.0,"key":"Red Mask"},{"floor":30.0,"key":"Frozen Egg 2"},{"floor":41.0,"key":"Happy Flower"},{"floor":55,"key":"Pantograph"}],"event_choices":[{"damage_healed":0.0,"max_hp_gain":0.0,"max_hp_loss":0.0,"gold_gain":0.0,"event_name":"Liars Game","player_choice":"Ignored","floor":3.0,"gold_loss":0.0,"damage_taken":0.0},{"damage_healed":0.0,"max_hp_gain":0.0,"max_hp_loss":0.0,"gold_gain":0.0,"event_name":"Golden Idol","player_choice":"Take Damage","floor":4.0,"gold_loss":0.0,"damage_taken":26.0,"relics_obtained":["Golden Idol"]},{"damage_healed":0.0,"max_hp_gain":0.0,"max_hp_loss":0.0,"gold_gain":75.0,"event_name":"World of Goop","player_choice":"Gather Gold","floor":5.0,"gold_loss":0.0,"damage_taken":11.0},{"damage_healed":0.0,"max_hp_gain":0.0,"max_hp_loss":0.0,"gold_gain":0.0,"event_name":"Lab","player_choice":"Got Potions","floor":11.0,"gold_loss":0.0,"damage_taken":0.0},{"damage_healed":0.0,"max_hp_gain":0.0,"max_hp_loss":0.0,"gold_gain":30.0,"event_name":"Dead Adventurer","player_choice":"Searched \u00272\u0027 times","floor":14.0,"gold_loss":0.0,"damage_taken":0.0},{"damage_healed":0.0,"max_hp_gain":0.0,"max_hp_loss":0.0,"gold_gain":0.0,"cards_transformed":["Defend_R","Strike_R"],"event_name":"Drug Dealer","player_choice":"Became Test Subject","floor":20.0,"gold_loss":0.0,"damage_taken":0.0,"cards_obtained":["Dropkick","Fiend Fire"]},{"damage_healed":0.0,"max_hp_gain":0.0,"max_hp_loss":0.0,"gold_gain":0.0,"event_name":"The Mausoleum","player_choice":"Ignored","floor":21.0,"gold_loss":0.0,"damage_taken":0.0},{"damage_healed":0.0,"max_hp_gain":0.0,"max_hp_loss":0.0,"gold_gain":0.0,"event_name":"Cursed Tome","player_choice":"Ignored","floor":22.0,"gold_loss":0.0,"damage_taken":0.0},{"damage_healed":0.0,"max_hp_gain":0.0,"max_hp_loss":0.0,"gold_gain":0.0,"event_name":"Colosseum","player_choice":"Fight","floor":27.0,"gold_loss":0.0,"damage_taken":0.0},{"damage_healed":0.0,"max_hp_gain":0.0,"max_hp_loss":0.0,"gold_gain":0.0,"event_name":"Colosseum","player_choice":"Fled From Nobs","floor":27.0,"gold_loss":0.0,"damage_taken":0.0},{"damage_healed":0.0,"max_hp_gain":0.0,"max_hp_loss":0.0,"gold_gain":0.0,"event_name":"Masked Bandits","player_choice":"Fought Bandits","floor":29.0,"gold_loss":0.0,"damage_taken":0.0},{"damage_healed":0.0,"max_hp_gain":0.0,"max_hp_loss":0.0,"gold_gain":0.0,"event_name":"The Woman in Blue","player_choice":"Bought 1 Potion","floor":44.0,"gold_loss":0.0,"damage_taken":0.0}],"is_beta":false,"boss_relics":[{"not_picked":["Snecko Eye","Ectoplasm"],"picked":"White Beast Statue"},{"not_picked":["Tiny House","Lizard Tail"],"picked":"Empty Cage"}],"items_purged_floors":[2,10,19,47],"is_endless":false,"potions_floor_spawned":[14,16,18,23,25,27,29,31,33,35,36,37,38,39,41,42,46,48,55],"ascension_level":20}