{"gold_per_floor":[118,118,135,187,187,225,225,269,339,339,339,264,264,5,5,5],"floor_reached":16,"playtime":202,"items_purged":["Strike_R"],"score":258,"play_id":"5ca7a57c-6101-4649-a2c9-502ddf20acb2","local_time":"20190531164047","is_ascension_mode":true,"campfire_choices":[{"data":"Burning Pact","floor":7,"key":"SMITH"},{"data":"Inflame","floor":10,"key":"SMITH"},{"data":"Second Wind","floor":15,"key":"SMITH"}],"neow_cost":"NONE","seed_source_timestamp":80258689687840,"circlet_count":0,"master_deck":["AscendersBane","Strike_R","Strike_R","Strike_R","Strike_R","Defend_R","Defend_R","Defend_R","Defend_R","Bash","Second Wind+1","Burning Pact+1","Inflame+1","Evolve"],"relics":["Burning Blood","NeowsBlessing","Golden Idol","Gremlin Horn","FossilizedHelix","Bottled Lightning","Medical Kit"],"potions_floor_usage":[16,16],"damage_taken":[{"damage":0,"enemies":"Small Slimes","floor":1,"turns":1},{"damage":0,"enemies":"Jaw Worm","floor":3,"turns":1},{"damage":0,"enemies":"3 Sentries","floor":6,"turns":2},{"damage":45,"enemies":"Gremlin Nob","floor":8,"turns":5},{"damage":42,"enemies":"The Guardian","floor":16,"turns":10}],"seed_played":"4913352471183233759","potions_obtained":[{"floor":8,"key":"Weak Potion"},{"floor":13,"key":"Regen Potion"},{"floor":13,"key":"Block Potion"}],"is_trial":false,"path_per_floor":["M","?","M","T","?","E","R","E","T","R","?","$","?","$","R","B"],"character_chosen":"IRONCLAD","items_purchased":["Evolve","Medical Kit"],"campfire_rested":0,"item_purchase_floors":[14,14],"current_hp_per_floor":[74,74,75,75,49,55,55,16,16,16,41,41,41,41,41,14],"gold":5,"neow_bonus":"THREE_ENEMY_KILL","is_prod":false,"is_daily":false,"chose_seed":false,"campfire_upgraded":3,"win_rate":0,"timestamp":1559292047,"path_taken":["M","?","M","?","?","E","R","E","T","R","?","$","?","$","R","BOSS"],"build_version":"2019-01-23","purchased_purges":1,"victory":false,"max_hp_per_floor":[75,75,75,75,75,75,75,75,75,75,75,75,75,75,75,75],"card_choices":[{"not_picked":["Body Slam","Havoc"],"picked":"Second Wind","floor":1},{"not_picked":["True Grit","Twin Strike"],"picked":"Burning Pact","floor":3},{"not_picked":["Havoc","Corruption","Anger"],"picked":"SKIP","floor":6},{"not_picked":["True Grit","Cleave"],"picked":"Inflame","floor":8}],"player_experience":1803308,"relics_obtained":[{"floor":6,"key":"Gremlin Horn"},{"floor":8,"key":"FossilizedHelix"},{"floor":9,"key":"Bottled Lightning"}],"event_choices":[{"damage_healed":0,"gold_gain":0,"player_choice":"Ignored","damage_taken":0,"max_hp_gain":0,"max_hp_loss":0,"event_name":"Liars Game","floor":2,"gold_loss":0},{"damage_healed":0,"gold_gain":0,"player_choice":"Take Damage","damage_taken":26,"relics_obtained":["Golden Idol"],"max_hp_gain":0,"max_hp_loss":0,"event_name":"Golden Idol","floor":5,"gold_loss":0},{"damage_healed":25,"gold_gain":0,"player_choice":"Banana","damage_taken":0,"max_hp_gain":0,"max_hp_loss":0,"event_name":"Big Fish","floor":11,"gold_loss":0},{"damage_healed":0,"gold_gain":0,"player_choice":"Got Potions","damage_taken":0,"max_hp_gain":0,"max_hp_loss":0,"event_name":"Lab","floor":13,"gold_loss":0}],"is_beta":false,"boss_relics":[],"items_purged_floors":[12],"is_endless":false,"potions_floor_spawned":[8],"killed_by":"The Guardian","ascension_level":20}