{"gold_per_floor":[109,28,47,47,47,76,76,76,76,86,8,69,69,85,85,85],"floor_reached":16,"playtime":291,"items_purged":[],"score":246,"play_id":"52589410-c46e-4957-b59a-12b943841587","local_time":"20190714212158","is_ascension_mode":true,"campfire_choices":[{"data":"Zap","floor":7,"key":"SMITH"},{"data":"Coolheaded","floor":15,"key":"SMITH"}],"neow_cost":"NONE","seed_source_timestamp":1677574566162853,"circlet_count":0,"master_deck":["AscendersBane","Strike_B","Strike_B","Strike_B","Defend_B","Defend_B","Defend_B","Defend_B","Zap+1","Dualcast","Coolheaded+1","Undo","Melter","Heatsinks","Turbo","Defragment+1","Self Repair+1","Chill"],"special_seed":0,"relics":["Cracked Core","NeowsBlessing","Calipers","Frozen Egg 2","Peace Pipe"],"potions_floor_usage":[14],"damage_taken":[{"damage":0.0,"enemies":"Jaw Worm","floor":1.0,"turns":1.0},{"damage":0.0,"enemies":"2 Louse","floor":3.0,"turns":1.0},{"damage":0,"enemies":"Gremlin Nob","floor":6,"turns":1},{"damage":0,"enemies":"Cultist","floor":10,"turns":4},{"damage":53,"enemies":"Gremlin Nob","floor":12,"turns":5},{"damage":7,"enemies":"3 Louse","floor":14,"turns":4},{"damage":6,"enemies":"Hexaghost","floor":16,"turns":9}],"seed_played":"598704802824514248","potions_obtained":[{"floor":6,"key":"Energy Potion"},{"floor":10,"key":"SteroidPotion"},{"floor":14,"key":"Fire Potion"}],"is_trial":false,"path_per_floor":["M","$","M","?","?","E","R","T","T","M","$","?","$","M","R","B"],"character_chosen":"DEFECT","items_purchased":["Undo","Defragment+1"],"campfire_rested":0,"item_purchase_floors":[2,11],"current_hp_per_floor":[64,64,64,64,64,64,64,64,64,64,64,11,11,14,14,8],"gold":85,"neow_bonus":"THREE_ENEMY_KILL","is_prod":false,"is_daily":false,"chose_seed":false,"campfire_upgraded":2,"win_rate":0,"timestamp":1563110518,"path_taken":["M","$","M","?","?","E","R","?","T","M","$","?","?","M","R","BOSS"],"build_version":"2019-07-05","purchased_purges":0,"victory":false,"max_hp_per_floor":[71,71,71,71,71,71,71,71,71,71,71,71,71,71,71,71],"card_choices":[{"not_picked":["Beam Cell","Capacitor"],"picked":"Coolheaded","floor":1.0},{"not_picked":["Doom and Gloom","Cold Snap"],"picked":"Melter","floor":3.0},{"not_picked":["Genetic Algorithm","Turbo"],"picked":"Heatsinks","floor":6},{"not_picked":["Self Repair+1","Rebound"],"picked":"Turbo","floor":10},{"not_picked":["Hello World+1","Steam Power"],"picked":"Self Repair+1","floor":12},{"not_picked":["Scrape","Stack"],"picked":"Chill","floor":14}],"player_experience":2016200,"relics_obtained":[{"floor":6,"key":"Calipers"},{"floor":8,"key":"Frozen Egg 2"},{"floor":12,"key":"Peace Pipe"}],"event_choices":[{"cards_removed":["Strike_B"],"damage_healed":0,"gold_gain":0,"player_choice":"Forget","damage_taken":0,"max_hp_gain":0,"max_hp_loss":0,"event_name":"Living Wall","floor":4,"gold_loss":0},{"damage_healed":0,"gold_gain":0,"player_choice":"Ignored","damage_taken":0,"max_hp_gain":0,"max_hp_loss":0,"event_name":"Liars Game","floor":5,"gold_loss":0},{"damage_healed":0,"gold_gain":0,"player_choice":"Searched \u00271\u0027 times","damage_taken":0,"max_hp_gain":0,"max_hp_loss":0,"event_name":"Dead Adventurer","floor":12,"gold_loss":0}],"is_beta":false,"boss_relics":[],"items_purged_floors":[],"is_endless":false,"potions_floor_spawned":[6,10,12,14],"killed_by":"Hexaghost","ascension_level":20}