{"gold_per_floor":[116,116,133,183,195,215,225,225,225,239,239,264,264,296,296,296],"floor_reached":16,"playtime":621,"items_purged":[],"score":196,"play_id":"d56ffe5a-89f5-4c94-8ad6-0af2b2f9cd09","local_time":"20190730181956","is_ascension_mode":true,"campfire_choices":[{"floor":8,"key":"REST"},{"data":"Neutralize","floor":11,"key":"SMITH"},{"data":"Deadly Poison","floor":13,"key":"SMITH"},{"data":"Caltrops","floor":15,"key":"SMITH"}],"neow_cost":"NONE","seed_source_timestamp":324072120994930,"circlet_count":0,"master_deck":["AscendersBane","Strike_G","Strike_G","Strike_G","Strike_G","Strike_G","Defend_G","Defend_G","Defend_G","Defend_G","Defend_G","Survivor","Neutralize+1","PiercingWail","Pain","Caltrops+1","Deadly Poison+1","Quick Slash","Dagger Spray","Cloak And Dagger"],"relics":["Ring of the Snake","WarpedTongs","Sundial","Singing Bowl","Strawberry"],"potions_floor_usage":[12,14,16],"damage_taken":[{"damage":0,"enemies":"Cultist","floor":1,"turns":6},{"damage":10,"enemies":"Small Slimes","floor":3,"turns":6},{"damage":2,"enemies":"2 Louse","floor":5,"turns":3},{"damage":5,"enemies":"2 Fungi Beasts","floor":6,"turns":4},{"damage":29,"enemies":"Exordium Thugs","floor":7,"turns":6},{"damage":3,"enemies":"3 Louse","floor":10,"turns":4},{"damage":7,"enemies":"Lagavulin","floor":12,"turns":10},{"damage":21,"enemies":"3 Sentries","floor":14,"turns":6},{"damage":22,"enemies":"The Guardian","floor":16,"turns":11}],"seed_played":"-8447218456586782546","potions_obtained":[{"floor":6,"key":"SpeedPotion"},{"floor":7,"key":"Block Potion"},{"floor":12,"key":"FearPotion"}],"is_trial":false,"path_per_floor":["M","?","M","?","M","M","M","R","T","M","R","E","R","E","R","B"],"character_chosen":"THE_SILENT","items_purchased":[],"campfire_rested":1,"item_purchase_floors":[],"current_hp_per_floor":[65,65,55,55,53,48,19,40,40,37,37,32,32,20,20,0],"gold":296,"neow_bonus":"TEN_PERCENT_HP_BONUS","is_prod":false,"is_daily":false,"chose_seed":false,"campfire_upgraded":3,"win_rate":0,"timestamp":1564525196,"path_taken":["M","?","?","?","?","M","M","R","T","M","R","E","R","E","R","BOSS"],"build_version":"2019-07-17","purchased_purges":0,"victory":false,"max_hp_per_floor":[72,72,72,72,72,72,72,72,72,72,72,74,74,83,83,83],"card_choices":[{"not_picked":["Underhanded Strike","Sucker Punch"],"picked":"PiercingWail","floor":1},{"not_picked":["Backflip","Flying Knee"],"picked":"Caltrops","floor":3},{"not_picked":["Riddle With Holes","Sucker Punch"],"picked":"Deadly Poison","floor":5},{"not_picked":["Sucker Punch","Blade Dance"],"picked":"Quick Slash","floor":6},{"not_picked":["Sucker Punch","Poisoned Stab"],"picked":"Dagger Spray","floor":7},{"not_picked":["Setup","Outmaneuver"],"picked":"Cloak And Dagger","floor":10},{"not_picked":["Deflect","Quick Slash","Riddle With Holes"],"picked":"Singing Bowl","floor":12},{"not_picked":["Acrobatics","Skewer","Blur"],"picked":"Singing Bowl","floor":14}],"player_experience":1603848,"relics_obtained":[{"floor":9,"key":"Sundial"},{"floor":12,"key":"Singing Bowl"},{"floor":14,"key":"Strawberry"}],"event_choices":[{"damage_healed":0,"gold_gain":0,"player_choice":"Rummage","damage_taken":0,"relics_obtained":["WarpedTongs"],"max_hp_gain":0,"max_hp_loss":0,"event_name":"Accursed Blacksmith","floor":2,"gold_loss":0,"cards_obtained":["Pain"]},{"damage_healed":0,"gold_gain":50,"player_choice":"Pray","damage_taken":0,"max_hp_gain":0,"max_hp_loss":0,"event_name":"Golden Shrine","floor":4,"gold_loss":0}],"is_beta":false,"boss_relics":[],"items_purged_floors":[],"is_endless":false,"potions_floor_spawned":[6,7,12],"killed_by":"The Guardian","ascension_level":15}