{"gold_per_floor":[112,112,128,144,69,69,99,109,166,176,176,194,269,195,195,298,298,313,313,123,138,138,138,170,170,170,187,187,200,16,91,91,91],"floor_reached":33,"playtime":1359,"items_purged":["Strike_R"],"score":345,"play_id":"bb41ba87-55b0-46b3-b930-76aa92f258d6","local_time":"20190528182445","is_ascension_mode":true,"campfire_choices":[{"data":"Wild Strike","floor":6.0,"key":"SMITH"},{"data":"Juggernaut","floor":15.0,"key":"SMITH"},{"data":"Armaments","floor":23.0,"key":"SMITH"},{"data":"Corruption","floor":25.0,"key":"SMITH"},{"data":"Shrug It Off","floor":28.0,"key":"SMITH"},{"floor":32.0,"key":"REST"}],"neow_cost":"NONE","seed_source_timestamp":201825764138732,"circlet_count":0,"master_deck":["Strike_R","Strike_R","Strike_R","Strike_R","Defend_R","Defend_R","Defend_R","Bash","Shrug It Off+1","Impervious","Wild Strike+1","Juggernaut+1","Corruption+1","Shrug It Off","Feel No Pain","Exhume","Warcry","Shrug It Off","Armaments+1","Dual Wield","Entrench+1","Infernal Blade","Armaments","Jack Of All Trades"],"special_seed":0,"relics":["Burning Blood","NeowsBlessing","Lantern","Tiny Chest","Bottled Tornado","Mark of Pain","Oddly Smooth Stone","Omamori","Letter Opener","Self Forming Clay"],"potions_floor_usage":[33],"damage_taken":[{"damage":0.0,"enemies":"2 Louse","floor":1.0,"turns":1.0},{"damage":0.0,"enemies":"Cultist","floor":3.0,"turns":1.0},{"damage":0.0,"enemies":"Jaw Worm","floor":4.0,"turns":1.0},{"damage":29.0,"enemies":"3 Sentries","floor":7.0,"turns":10.0},{"damage":5.0,"enemies":"2 Fungi Beasts","floor":8.0,"turns":3.0},{"damage":9.0,"enemies":"Looter","floor":10.0,"turns":3.0},{"damage":8.0,"enemies":"Blue Slaver","floor":12.0,"turns":4.0},{"damage":31.0,"enemies":"Hexaghost","floor":16.0,"turns":11.0},{"damage":12.0,"enemies":"2 Thieves","floor":18.0,"turns":4.0},{"damage":0.0,"enemies":"Spheric Guardian","floor":21.0,"turns":4.0},{"damage":16.0,"enemies":"Book of Stabbing","floor":24.0,"turns":5.0},{"damage":0.0,"enemies":"Snecko","floor":27.0,"turns":4.0},{"damage":12.0,"enemies":"Cultist and Chosen","floor":29.0,"turns":3.0},{"damage":80,"enemies":"Automaton","floor":33,"turns":6}],"seed_played":"-7914356310695060648","potions_obtained":[{"floor":1.0,"key":"Weak Potion"},{"floor":4.0,"key":"Explosive Potion"},{"floor":12.0,"key":"Regen Potion"},{"floor":18.0,"key":"SkillPotion"},{"floor":21.0,"key":"FearPotion"}],"is_trial":false,"path_per_floor":["M","?","M","M","$","R","E","M","T","M","T","M","?","$","R","B",null,"M","?","$","M","?","R","E","R","T","M","R","M","$","T","R","B"],"character_chosen":"IRONCLAD","items_purchased":["Feel No Pain","Oddly Smooth Stone","Shrug It Off","Infernal Blade","Armaments","Jack Of All Trades"],"campfire_rested":1,"item_purchase_floors":[14,20,20,30,30,30],"current_hp_per_floor":[78,78,80,80,80,80,57,58,58,55,55,53,42,42,42,32,68,62,80,80,80,65,65,55,55,55,61,61,55,55,55,80,0],"gold":91,"neow_bonus":"THREE_ENEMY_KILL","is_prod":false,"is_daily":false,"chose_seed":false,"campfire_upgraded":5,"win_rate":0,"timestamp":1559082285,"path_taken":["M","?","M","?","?","R","E","?","T","M","?","M","?","$","R","BOSS","M","?","$","M","?","R","E","R","T","M","R","M","$","?","R","BOSS"],"build_version":"2019-01-23","purchased_purges":1,"victory":false,"max_hp_per_floor":[80,80,80,80,80,80,80,80,80,80,80,80,80,80,80,80,80,80,80,80,80,85,85,85,85,85,85,85,85,85,85,85,85],"card_choices":[{"not_picked":["Carnage","Sword Boomerang"],"picked":"Shrug It Off","floor":1.0},{"not_picked":["Iron Wave","Combust","Rampage"],"picked":"SKIP","floor":3.0},{"not_picked":["Heavy Blade","Twin Strike"],"picked":"Wild Strike","floor":4.0},{"not_picked":["Headbutt","Reaper"],"picked":"Juggernaut","floor":7.0},{"not_picked":["Iron Wave","Wild Strike"],"picked":"Corruption","floor":8.0},{"not_picked":["True Grit","Infernal Blade"],"picked":"Shrug It Off","floor":10.0},{"not_picked":["Warcry","Havoc","Corruption"],"picked":"SKIP","floor":12.0},{"not_picked":["Double Tap","Berserk"],"picked":"Exhume","floor":16.0},{"not_picked":["Iron Wave","Combust+1"],"picked":"Warcry","floor":18.0},{"not_picked":["Rupture+1","Heavy Blade"],"picked":"Armaments","floor":21.0},{"not_picked":["Pommel Strike","Reckless Charge","Fire Breathing"],"picked":"SKIP","floor":24.0},{"not_picked":["Combust","Havoc+1"],"picked":"Dual Wield","floor":27.0},{"not_picked":["Anger+1","Disarm"],"picked":"Entrench+1","floor":29.0}],"player_experience":1033304,"relics_obtained":[{"floor":7.0,"key":"Lantern"},{"floor":9.0,"key":"Tiny Chest"},{"floor":11.0,"key":"Bottled Tornado"},{"floor":24.0,"key":"Omamori"},{"floor":26.0,"key":"Letter Opener"},{"floor":31.0,"key":"Self Forming Clay"}],"event_choices":[{"damage_healed":0.0,"max_hp_gain":0.0,"max_hp_loss":0.0,"gold_gain":0.0,"cards_transformed":["Defend_R"],"event_name":"Transmorgrifier","player_choice":"Transformed","floor":2.0,"gold_loss":0.0,"damage_taken":0.0,"cards_obtained":["Impervious"]},{"damage_healed":0.0,"max_hp_gain":0.0,"max_hp_loss":0.0,"gold_gain":75.0,"event_name":"World of Goop","player_choice":"Gather Gold","floor":13.0,"gold_loss":0.0,"damage_taken":11.0},{"damage_healed":26.0,"max_hp_gain":0.0,"max_hp_loss":0.0,"gold_gain":0.0,"event_name":"The Library","player_choice":"Heal","floor":19.0,"gold_loss":0.0,"damage_taken":0.0},{"damage_healed":0.0,"max_hp_gain":5.0,"max_hp_loss":0.0,"gold_gain":0.0,"event_name":"Forgotten Altar","player_choice":"Shed Blood","floor":22.0,"gold_loss":0.0,"damage_taken":20.0}],"is_beta":false,"boss_relics":[{"not_picked":["Snecko Eye","White Beast Statue"],"picked":"Mark of Pain"}],"items_purged_floors":[5],"is_endless":false,"potions_floor_spawned":[1,4,12,18,21],"killed_by":"Automaton","ascension_level":6}