{"gold_per_floor":[116,129,147,222,233,258,258,258,258,289,313,47,75,91,91,164,164,178,178,178,196,212,237,237,271,321,353,64,64,77,176,176,250,250,265,265,265,3,20,20,54,54,79,52,52,85,98,117,117,117],"floor_reached":51,"playtime":2048,"items_purged":[],"score":1334,"play_id":"9a9a376e-810f-4586-99a9-db52e2cc7115","local_time":"20180906030349","is_ascension_mode":true,"campfire_choices":[{"data":"Immolate","floor":8,"key":"SMITH"},{"data":"Anger","floor":15,"key":"SMITH"},{"floor":24,"key":"REST"},{"floor":32,"key":"REST"},{"floor":40,"key":"REST"},{"floor":42,"key":"REST"},{"floor":45,"key":"REST"},{"floor":49,"key":"REST"}],"neow_cost":"TEN_PERCENT_HP_LOSS","seed_source_timestamp":133651995199475,"circlet_count":0,"master_deck":["Defend_R","Defend_R","Defend_R","Bash","AscendersBane","Immolate+1","Clothesline","Pommel Strike","Anger+1","Thunderclap","Shrug It Off","Shockwave","Headbutt","Shrug It Off","Pommel Strike","Reaper","Thunderclap","Necronomicurse","Bite","Bite","Bite","Bite","Rage+1","Shockwave","Shrug It Off+1","Dropkick","Double Tap+1","Spot Weakness+1","True Grit+1","Disarm+1","Ghostly Armor+1","Shrug It Off+1","Warcry+1","Shrug It Off+1","Shockwave+1","Warcry+1"],"relics":["Burning Blood","Question Card","FaceOfCleric","Singing Bowl","MawBank","Shuriken","Meat on the Bone","Fusion Hammer","Necronomicon","Art of War","Ancient Tea Set","Pen Nib","Potion Belt","Toxic Egg 2","Empty Cage","Red Skull","Letter Opener","Omamori","Strawberry"],"potions_floor_usage":[6,13,25,33,50,50,50,50],"damage_taken":[{"damage":18,"enemies":"Cultist","floor":1,"turns":4},{"damage":0,"enemies":"Small Slimes","floor":2,"turns":2},{"damage":7,"enemies":"Jaw Worm","floor":3,"turns":3},{"damage":23,"enemies":"Exordium Wildlife","floor":5,"turns":6},{"damage":10,"enemies":"3 Sentries","floor":6,"turns":3},{"damage":24,"enemies":"Lagavulin","floor":10,"turns":7},{"damage":0,"enemies":"3 Louse","floor":11,"turns":1},{"damage":6,"enemies":"Gremlin Nob","floor":13,"turns":3},{"damage":2,"enemies":"Red Slaver","floor":14,"turns":2},{"damage":23,"enemies":"Slime Boss","floor":16,"turns":9},{"damage":17,"enemies":"Shell Parasite","floor":18,"turns":6},{"damage":3,"enemies":"Spheric Guardian","floor":21,"turns":3},{"damage":24,"enemies":"Snake Plant","floor":22,"turns":2},{"damage":22,"enemies":"Book of Stabbing","floor":23,"turns":4},{"damage":30,"enemies":"Gremlin Leader","floor":25,"turns":4},{"damage":24,"enemies":"Book of Stabbing","floor":27,"turns":3},{"damage":8,"enemies":"Cultist and Chosen","floor":30,"turns":3},{"damage":89,"enemies":"Automaton","floor":33,"turns":7},{"damage":37,"enemies":"3 Darklings","floor":35,"turns":3},{"damage":12,"enemies":"Orb Walker","floor":39,"turns":3},{"damage":44,"enemies":"Giant Head","floor":41,"turns":8},{"damage":27,"enemies":"Nemesis","floor":46,"turns":5},{"damage":24,"enemies":"4 Shapes","floor":47,"turns":1},{"damage":15,"enemies":"Maw","floor":48,"turns":7},{"damage":26,"enemies":"Awakened One","floor":50,"turns":11}],"seed_played":"-7679940725119075995","potions_obtained":[{"floor":2,"key":"BloodPotion"},{"floor":5,"key":"Explosive Potion"},{"floor":10,"key":"FairyPotion"},{"floor":13,"key":"Energy Potion"},{"floor":16,"key":"EssenceOfSteel"},{"floor":21,"key":"PowerPotion"},{"floor":23,"key":"SteroidPotion"},{"floor":33,"key":"Strength Potion"},{"floor":46,"key":"EntropicBrew"},{"floor":47,"key":"Dexterity Potion"}],"is_trial":false,"path_per_floor":["M","M","M","?","M","E","?","R","T","E","M","$","E","M","R","B",null,"M","?","?","M","M","E","R","E","T","E","$","?","M","?","R","B",null,"M","?","?","$","M","R","E","R","T","$","R","E","M","M","R","B"],"character_chosen":"IRONCLAD","items_purchased":["Shuriken","Headbutt","Toxic Egg 2","Shrug It Off+1","True Grit+1","Disarm+1","Red Skull","Warcry+1"],"campfire_rested":6,"item_purchase_floors":[12,12,28,28,38,38,38,44],"current_hp_per_floor":[60,66,65,54,37,33,33,33,33,18,25,25,33,50,50,46,71,70,54,54,59,42,45,63,46,46,45,45,45,68,68,68,34,60,48,48,48,48,45,65,46,66,66,66,68,76,59,69,78,67],"gold":117,"neow_bonus":"THREE_RARE_CARDS","is_prod":false,"is_daily":false,"chose_seed":false,"campfire_upgraded":2,"win_rate":0,"timestamp":1536217429,"path_taken":["M","M","?","?","M","E","?","R","T","E","?","$","E","M","R","BOSS","M","?","?","M","M","E","R","E","T","E","$","?","M","?","R","BOSS","M","?","?","$","M","R","E","R","T","?","R","E","?","M","R","BOSS"],"build_version":"2018-08-30","purchased_purges":0,"victory":true,"max_hp_per_floor":[72,72,72,72,72,72,72,72,72,75,76,76,77,78,78,79,79,80,80,56,59,60,63,63,66,66,67,67,67,68,68,68,69,69,70,66,66,66,67,67,68,68,68,68,68,76,77,78,78,79],"card_choices":[{"not_picked":["Brutality","Barricade"],"picked":"Immolate","floor":0},{"not_picked":["Heavy Blade","Armaments"],"picked":"Clothesline","floor":1},{"not_picked":["Pummel","Twin Strike"],"picked":"Pommel Strike","floor":2},{"not_picked":["Sever Soul","True Grit"],"picked":"Anger","floor":3},{"not_picked":["Intimidate","Sword Boomerang"],"picked":"Thunderclap","floor":5},{"not_picked":["Perfected Strike","Shockwave"],"picked":"Shrug It Off","floor":6},{"not_picked":["Whirlwind","Perfected Strike","Seeing Red","Power Through"],"picked":"Singing Bowl","floor":10},{"not_picked":["Thunderclap","Pommel Strike","Infernal Blade"],"picked":"Shockwave","floor":11},{"not_picked":["Juggernaut","Pommel Strike","Flex"],"picked":"Shrug It Off","floor":13},{"not_picked":["Ghostly Armor","Perfected Strike","Flame Barrier"],"picked":"Pommel Strike","floor":14},{"not_picked":["Berserk","Barricade","Juggernaut"],"picked":"Reaper","floor":16},{"not_picked":["True Grit","Cleave+1","Clothesline"],"picked":"Thunderclap","floor":18},{"not_picked":["True Grit","Entrench","Body Slam","Armaments"],"picked":"Singing Bowl","floor":21},{"not_picked":["Feed","Clash","Second Wind+1"],"picked":"Rage+1","floor":22},{"not_picked":["Bloodletting","Headbutt","Wild Strike","Juggernaut"],"picked":"Singing Bowl","floor":23},{"not_picked":["Iron Wave","True Grit","Perfected Strike","Entrench"],"picked":"Singing Bowl","floor":25},{"not_picked":["Combust","Metallicize","Armaments"],"picked":"Shockwave","floor":27},{"not_picked":["True Grit+1","Twin Strike","Headbutt"],"picked":"Dropkick","floor":30},{"not_picked":["Berserk","Demon Form","Immolate"],"picked":"Double Tap+1","floor":33},{"not_picked":["Warcry+1","Pommel Strike","Ghostly Armor+1"],"picked":"Spot Weakness+1","floor":35},{"not_picked":["Metallicize+1","True Grit+1","Warcry+1"],"picked":"Ghostly Armor+1","floor":39},{"not_picked":["Wild Strike","Thunderclap","Spot Weakness+1"],"picked":"Shrug It Off+1","floor":41},{"not_picked":["Cleave","Barricade","Corruption"],"picked":"Shrug It Off+1","floor":46},{"not_picked":["Feel No Pain+1","Thunderclap","True Grit+1"],"picked":"Shockwave+1","floor":47},{"not_picked":["Fire Breathing","Sentinel+1","Cleave"],"picked":"Warcry+1","floor":48}],"player_experience":584509,"relics_obtained":[{"floor":6,"key":"Question Card"},{"floor":9,"key":"Singing Bowl"},{"floor":10,"key":"MawBank"},{"floor":13,"key":"Meat on the Bone"},{"floor":19,"key":"Necronomicon"},{"floor":23,"key":"Art of War"},{"floor":25,"key":"Ancient Tea Set"},{"floor":26,"key":"Pen Nib"},{"floor":27,"key":"Potion Belt"},{"floor":41,"key":"Letter Opener"},{"floor":43,"key":"Omamori"},{"floor":46,"key":"Strawberry"}],"event_choices":[{"event_name":"World of Goop","player_choice":"Gather Gold","floor":4,"damage_taken":0},{"event_name":"FaceTrader","player_choice":"Trade","floor":7,"damage_taken":0},{"event_name":"Cursed Tome","player_choice":"Obtained Book","floor":19,"damage_taken":0},{"event_name":"Vampires","player_choice":"Became a vampire","floor":20,"damage_taken":0},{"event_name":"Nest","player_choice":"Stole From Cult","floor":31,"damage_taken":0},{"event_name":"Winding Halls","player_choice":"Max HP","floor":36,"damage_taken":0},{"event_name":"Tomb of Lord Red Mask","player_choice":"Ignored","floor":37,"damage_taken":0}],"is_beta":false,"boss_relics":[{"not_picked":["Astrolabe","Velvet Choker"],"picked":"Fusion Hammer"},{"not_picked":["Runic Pyramid","Pandora\u0027s Box"],"picked":"Empty Cage"}],"items_purged_floors":[],"is_endless":false,"potions_floor_spawned":[2,5,10,13,16,21,23,33,46,47],"ascension_level":13}