{"gold_per_floor":[119,139,139,58,77,77,111,111,161,161,4,4,22,87,87,184,184,195,215,215,215],"floor_reached":21,"playtime":670,"items_purged":[],"score":255,"play_id":"35d158a2-794d-448e-9f24-e2f428805f86","local_time":"20190602062453","is_ascension_mode":true,"campfire_choices":[{"data":"Flame Barrier","floor":6,"key":"SMITH"},{"data":"Entrench","floor":8,"key":"SMITH"},{"data":"Shrug It Off","floor":10,"key":"SMITH"},{"floor":12,"key":"REST"},{"data":"Entrench","floor":15,"key":"SMITH"}],"neow_cost":"NONE","seed_source_timestamp":223857274060642,"circlet_count":0,"master_deck":["Strike_R","Strike_R","Strike_R","Strike_R","Strike_R","Defend_R","Defend_R","Defend_R","Defend_R","Bash","Inflame","Cleave","Entrench+1","Flame Barrier+1","Shrug It Off+1","Entrench+1","Ghostly Armor","Juggernaut","Inflame+1","Body Slam+1","Ghostly","Ghostly","Ghostly","Ghostly","Ghostly"],"relics":["Burning Blood","NeowsBlessing","Bronze Scales","Boot","PreservedInsect","Ice Cream","Black Star"],"potions_floor_usage":[7,14,14,16],"damage_taken":[{"damage":0,"enemies":"Cultist","floor":1,"turns":1},{"damage":0,"enemies":"Jaw Worm","floor":2,"turns":1},{"damage":0,"enemies":"Small Slimes","floor":5,"turns":1},{"damage":40,"enemies":"Lagavulin","floor":7,"turns":6},{"damage":0,"enemies":"2 Fungi Beasts","floor":13,"turns":3},{"damage":20,"enemies":"Lagavulin Event","floor":14,"turns":3},{"damage":58,"enemies":"The Guardian","floor":16,"turns":13},{"damage":28,"enemies":"Chosen","floor":18,"turns":7},{"damage":35,"enemies":"Shell Parasite","floor":19,"turns":8},{"damage":14,"enemies":"Colosseum Slavers","floor":21,"turns":4}],"seed_played":"6932566660316516740","potions_obtained":[{"floor":1,"key":"Fire Potion"},{"floor":5,"key":"Swift Potion"},{"floor":7,"key":"AttackPotion"},{"floor":13,"key":"BloodPotion"}],"is_trial":false,"path_per_floor":["M","M","?","$","M","R","E","R","T","R","$","R","M","?","R","B",null,"M","M","?","?"],"character_chosen":"IRONCLAD","items_purchased":["Entrench","PreservedInsect"],"campfire_rested":1,"item_purchase_floors":[4,11],"current_hp_per_floor":[78,80,80,80,80,80,46,46,46,46,46,70,76,62,62,18,65,43,14,14,0],"gold":215,"neow_bonus":"THREE_ENEMY_KILL","is_prod":false,"is_daily":false,"chose_seed":false,"campfire_upgraded":4,"win_rate":0,"timestamp":1559471093,"path_taken":["M","?","?","$","M","R","E","R","T","R","$","R","M","?","R","BOSS","M","M","?","?"],"build_version":"2019-01-23","purchased_purges":0,"victory":false,"max_hp_per_floor":[80,80,80,80,80,80,80,80,80,80,80,80,80,80,80,80,80,80,80,40,40],"card_choices":[{"not_picked":["Disarm","Havoc"],"picked":"Inflame","floor":1},{"not_picked":["Sword Boomerang","Warcry"],"picked":"Cleave","floor":2},{"not_picked":["Dropkick","Clothesline"],"picked":"Flame Barrier","floor":5},{"not_picked":["Clash","Sword Boomerang"],"picked":"Shrug It Off","floor":7},{"not_picked":["Inflame","Perfected Strike"],"picked":"Entrench","floor":13},{"not_picked":["Clothesline","Anger"],"picked":"Ghostly Armor","floor":14},{"not_picked":["Offering","Exhume"],"picked":"Juggernaut","floor":16},{"not_picked":["Heavy Blade","Clash+1"],"picked":"Inflame+1","floor":18},{"not_picked":["Armaments","Pommel Strike"],"picked":"Body Slam+1","floor":19}],"player_experience":1048639,"relics_obtained":[{"floor":7,"key":"Bronze Scales"},{"floor":9,"key":"Boot"},{"floor":14,"key":"Ice Cream"}],"event_choices":[{"damage_healed":0,"gold_gain":0,"player_choice":"Leave","damage_taken":0,"max_hp_gain":0,"max_hp_loss":0,"event_name":"The Cleric","floor":3,"gold_loss":0},{"damage_healed":0,"gold_gain":30,"player_choice":"Searched \u00273\u0027 times","damage_taken":0,"max_hp_gain":0,"max_hp_loss":0,"event_name":"Dead Adventurer","floor":14,"gold_loss":0},{"damage_healed":0,"gold_gain":0,"player_choice":"Became a Ghost","damage_taken":0,"max_hp_gain":0,"max_hp_loss":40,"event_name":"Ghosts","floor":20,"gold_loss":0,"cards_obtained":["Ghostly","Ghostly","Ghostly","Ghostly","Ghostly"]},{"damage_healed":0,"gold_gain":0,"player_choice":"Fight","damage_taken":0,"max_hp_gain":0,"max_hp_loss":0,"event_name":"Colosseum","floor":21,"gold_loss":0}],"is_beta":false,"boss_relics":[{"not_picked":["Lizard Tail","White Beast Statue"],"picked":"Black Star"}],"items_purged_floors":[],"is_endless":false,"potions_floor_spawned":[1,5,7,13],"killed_by":"Colosseum Slavers","ascension_level":6}