{"gold_per_floor":[112,124,124,142,161,161,186,186,209,223,254,265,265,284,284,359,359,376,376,386,54,70,70,34,63,63,87,103,103,28,42,42,116,116,133,133,133,13,63,89,101,130,130,80,80,111,130,158,158,158,158,158,7,34,34],"floor_reached":55,"playtime":2972,"items_purged":["Defend_B","Defend_B","Normality","Zap+1"],"score":1451,"play_id":"8ab87763-1c9d-452c-8743-a2e359231af3","local_time":"20190803215714","is_ascension_mode":true,"campfire_choices":[{"data":"Zap","floor":6,"key":"SMITH"},{"data":"Loop","floor":8,"key":"SMITH"},{"data":"Coolheaded","floor":13,"key":"SMITH"},{"data":"Doom and Gloom","floor":15,"key":"SMITH"},{"data":"Defragment","floor":23,"key":"SMITH"},{"data":"Fission","floor":29,"key":"SMITH"},{"floor":32,"key":"RECALL"},{"data":"Rainbow","floor":45,"key":"SMITH"},{"data":"Coolheaded","floor":49,"key":"SMITH"},{"floor":52,"key":"REST"}],"neow_cost":"NONE","seed_source_timestamp":679479329386372,"circlet_count":0,"master_deck":["AscendersBane","Defend_B+1","Defend_B+1","Dualcast","Undo","Self Repair","Loop+1","Doom and Gloom+1","Coolheaded+1","Conserve Battery","Meteor Strike","Rainbow+1","Meteor Strike","White Noise","Bite","Bite","Bite","Bite","Bite","Defragment+1","Self Repair+1","Sweeping Beam+1","Loop+1","Fission+1","Glacier","Biased Cognition+1","Compile Driver+1","Defragment+1","Leap+1","Rainbow","Coolheaded+1","Coolheaded+1"],"relics":["Cracked Core","Smiling Mask","Ancient Tea Set","Orichalcum","Nuclear Battery","Frozen Egg 2","Mercury Hourglass","War Paint","Cursed Key","Girya","Boot","Potion Belt","Strawberry","Bottled Tornado","Happy Flower"],"potions_floor_usage":[7,11,46,54,54,55,55],"damage_taken":[{"damage":2,"enemies":"Jaw Worm","floor":1,"turns":3},{"damage":0,"enemies":"2 Louse","floor":2,"turns":4},{"damage":1,"enemies":"Cultist","floor":4,"turns":4},{"damage":11,"enemies":"2 Fungi Beasts","floor":5,"turns":6},{"damage":4,"enemies":"Lagavulin","floor":7,"turns":6},{"damage":14,"enemies":"3 Louse","floor":10,"turns":4},{"damage":23,"enemies":"Gremlin Nob","floor":11,"turns":4},{"damage":4,"enemies":"Large Slime","floor":12,"turns":7},{"damage":9,"enemies":"Lots of Slimes","floor":14,"turns":4},{"damage":21,"enemies":"Slime Boss","floor":16,"turns":6},{"damage":11,"enemies":"Shell Parasite","floor":18,"turns":7},{"damage":16,"enemies":"3 Byrds","floor":20,"turns":7},{"damage":8,"enemies":"Snecko","floor":22,"turns":4},{"damage":40,"enemies":"Gremlin Leader","floor":25,"turns":6},{"damage":3,"enemies":"Chosen and Byrds","floor":28,"turns":5},{"damage":8,"enemies":"Sentry and Sphere","floor":31,"turns":4},{"damage":100,"enemies":"Automaton","floor":33,"turns":11},{"damage":19,"enemies":"Orb Walker","floor":35,"turns":4},{"damage":0,"enemies":"Giant Head","floor":40,"turns":10},{"damage":14,"enemies":"3 Shapes","floor":41,"turns":5},{"damage":34,"enemies":"Nemesis","floor":42,"turns":9},{"damage":29,"enemies":"Giant Head","floor":46,"turns":9},{"damage":6,"enemies":"Transient","floor":47,"turns":5},{"damage":23,"enemies":"Nemesis","floor":48,"turns":10},{"damage":85,"enemies":"Time Eater","floor":50,"turns":12},{"damage":75,"enemies":"Shield and Spear","floor":54,"turns":8},{"damage":56,"enemies":"The Heart","floor":55,"turns":2}],"seed_played":"-5380664680104815553","potions_obtained":[{"floor":1,"key":"SpeedPotion"},{"floor":4,"key":"Poison Potion"},{"floor":10,"key":"Poison Potion"},{"floor":11,"key":"SpeedPotion"},{"floor":14,"key":"AttackPotion"},{"floor":20,"key":"GamblersBrew"},{"floor":47,"key":"FearPotion"},{"floor":54,"key":"FocusPotion"}],"is_trial":false,"path_per_floor":["M","M","?","M","M","R","E","R","T","M","E","M","R","M","R","B",null,"M","?","M","$","M","R","$","E","T","T","M","R","$","M","R","B",null,"M","?","?","$","?","E","M","E","T","$","R","E","M","E","R","B",null,"R","$","E","B"],"character_chosen":"DEFECT","items_purchased":["Frozen Egg 2","Self Repair+1","Loop+1","Glacier","Defragment+1","AttackPotion","Block Potion"],"campfire_rested":1,"item_purchase_floors":[21,21,24,30,38,53,53],"current_hp_per_floor":[69,69,64,70,66,66,69,69,69,64,50,55,55,55,55,43,69,67,67,74,74,77,77,77,63,63,63,78,78,78,78,78,19,63,71,71,71,71,71,74,74,63,63,63,63,74,81,81,81,23,67,81,81,32,0],"gold":34,"neow_bonus":"TEN_PERCENT_HP_BONUS","is_prod":false,"is_daily":false,"chose_seed":false,"campfire_upgraded":8,"win_rate":0,"timestamp":1564883834,"path_taken":["M","M","?","M","M","R","E","R","T","M","E","M","R","M","R","BOSS","M","?","M","$","M","R","$","E","T","?","M","R","$","?","R","BOSS","M","?","?","$","?","E","?","E","T","?","R","E","M","E","R","BOSS","R","$","E","BOSS"],"build_version":"2019-07-17","purchased_purges":4,"victory":false,"max_hp_per_floor":[78,78,78,78,78,78,78,78,78,78,78,78,78,78,78,78,78,78,78,78,78,78,78,78,78,78,78,78,78,78,78,78,78,78,78,74,74,74,74,74,74,74,74,74,74,81,81,81,81,81,81,81,81,81,81],"card_choices":[{"not_picked":["Barrage","Gash"],"picked":"Undo","floor":1},{"not_picked":["Go for the Eyes","Storm"],"picked":"Self Repair","floor":2},{"not_picked":["Tempest","Chaos"],"picked":"Loop","floor":4},{"not_picked":["Self Repair","Streamline"],"picked":"Doom and Gloom","floor":5},{"not_picked":["Cold Snap","Doom and Gloom"],"picked":"Coolheaded","floor":7},{"not_picked":["Go for the Eyes","Rip and Tear"],"picked":"Conserve Battery","floor":10},{"not_picked":["Heatsinks","Cold Snap"],"picked":"Meteor Strike","floor":11},{"not_picked":["Aggregate","Cold Snap","Steam"],"picked":"SKIP","floor":12},{"not_picked":["Sweeping Beam","Cold Snap"],"picked":"Rainbow","floor":14},{"not_picked":["Hyperbeam","Buffer"],"picked":"Meteor Strike","floor":16},{"not_picked":["Heatsinks","Reprogram"],"picked":"White Noise","floor":18},{"not_picked":["Rebound+1","Force Field+1"],"picked":"Defragment","floor":20},{"not_picked":["Conserve Battery","Beam Cell"],"picked":"Sweeping Beam+1","floor":22},{"not_picked":["Melter","Aggregate"],"picked":"Fission","floor":25},{"not_picked":["Conserve Battery","Ball Lightning","Streamline"],"picked":"SKIP","floor":28},{"not_picked":["Sweeping Beam","Auto Shields","Doom and Gloom"],"picked":"SKIP","floor":31},{"not_picked":["Buffer+1","Seek"],"picked":"Biased Cognition+1","floor":33},{"not_picked":["Sunder","Scrape"],"picked":"Compile Driver+1","floor":35},{"not_picked":["Barrage","FTL"],"picked":"Leap+1","floor":40},{"not_picked":["Rip and Tear","Gash","Cold Snap"],"picked":"SKIP","floor":41},{"not_picked":["Streamline+1","Gash"],"picked":"Rainbow","floor":42},{"not_picked":["Scrape","Beam Cell"],"picked":"Coolheaded+1","floor":46},{"not_picked":["Cold Snap+1","Redo","Rebound"],"picked":"SKIP","floor":47},{"not_picked":["Compile Driver","Turbo"],"picked":"Coolheaded","floor":48},{"not_picked":["Ball Lightning","Go for the Eyes","Rebound"],"picked":"SKIP","floor":54}],"player_experience":1671841,"relics_obtained":[{"floor":7,"key":"Ancient Tea Set"},{"floor":9,"key":"Blood Vial"},{"floor":11,"key":"Orichalcum"},{"floor":25,"key":"Mercury Hourglass"},{"floor":27,"key":"War Paint"},{"floor":40,"key":"Girya"},{"floor":42,"key":"Boot"},{"floor":43,"key":"Potion Belt"},{"floor":46,"key":"Strawberry"},{"floor":48,"key":"Bottled Tornado"},{"floor":54,"key":"Happy Flower"}],"event_choices":[{"damage_healed":0,"gold_gain":0,"player_choice":"Success","damage_taken":5,"relics_obtained":["Smiling Mask"],"max_hp_gain":0,"max_hp_loss":0,"event_name":"Scrap Ooze","floor":3,"gold_loss":0},{"damage_healed":0,"gold_gain":0,"player_choice":"Became a vampire (Vial)","damage_taken":0,"max_hp_gain":0,"max_hp_loss":0,"event_name":"Vampires","floor":19,"relics_lost":["Blood Vial"],"gold_loss":0,"cards_obtained":["Bite","Bite","Bite","Bite","Bite"]},{"damage_healed":0,"gold_gain":0,"player_choice":"Max HP","damage_taken":0,"max_hp_gain":0,"max_hp_loss":4,"event_name":"Winding Halls","floor":36,"gold_loss":0},{"damage_healed":0,"gold_gain":0,"player_choice":"Ignored","damage_taken":0,"max_hp_gain":0,"max_hp_loss":0,"event_name":"Tomb of Lord Red Mask","floor":37,"gold_loss":0},{"damage_healed":0,"gold_gain":50,"player_choice":"Pray","damage_taken":0,"max_hp_gain":0,"max_hp_loss":0,"event_name":"Golden Shrine","floor":39,"gold_loss":0}],"is_beta":false,"boss_relics":[{"not_picked":["FrozenCore","Tiny House"],"picked":"Nuclear Battery"},{"not_picked":["Lizard Tail","Astrolabe"],"picked":"Cursed Key"}],"items_purged_floors":[21,38,44,53],"is_endless":false,"potions_floor_spawned":[1,4,10,11,14,20,22,28,35,41,47,54],"killed_by":"The Heart","ascension_level":15}