{"gold_per_floor":[115,115,130,141,16,16,51,31,85,34,34,34,34,34,34,130,130,149,248,248,261,261,291,308,308,308,308,324,337,337,337,337,337],"floor_reached":33,"playtime":13016,"items_purged":["Bash"],"score":392,"play_id":"686ecf9e-a9b5-48cd-9379-13c6bcf03ed5","local_time":"20190721213844","is_ascension_mode":true,"campfire_choices":[{"data":"Perfected Strike","floor":6,"key":"SMITH"},{"floor":11,"key":"REST"},{"data":"Dual Wield","floor":13,"key":"SMITH"},{"data":"Disarm","floor":15,"key":"SMITH"},{"floor":25,"key":"REST"},{"floor":27,"key":"REST"},{"floor":32,"key":"REST"}],"neow_cost":"NONE","seed_source_timestamp":1003896110357765,"circlet_count":0,"master_deck":["AscendersBane","Strike_R","Strike_R","Strike_R","Strike_R","Strike_R","Defend_R","Defend_R","Defend_R","Defend_R","Dual Wield+1","Perfected Strike+1","Disarm+1","Twin Strike","Double Tap","Perfected Strike+1","Offering","Fire Breathing+1","Decay","Whirlwind","Shrug It Off","Pommel Strike"],"relics":["Burning Blood","NeowsBlessing","FaceOfCleric","Juzu Bracelet","Bronze Scales","Sozu","Blood Vial","Bag of Marbles","Self Forming Clay"],"potions_floor_usage":[7,16,16,23,33],"damage_taken":[{"damage":0,"enemies":"2 Louse","floor":1,"turns":2},{"damage":0,"enemies":"Cultist","floor":3,"turns":1},{"damage":0,"enemies":"Jaw Worm","floor":4,"turns":1},{"damage":40,"enemies":"Lagavulin","floor":7,"turns":5},{"damage":33,"enemies":"Hexaghost","floor":16,"turns":9},{"damage":0,"enemies":"Spheric Guardian","floor":18,"turns":2},{"damage":7,"enemies":"Chosen","floor":21,"turns":3},{"damage":57,"enemies":"Gremlin Leader","floor":23,"turns":6},{"damage":23,"enemies":"Snecko","floor":24,"turns":4},{"damage":26,"enemies":"Centurion and Healer","floor":28,"turns":5},{"damage":25,"enemies":"Shelled Parasite and Fungi","floor":29,"turns":2},{"damage":28,"enemies":"Colosseum Slavers","floor":31,"turns":3},{"damage":64,"enemies":"Champ","floor":33,"turns":7}],"seed_played":"2030040382332090471","potions_obtained":[{"floor":1,"key":"SteroidPotion"},{"floor":3,"key":"SpeedPotion"},{"floor":8,"key":"BloodPotion"},{"floor":14,"key":"FearPotion"},{"floor":14,"key":"Block Potion"},{"floor":16,"key":"Strength Potion"}],"is_trial":false,"path_per_floor":["M","?","M","M","$","R","E","?","T","$","R","?","R","?","R","B",null,"M","?","?","M","?","E","M","R","T","R","M","M","?","?","R","B"],"character_chosen":"IRONCLAD","items_purchased":["Twin Strike","Perfected Strike"],"campfire_rested":4,"item_purchase_floors":[5,10],"current_hp_per_floor":[78,78,81,82,82,82,49,49,49,49,73,73,73,73,73,47,75,82,82,82,82,82,53,39,65,65,88,69,53,53,34,61,0],"gold":337,"neow_bonus":"THREE_ENEMY_KILL","is_prod":false,"is_daily":false,"chose_seed":false,"campfire_upgraded":3,"win_rate":0,"timestamp":1563759524,"path_taken":["M","?","?","M","$","R","E","?","T","$","R","?","R","?","R","BOSS","M","?","?","M","?","E","M","R","T","R","M","M","?","?","R","BOSS"],"build_version":"2019-07-17","purchased_purges":1,"victory":false,"max_hp_per_floor":[80,80,81,82,82,82,83,83,83,83,83,83,83,83,83,84,84,85,85,85,86,86,87,88,88,88,88,89,90,90,91,91,91],"card_choices":[{"not_picked":["Cleave","Wild Strike"],"picked":"Dual Wield","floor":1},{"not_picked":["Cleave","Body Slam"],"picked":"Perfected Strike","floor":3},{"not_picked":["Whirlwind","Uppercut"],"picked":"Disarm","floor":4},{"not_picked":["Dual Wield","Twin Strike"],"picked":"Double Tap","floor":7},{"not_picked":["Barricade","Berserk"],"picked":"Offering","floor":16},{"not_picked":["Clash","Shockwave+1"],"picked":"Fire Breathing","floor":18},{"not_picked":["Corruption","Intimidate","Battle Trance"],"picked":"SKIP","floor":21},{"not_picked":["Entrench","Bloodletting"],"picked":"Whirlwind","floor":23},{"not_picked":["Blood for Blood+1","Armaments"],"picked":"Shrug It Off","floor":24},{"not_picked":["Power Through+1","Armaments+1","Cleave+1"],"picked":"SKIP","floor":28},{"not_picked":["Flex","Battle Trance+1"],"picked":"Pommel Strike","floor":29}],"player_experience":1083242,"relics_obtained":[{"floor":7,"key":"Juzu Bracelet"},{"floor":9,"key":"Bronze Scales"},{"floor":23,"key":"Blood Vial"},{"floor":26,"key":"Bag of Marbles"},{"floor":30,"key":"Self Forming Clay"}],"event_choices":[{"damage_healed":0,"gold_gain":0,"player_choice":"Trade","damage_taken":0,"relics_obtained":["FaceOfCleric"],"max_hp_gain":0,"max_hp_loss":0,"event_name":"FaceTrader","floor":2,"gold_loss":0},{"damage_healed":0,"gold_gain":0,"player_choice":"Bought 1 Potion","damage_taken":0,"max_hp_gain":0,"max_hp_loss":0,"event_name":"The Woman in Blue","floor":8,"gold_loss":0},{"damage_healed":0,"gold_gain":0,"player_choice":"Grow","damage_taken":0,"max_hp_gain":0,"max_hp_loss":0,"event_name":"Living Wall","floor":12,"gold_loss":0,"cards_upgraded":["Perfected Strike"]},{"damage_healed":0,"gold_gain":0,"player_choice":"Got Potions","damage_taken":0,"max_hp_gain":0,"max_hp_loss":0,"event_name":"Lab","floor":14,"gold_loss":0},{"damage_healed":0,"gold_gain":99,"player_choice":"Stole From Cult","damage_taken":0,"max_hp_gain":0,"max_hp_loss":0,"event_name":"Nest","floor":19,"gold_loss":0},{"damage_healed":0,"gold_gain":0,"player_choice":"Upgraded","damage_taken":0,"max_hp_gain":0,"max_hp_loss":0,"event_name":"Upgrade Shrine","floor":20,"gold_loss":0,"cards_upgraded":["Fire Breathing"]},{"damage_healed":0,"gold_gain":0,"player_choice":"Smashed Altar","damage_taken":0,"max_hp_gain":0,"max_hp_loss":0,"event_name":"Forgotten Altar","floor":22,"gold_loss":0,"cards_obtained":["Decay"]},{"damage_healed":0,"gold_gain":0,"player_choice":"Relic","damage_taken":0,"max_hp_gain":0,"max_hp_loss":0,"event_name":"Wheel of Change","floor":30,"gold_loss":0},{"damage_healed":0,"gold_gain":0,"player_choice":"Fight","damage_taken":0,"max_hp_gain":0,"max_hp_loss":0,"event_name":"Colosseum","floor":31,"gold_loss":0},{"damage_healed":0,"gold_gain":0,"player_choice":"Fled From Nobs","damage_taken":0,"max_hp_gain":0,"max_hp_loss":0,"event_name":"Colosseum","floor":31,"gold_loss":0}],"is_beta":false,"boss_relics":[{"not_picked":["Runic Cube","Lizard Tail"],"picked":"Sozu"}],"items_purged_floors":[5],"is_endless":false,"potions_floor_spawned":[1,3,16,24,28,29,31],"killed_by":"Champ","ascension_level":10}