{"gold_per_floor":[114,129,144,159,174,204,204,31,31,106,106,121,136,151,151,251,251,266,281,22,22,37,37,37],"floor_reached":24,"playtime":1873,"items_purged":[],"score":227,"play_id":"cee9125d-9f91-4d98-93a5-8ad20574637e","local_time":"20180819173117","daily_mods":["Shiny","Uncertain Future","Binary"],"is_ascension_mode":false,"campfire_choices":[{"data":"Storm of Steel","floor":7,"key":"SMITH"},{"floor":11,"key":"REST"},{"data":"Bullet Time","floor":15,"key":"SMITH"},{"data":"PiercingWail","floor":23,"key":"SMITH"}],"neow_cost":"","seed_source_timestamp":0,"circlet_count":0,"master_deck":["Venomology","Corpse Explosion","Malaise","Phantasmal Killer","Die Die Die","Adrenaline","Envenom","Doppelganger","Burst","Wraith Form v2","Tools of the Trade","Night Terror","Unload","After Image","Bullet Time+1","Storm of Steel+1","Glass Knife","A Thousand Cuts","Grand Finale","Backflip","Leg Sweep","Cloak And Dagger","Bouncing Flask","Cloak And Dagger","Leg Sweep","Accuracy","Cloak And Dagger","Distraction","Accuracy","Acrobatics","Deadly Poison","Tools of the Trade","Choke","PiercingWail+1","Riddle With Holes","Footwork","Blade Dance"],"special_seed":17762,"relics":["Ring of the Snake","Orichalcum","Tough Bandages","Potion Belt","Nloth\u0027s Gift"],"potions_floor_usage":[4,6,16,18,22],"damage_taken":[{"damage":6,"enemies":"Cultist","floor":1,"turns":3},{"damage":0,"enemies":"Small Slimes","floor":2,"turns":2},{"damage":2,"enemies":"Jaw Worm","floor":3,"turns":5},{"damage":0,"enemies":"Lots of Slimes","floor":4,"turns":1},{"damage":2,"enemies":"Blue Slaver","floor":5,"turns":4},{"damage":1,"enemies":"Gremlin Nob","floor":6,"turns":4},{"damage":3,"enemies":"Exordium Thugs","floor":12,"turns":4},{"damage":0,"enemies":"3 Louse","floor":13,"turns":1},{"damage":4,"enemies":"Large Slime","floor":14,"turns":3},{"damage":10,"enemies":"The Guardian","floor":16,"turns":11},{"damage":5,"enemies":"2 Thieves","floor":18,"turns":5},{"damage":6,"enemies":"3 Byrds","floor":19,"turns":2},{"damage":15,"enemies":"Snake Plant","floor":22,"turns":8},{"damage":19,"enemies":"Book of Stabbing","floor":24,"turns":6}],"seed_played":"-5091411404733603740","potions_obtained":[{"floor":1,"key":"Explosive Potion"},{"floor":6,"key":"Regen Potion"},{"floor":22,"key":"FearPotion"}],"is_trial":false,"path_per_floor":["M","M","M","M","M","E","R","$","T","?","R","M","M","M","R","B",null,"M","M","$","?","M","R"],"character_chosen":"THE_SILENT","items_purchased":["Accuracy","Cloak And Dagger","Distraction","Potion Belt","Riddle With Holes","Footwork"],"campfire_rested":1,"item_purchase_floors":[8,8,8,20,20,20],"current_hp_per_floor":[64,64,62,62,60,59,59,59,59,48,69,66,66,62,62,52,70,65,59,59,59,59,59,40],"gold":37,"neow_bonus":"","is_prod":false,"is_daily":true,"chose_seed":false,"campfire_upgraded":3,"win_rate":0,"timestamp":1534667477,"path_taken":["M","?","M","M","M","E","R","$","T","?","R","M","?","M","R","BOSS","M","M","$","?","M","R","E"],"build_version":"2018-08-16","purchased_purges":0,"victory":false,"max_hp_per_floor":[70,70,70,70,70,70,70,70,70,70,70,70,70,70,70,70,70,70,70,70,70,70,70,70],"card_choices":[{"not_picked":["Outmaneuver"],"picked":"Backflip","floor":1},{"not_picked":["Dodge and Roll"],"picked":"Leg Sweep","floor":2},{"not_picked":["Poisoned Stab"],"picked":"Cloak And Dagger","floor":3},{"not_picked":["Tools of the Trade"],"picked":"Bouncing Flask","floor":4},{"not_picked":["Outmaneuver"],"picked":"Cloak And Dagger","floor":5},{"not_picked":["Phantasmal Killer"],"picked":"Leg Sweep","floor":6},{"not_picked":["Dagger Throw"],"picked":"Accuracy","floor":12},{"not_picked":["Eviscerate"],"picked":"Acrobatics","floor":13},{"not_picked":["Masterful Stab"],"picked":"Deadly Poison","floor":14},{"not_picked":["Die Die Die"],"picked":"Tools of the Trade","floor":16},{"not_picked":["Quick Slash"],"picked":"Choke","floor":18},{"not_picked":["Quick Slash"],"picked":"PiercingWail","floor":19},{"not_picked":["Deadly Poison"],"picked":"Blade Dance","floor":22}],"player_experience":216136,"relics_obtained":[{"floor":6,"key":"Orichalcum"},{"floor":9,"key":"Tough Bandages"}],"event_choices":[{"event_name":"World of Goop","player_choice":"Gather Gold","floor":10,"damage_taken":0},{"event_name":"N\u0027loth","player_choice":"Traded a WristBlade","floor":21,"damage_taken":0}],"is_beta":false,"boss_relics":[{"not_picked":["Runic Pyramid","Philosopher\u0027s Stone"],"picked":"WristBlade"}],"items_purged_floors":[],"is_endless":false,"potions_floor_spawned":[1,5,6,13,14,18,22],"killed_by":"Book of Stabbing","ascension_level":0}