{"gold_per_floor":[116,116,130,146,24,50,50,50,121,121,121,135,150,22,22,96,96,116,116,16,29,29,29,29,47,124,124,134,59,59,59,59,59],"floor_reached":33,"playtime":660,"items_purged":["Strike_B","Strike_B"],"score":486,"play_id":"d8ce6170-4b6e-4bb1-a382-934d6c41ee36","local_time":"20190602000729","is_ascension_mode":true,"campfire_choices":[{"data":"Sunder","floor":8.0,"key":"SMITH"},{"data":"Zap","floor":11.0,"key":"SMITH"},{"data":"Dualcast","floor":15.0,"key":"SMITH"},{"data":"Skim","floor":23.0,"key":"SMITH"},{"data":"Meteor Strike","floor":27.0,"key":"SMITH"},{"data":"Tempest","floor":30.0,"key":"SMITH"},{"floor":32.0,"key":"RECALL"}],"neow_cost":"NONE","seed_source_timestamp":5412489742313,"circlet_count":0,"master_deck":["AscendersBane","Strike_B+1","Defend_B","Defend_B","Defend_B","Defend_B","Zap+1","Dualcast+1","Turbo+1","Skim+1","Melter","Self Repair","Tempest+1","Sunder+1","Conserve Battery+1","Meteor Strike+1","Coolheaded+1","Fusion+1"],"special_seed":0,"relics":["Cracked Core","NeowsBlessing","Lantern","Toxic Egg 2","Centennial Puzzle","Nuclear Battery"],"potions_floor_usage":[33],"damage_taken":[{"damage":0.0,"enemies":"Small Slimes","floor":1.0,"turns":1.0},{"damage":0.0,"enemies":"Cultist","floor":3.0,"turns":1.0},{"damage":0.0,"enemies":"Jaw Worm","floor":4.0,"turns":1.0},{"damage":42.0,"enemies":"Lagavulin","floor":6.0,"turns":7.0},{"damage":1.0,"enemies":"Looter","floor":12.0,"turns":2.0},{"damage":9.0,"enemies":"Red Slaver","floor":13.0,"turns":2.0},{"damage":10.0,"enemies":"Hexaghost","floor":16.0,"turns":9.0},{"damage":0.0,"enemies":"Spheric Guardian","floor":18.0,"turns":3.0},{"damage":21.0,"enemies":"Shell Parasite","floor":21.0,"turns":2.0},{"damage":0.0,"enemies":"Snecko","floor":25.0,"turns":3.0},{"damage":0.0,"enemies":"3 Cultists","floor":28.0,"turns":3.0},{"damage":54,"enemies":"Automaton","floor":33,"turns":8}],"seed_played":"-1435724133917483861","potions_obtained":[{"floor":4.0,"key":"Ancient Potion"},{"floor":12.0,"key":"Energy Potion"},{"floor":13.0,"key":"AttackPotion"},{"floor":18.0,"key":"EssenceOfSteel"},{"floor":25.0,"key":"SkillPotion"}],"is_trial":false,"path_per_floor":["M","?","M","M","$","E","?","R","T","?","R","M","M","$","R","B",null,"M","?","$","M","?","R","$","M","T","R","M","?","R","?","R","B"],"character_chosen":"DEFECT","items_purchased":["Self Repair","Tempest","Strength Potion"],"campfire_rested":0,"item_purchase_floors":[5,5,14],"current_hp_per_floor":[64,71,71,71,71,36,15,15,15,15,15,21,12,12,12,9,56,63,43,43,29,29,29,29,36,36,36,43,43,43,43,43,0],"gold":59,"neow_bonus":"THREE_ENEMY_KILL","is_prod":false,"is_daily":false,"chose_seed":false,"campfire_upgraded":6,"win_rate":0,"timestamp":1559405249,"path_taken":["M","?","?","?","$","E","?","R","T","?","R","M","?","$","R","BOSS","M","?","$","M","?","R","$","?","T","R","M","?","R","?","R","BOSS"],"build_version":"2019-01-23","purchased_purges":2,"victory":false,"max_hp_per_floor":[71,71,71,71,71,71,71,71,71,71,71,71,71,71,71,71,71,71,76,76,76,76,76,76,76,76,76,76,76,76,76,76,76],"card_choices":[{"not_picked":["Coolheaded","Hologram"],"picked":"Turbo","floor":1.0},{"not_picked":["Streamline","Steam"],"picked":"Skim","floor":3.0},{"not_picked":["Amplify","Cold Snap"],"picked":"Melter","floor":4.0},{"not_picked":["Stack","Capacitor"],"picked":"Sunder","floor":6.0},{"not_picked":["Cold Snap","Aggregate+1"],"picked":"Conserve Battery+1","floor":12.0},{"not_picked":["Melter","FTL","Doom and Gloom"],"picked":"SKIP","floor":13.0},{"not_picked":["Biased Cognition","Multi-Cast+1"],"picked":"Meteor Strike","floor":16.0},{"not_picked":["Defragment","Leap+1"],"picked":"Coolheaded+1","floor":18.0},{"not_picked":["Gash","Self Repair","Leap+1"],"picked":"SKIP","floor":21.0},{"not_picked":["Turbo+1","Coolheaded+1"],"picked":"Fusion+1","floor":25.0},{"not_picked":["Stack+1","FTL","Force Field+1"],"picked":"SKIP","floor":28.0}],"player_experience":1833670,"relics_obtained":[{"floor":6.0,"key":"Lantern"},{"floor":9.0,"key":"Toxic Egg 2"}],"event_choices":[{"damage_healed":7.0,"max_hp_gain":0.0,"max_hp_loss":0.0,"gold_gain":0.0,"event_name":"Wheel of Change","player_choice":"Full Heal","floor":2.0,"gold_loss":0.0,"damage_taken":0.0},{"damage_healed":0.0,"max_hp_gain":0.0,"max_hp_loss":0.0,"gold_gain":0.0,"event_name":"Shining Light","player_choice":"Entered Light","floor":7.0,"gold_loss":0.0,"damage_taken":21.0,"cards_upgraded":["Strike_B","Strike_B"]},{"damage_healed":0.0,"max_hp_gain":0.0,"max_hp_loss":0.0,"gold_gain":0.0,"event_name":"WeMeetAgain","player_choice":"Gave Potion","floor":10.0,"gold_loss":0.0,"damage_taken":0.0,"relics_obtained":["Centennial Puzzle"]},{"damage_healed":0.0,"max_hp_gain":5.0,"max_hp_loss":0.0,"gold_gain":0.0,"event_name":"Forgotten Altar","player_choice":"Shed Blood","floor":19.0,"gold_loss":0.0,"damage_taken":25.0},{"damage_healed":0.0,"max_hp_gain":0.0,"max_hp_loss":0.0,"gold_gain":0.0,"event_name":"Upgrade Shrine","player_choice":"Upgraded","floor":22.0,"gold_loss":0.0,"damage_taken":0.0,"cards_upgraded":["Turbo"]},{"cards_removed":["Strike_B"],"damage_healed":0.0,"max_hp_gain":0.0,"max_hp_loss":0.0,"gold_gain":0.0,"event_name":"Beggar","player_choice":"Gave Gold","floor":29.0,"gold_loss":75.0,"damage_taken":0.0},{"damage_healed":0.0,"max_hp_gain":0.0,"max_hp_loss":0.0,"gold_gain":0.0,"event_name":"Vampires","player_choice":"Ignored","floor":31.0,"gold_loss":0.0,"damage_taken":0.0}],"is_beta":false,"boss_relics":[{"not_picked":["Calling Bell","Cursed Key"],"picked":"Nuclear Battery"}],"items_purged_floors":[14,20],"is_endless":false,"potions_floor_spawned":[4,12,13,18,25],"killed_by":"Automaton","ascension_level":20}