{"gold_per_floor":[133,170,21,21,63,63,95,95,147,187,223,259,82,142,142,271],"floor_reached":16,"playtime":1269,"items_purged":["Parasite","Pain"],"score":154,"play_id":"e243da2b-f047-4304-a311-045d90b23e6a","local_time":"20190223111649","is_ascension_mode":false,"campfire_choices":[{"data":"Concentrate","floor":6,"key":"SMITH"},{"data":"Accuracy","floor":8,"key":"SMITH"},{"data":"Footwork","floor":15,"key":"SMITH"}],"neow_cost":"CURSE","seed_source_timestamp":2376080960486,"circlet_count":0,"master_deck":["Defend_G","Defend_G","Defend_G","Defend_G","Defend_G","Strike_G","Strike_G","Strike_G","Strike_G","Strike_G","Survivor","Neutralize","Dark Shackles","HandOfGreed","Dodge and Roll","Infinite Blades","Concentrate+1","Accuracy+1","Finisher","Footwork+1","Unload"],"relics":["Ring of the Snake","WarpedTongs","Blood Vial","Regal Pillow"],"potions_floor_usage":[11,11,14],"damage_taken":[{"damage":5,"enemies":"2 Louse","floor":1,"turns":3},{"damage":1,"enemies":"Cultist","floor":2,"turns":3},{"damage":10,"enemies":"Jaw Worm","floor":5,"turns":4},{"damage":11,"enemies":"Lagavulin","floor":7,"turns":8},{"damage":4,"enemies":"2 Fungi Beasts","floor":10,"turns":3},{"damage":1,"enemies":"Large Slime","floor":11,"turns":7},{"damage":2,"enemies":"Exordium Wildlife","floor":12,"turns":5},{"damage":0,"enemies":"3 Louse","floor":14,"turns":5},{"damage":46,"enemies":"Slime Boss","floor":16,"turns":13}],"seed_played":"-1906180933969694460","potions_obtained":[{"floor":1,"key":"Regen Potion"},{"floor":10,"key":"Block Potion"},{"floor":12,"key":"SkillPotion"},{"floor":14,"key":"Ancient Potion"}],"is_trial":false,"path_per_floor":["M","M","$","?","M","R","E","R","T","M","M","M","$","M","R","B"],"character_chosen":"THE_SILENT","items_purchased":["Infinite Blades","Footwork"],"campfire_rested":0,"item_purchase_floors":[3,13],"current_hp_per_floor":[65,64,64,64,54,54,43,43,43,41,57,57,57,59,59,15],"gold":271,"neow_bonus":"RANDOM_COLORLESS_2","is_prod":false,"is_daily":false,"chose_seed":false,"campfire_upgraded":3,"win_rate":0,"timestamp":1550938609,"path_taken":["M","M","$","?","M","R","E","R","T","?","?","M","?","M","R","BOSS"],"build_version":"2019-01-23","purchased_purges":2,"victory":false,"max_hp_per_floor":[70,70,67,67,67,67,67,67,67,67,67,67,67,67,67,67],"card_choices":[{"not_picked":["Dash","Calculated Gamble","Choke"],"picked":"SKIP","floor":1},{"not_picked":["Flying Knee","Reflex"],"picked":"Dodge and Roll","floor":2},{"not_picked":["Deadly Poison","Dagger Throw"],"picked":"Concentrate","floor":5},{"not_picked":["Expertise","Blade Dance"],"picked":"Accuracy","floor":7},{"not_picked":["Terror","Poisoned Stab"],"picked":"Finisher","floor":10},{"not_picked":["Prepared","Calculated Gamble","Flying Knee"],"picked":"SKIP","floor":11},{"not_picked":["PiercingWail","Acrobatics","Prepared"],"picked":"SKIP","floor":12},{"not_picked":["Reflex","Prepared","Outmaneuver"],"picked":"SKIP","floor":14},{"not_picked":["Corpse Explosion","Storm of Steel"],"picked":"Unload","floor":16}],"player_experience":603094,"relics_obtained":[{"floor":7,"key":"Blood Vial"},{"floor":9,"key":"Regal Pillow"}],"event_choices":[{"damage_healed":0,"gold_gain":0,"player_choice":"Rummage","damage_taken":0,"relics_obtained":["WarpedTongs"],"max_hp_gain":0,"max_hp_loss":0,"event_name":"Accursed Blacksmith","floor":4,"gold_loss":0,"cards_obtained":["Pain"]}],"is_beta":false,"boss_relics":[],"items_purged_floors":[3,13],"is_endless":false,"potions_floor_spawned":[1,10,12,14],"killed_by":"Slime Boss","ascension_level":0}