{"gold_per_floor":[109,26,38,58,74,74,104,130,166,197,209],"floor_reached":11,"playtime":591,"items_purged":[],"score":100,"play_id":"36d09294-284f-4d0d-a9ef-dcff0e237c2a","local_time":"20190803232239","is_ascension_mode":true,"campfire_choices":[{"data":"Twin Strike","floor":6,"key":"SMITH"}],"neow_cost":"NONE","seed_source_timestamp":775535913895800,"circlet_count":0,"master_deck":["Strike_R","Strike_R","Strike_R","Strike_R","Strike_R","Defend_R","Defend_R","Defend_R","Defend_R","Bash","Twin Strike+1","Good Instincts","Rage","Shrug It Off","Dual Wield","Heavy Blade","Clothesline"],"relics":["Burning Blood","MawBank","Bronze Scales"],"potions_floor_usage":[7,7,8],"damage_taken":[{"damage":10,"enemies":"Cultist","floor":1,"turns":5},{"damage":3,"enemies":"Jaw Worm","floor":3,"turns":4},{"damage":4,"enemies":"Small Slimes","floor":4,"turns":4},{"damage":0,"enemies":"Looter","floor":5,"turns":3},{"damage":40,"enemies":"Gremlin Nob","floor":7,"turns":5},{"damage":12,"enemies":"Red Slaver","floor":8,"turns":4},{"damage":4,"enemies":"3 Louse","floor":10,"turns":4},{"damage":49,"enemies":"3 Sentries","floor":11,"turns":6}],"seed_played":"1845209499215479706","potions_obtained":[{"floor":1,"key":"Weak Potion"},{"floor":5,"key":"SkillPotion"},{"floor":7,"key":"LiquidBronze"},{"floor":10,"key":"Swift Potion"}],"is_trial":false,"path_per_floor":["M","$","M","M","M","R","E","M","T","M","E"],"character_chosen":"IRONCLAD","items_purchased":["Good Instincts"],"campfire_rested":0,"item_purchase_floors":[2],"current_hp_per_floor":[76,76,79,81,87,87,53,47,47,49,0],"gold":209,"neow_bonus":"TEN_PERCENT_HP_BONUS","is_prod":false,"is_daily":false,"chose_seed":false,"campfire_upgraded":1,"win_rate":0,"timestamp":1564892559,"path_taken":["M","$","M","M","M","R","E","M","T","M","E"],"build_version":"2019-07-17","purchased_purges":0,"victory":false,"max_hp_per_floor":[88,88,88,88,88,88,88,88,88,88,88],"card_choices":[{"not_picked":["Reckless Charge","Anger"],"picked":"Twin Strike","floor":1},{"not_picked":["Flame Barrier","Heavy Blade"],"picked":"Rage","floor":3},{"not_picked":["Clash","Armaments"],"picked":"Shrug It Off","floor":4},{"not_picked":["Blood for Blood","Perfected Strike","Dark Embrace"],"picked":"SKIP","floor":5},{"not_picked":["Infernal Blade","Reckless Charge"],"picked":"Dual Wield","floor":7},{"not_picked":["Sever Soul","True Grit"],"picked":"Heavy Blade","floor":8},{"not_picked":["Rage","Iron Wave"],"picked":"Clothesline","floor":10}],"player_experience":223499,"relics_obtained":[{"floor":7,"key":"MawBank"},{"floor":9,"key":"Bronze Scales"}],"event_choices":[],"is_beta":false,"boss_relics":[],"items_purged_floors":[],"is_endless":false,"potions_floor_spawned":[1,5,7,10],"killed_by":"3 Sentries","ascension_level":6}