{"gold_per_floor":[109,109,128,128,142,171,171,186,243,213,213,213,213,228,228,228],"floor_reached":16,"playtime":510,"items_purged":[],"score":175,"play_id":"2e27a041-6bd3-4caa-b4f9-013757026667","local_time":"20181006150532","is_ascension_mode":true,"campfire_choices":[{"floor":7,"key":"REST"},{"data":"Wraith Form v2","floor":11,"key":"SMITH"},{"data":"Envenom","floor":13,"key":"SMITH"},{"floor":15,"key":"REST"}],"neow_cost":"NONE","seed_source_timestamp":1896736046002785,"circlet_count":0,"master_deck":["Defend_G","Defend_G","Defend_G","Defend_G+1","Defend_G","Strike_G","Strike_G","Strike_G","Strike_G","Survivor","Neutralize+1","AscendersBane","Dagger Spray","Dodge and Roll","Envenom+1","Quick Slash","Wraith Form v2+1","Dodge and Roll"],"relics":["Ring of the Snake","NeowsBlessing","Blood Vial","Tiny Chest"],"potions_floor_usage":[6,6,16],"damage_taken":[{"damage":0,"enemies":"Jaw Worm","floor":1,"turns":1},{"damage":0,"enemies":"Cultist","floor":3,"turns":1},{"damage":0,"enemies":"2 Louse","floor":5,"turns":1},{"damage":30,"enemies":"Gremlin Nob","floor":6,"turns":7},{"damage":4,"enemies":"Blue Slaver","floor":8,"turns":5},{"damage":2,"enemies":"Looter","floor":10,"turns":4},{"damage":23,"enemies":"Gremlin Gang","floor":14,"turns":6},{"damage":26,"enemies":"Slime Boss","floor":16,"turns":11}],"seed_played":"-7624556776845421724","potions_obtained":[{"floor":2,"key":"Weak Potion"},{"floor":2,"key":"PowerPotion"},{"floor":3,"key":"GhostInAJar"},{"floor":14,"key":"Fire Potion"}],"is_trial":false,"path_per_floor":["M","?","M","?","M","E","R","M","T","M","R","?","R","M","R"],"character_chosen":"THE_SILENT","items_purchased":[],"campfire_rested":2,"item_purchase_floors":[],"current_hp_per_floor":[59,59,59,39,39,9,28,26,26,26,26,26,26,5,24,0],"gold":228,"neow_bonus":"THREE_ENEMY_KILL","is_prod":false,"is_daily":false,"chose_seed":false,"campfire_upgraded":2,"win_rate":0,"timestamp":1538852732,"path_taken":["M","?","M","?","?","E","R","M","T","M","R","?","R","M","R","BOSS"],"build_version":"2018-10-04v2","purchased_purges":0,"victory":false,"max_hp_per_floor":[66,66,66,66,66,66,66,66,66,66,66,66,66,66,66,66],"card_choices":[{"not_picked":["Underhanded Strike","Dodge and Roll"],"picked":"Dagger Spray","floor":1},{"not_picked":["Concentrate","Blur"],"picked":"Dodge and Roll","floor":3},{"not_picked":["Reflex","Prepared","Acrobatics"],"picked":"SKIP","floor":5},{"not_picked":["Terror","Endless Agony"],"picked":"Envenom","floor":6},{"not_picked":["Sucker Punch","Flying Knee"],"picked":"Quick Slash","floor":8},{"not_picked":["Choke","Catalyst"],"picked":"Wraith Form v2","floor":10},{"not_picked":["Catalyst","Quick Slash"],"picked":"Dodge and Roll","floor":14}],"player_experience":818123,"relics_obtained":[{"floor":6,"key":"Blood Vial"},{"floor":9,"key":"Tiny Chest"}],"event_choices":[{"event_name":"The Lab","player_choice":"Got Potions","floor":2,"damage_taken":0},{"event_name":"Shining Light","player_choice":"Entered Light","floor":4,"damage_taken":0},{"event_name":"Purifier","player_choice":"One Purge","floor":12,"damage_taken":0}],"is_beta":false,"boss_relics":[],"items_purged_floors":[],"is_endless":false,"potions_floor_spawned":[3,5,14],"killed_by":"Slime Boss","ascension_level":15}