{"gold_per_floor":[110,58,78,95,115,115,127,140,140,154,154,10,20,20,20,20],"floor_reached":16,"playtime":628,"items_purged":[],"score":110,"play_id":"9b72469b-5ad9-473c-9793-82187e764c14","local_time":"20190511192426","is_ascension_mode":true,"campfire_choices":[{"data":"Phantasmal Killer","floor":6,"key":"SMITH"},{"floor":11,"key":"REST"},{"floor":15,"key":"REST"}],"neow_cost":"NONE","seed_source_timestamp":261356810183547,"circlet_count":0,"master_deck":["Defend_G","Defend_G","Defend_G","Defend_G","Strike_G","Strike_G","Strike_G","Strike_G","Strike_G","Survivor","Neutralize","Phantasmal Killer+1","Deadly Poison","Bane","Bane","Sucker Punch","Distraction+1","Backstab","Blur"],"relics":["Ring of the Snake","Singing Bowl","Orichalcum"],"potions_floor_usage":[8,10],"damage_taken":[{"damage":0,"enemies":"2 Louse","floor":1,"turns":3},{"damage":4,"enemies":"Small Slimes","floor":3,"turns":2},{"damage":10,"enemies":"Jaw Worm","floor":4,"turns":5},{"damage":3,"enemies":"Looter","floor":5,"turns":2},{"damage":9,"enemies":"Large Slime","floor":7,"turns":2},{"damage":31,"enemies":"Gremlin Gang","floor":8,"turns":4},{"damage":0,"enemies":"3 Louse","floor":10,"turns":1},{"damage":2,"enemies":"Looter","floor":13,"turns":2},{"damage":56,"enemies":"Slime Boss","floor":16,"turns":9}],"seed_played":"-4638089330265548850","potions_obtained":[{"floor":3,"key":"EssenceOfSteel"},{"floor":8,"key":"Explosive Potion"},{"floor":13,"key":"LiquidBronze"}],"is_trial":false,"path_per_floor":["M","$","M","M","M","R","M","M","T","M","R","$","M","?","R","B"],"character_chosen":"THE_SILENT","items_purchased":["Bane","Orichalcum"],"campfire_rested":2,"item_purchase_floors":[2,12],"current_hp_per_floor":[70,70,66,56,53,53,44,13,13,13,34,34,32,32,53,0],"gold":20,"neow_bonus":"TRANSFORM_CARD","is_prod":false,"is_daily":false,"chose_seed":false,"campfire_upgraded":1,"win_rate":0,"timestamp":1557617066,"path_taken":["M","$","M","M","M","R","M","M","T","M","R","$","M","?","R","BOSS"],"build_version":"2019-01-23","purchased_purges":0,"victory":false,"max_hp_per_floor":[70,70,70,70,70,70,70,70,70,70,70,70,70,70,70,70],"card_choices":[{"not_picked":["Cloak And Dagger","Predator"],"picked":"Deadly Poison","floor":1},{"not_picked":["Backstab","Cloak And Dagger"],"picked":"Bane","floor":3},{"not_picked":["Poisoned Stab","PiercingWail","Cloak And Dagger"],"picked":"SKIP","floor":4},{"not_picked":["Dagger Throw","Quick Slash","Dodge and Roll"],"picked":"SKIP","floor":5},{"not_picked":["Cloak And Dagger","Acrobatics"],"picked":"Sucker Punch","floor":7},{"not_picked":["Backflip","Reflex"],"picked":"Distraction","floor":8},{"not_picked":["Slice","Cloak And Dagger"],"picked":"Backstab","floor":10},{"not_picked":["Backflip","Well Laid Plans"],"picked":"Blur","floor":13}],"player_experience":979523,"relics_obtained":[{"floor":9,"key":"Singing Bowl"}],"event_choices":[{"damage_healed":0,"gold_gain":0,"player_choice":"Grow","damage_taken":0,"max_hp_gain":0,"max_hp_loss":0,"event_name":"Living Wall","floor":14,"gold_loss":0,"cards_upgraded":["Distraction"]}],"is_beta":false,"boss_relics":[],"items_purged_floors":[],"is_endless":false,"potions_floor_spawned":[3,8,13],"killed_by":"Slime Boss","ascension_level":3}