{"gold_per_floor":[215,22,22,22,42,42,54,54,81,102,132,149,175,188,188,264,264,239,289,29,49,49,49],"floor_reached":23,"playtime":928,"items_purged":[],"score":348,"play_id":"3926f2be-b8ec-429f-93e7-41bcc90a0e83","local_time":"20181006003150","is_ascension_mode":true,"campfire_choices":[{"data":"Bash","floor":6.0,"key":"SMITH"},{"data":"Anger","floor":8.0,"key":"SMITH"},{"floor":15.0,"key":"REST"}],"neow_cost":"NONE","seed_source_timestamp":1843813615928703,"circlet_count":0,"master_deck":["Strike_R","Strike_R","Strike_R","Strike_R","Strike_R","Defend_R","Defend_R","Defend_R","Defend_R","Bash+1","AscendersBane","Sword Boomerang","Anger+1","Clothesline","Armaments","Feel No Pain","Fiend Fire","Battle Trance","Feed","Shrug It Off+1","Apotheosis","Pommel Strike","Shockwave+1"],"special_seed":0,"relics":["Black Blood","Medical Kit","Omamori","Odd Mushroom","Oddly Smooth Stone","Letter Opener","Unceasing Top"],"potions_floor_usage":[],"damage_taken":[{"damage":8.0,"enemies":"Jaw Worm","floor":1.0,"turns":5.0},{"damage":3.0,"enemies":"2 Louse","floor":5.0,"turns":3.0},{"damage":0.0,"enemies":"Cultist","floor":7.0,"turns":2.0},{"damage":29.0,"enemies":"The Mushroom Lair","floor":10.0,"turns":5.0},{"damage":20.0,"enemies":"Gremlin Nob","floor":11.0,"turns":4.0},{"damage":2.0,"enemies":"Red Slaver","floor":12.0,"turns":5.0},{"damage":21.0,"enemies":"3 Sentries","floor":13.0,"turns":10.0},{"damage":18.0,"enemies":"2 Fungi Beasts","floor":14.0,"turns":3.0},{"damage":12.0,"enemies":"Hexaghost","floor":16.0,"turns":11.0},{"damage":43.0,"enemies":"2 Thieves","floor":18.0,"turns":5.0},{"damage":0.0,"enemies":"Chosen","floor":21.0,"turns":6.0},{"damage":45,"enemies":"Book of Stabbing","floor":23,"turns":5}],"seed_played":"-7580996719120829132","potions_obtained":[{"floor":10.0,"key":"Block Potion"},{"floor":11.0,"key":"FearPotion"},{"floor":14.0,"key":"EssenceOfSteel"}],"is_trial":false,"path_per_floor":["M","$","?","$","M","R","M","R","T","?","E","M","E","M","R","B",null,"M","?","$","M","T"],"character_chosen":"IRONCLAD","items_purchased":["Medical Kit","Apotheosis","Pommel Strike"],"campfire_rested":1,"item_purchase_floors":[2,20,20],"current_hp_per_floor":[66,66,66,66,69,69,75,75,75,52,38,42,27,15,37,31,64,34,34,34,44,44,0],"gold":49,"neow_bonus":"HUNDRED_GOLD","is_prod":false,"is_daily":false,"chose_seed":false,"campfire_upgraded":2,"win_rate":0,"timestamp":1538800310,"path_taken":["M","$","?","?","?","R","M","R","T","?","E","?","E","M","R","BOSS","M","?","?","?","?","E"],"build_version":"2018-10-04v2","purchased_purges":0,"victory":false,"max_hp_per_floor":[75,75,75,75,75,75,75,75,75,75,75,75,75,75,75,75,75,78,78,78,78,78,78],"card_choices":[{"not_picked":["Iron Wave","Sever Soul"],"picked":"Sword Boomerang","floor":1.0},{"not_picked":["Pommel Strike","Headbutt"],"picked":"Anger","floor":5.0},{"not_picked":["Headbutt","Warcry"],"picked":"Clothesline","floor":7.0},{"not_picked":["Twin Strike","Seeing Red"],"picked":"Armaments","floor":11.0},{"not_picked":["Second Wind","Inflame"],"picked":"Feel No Pain","floor":12.0},{"not_picked":["Pommel Strike","Disarm"],"picked":"Fiend Fire","floor":13.0},{"not_picked":["Clash","Metallicize"],"picked":"Battle Trance","floor":14.0},{"not_picked":["Bludgeon","Berserk"],"picked":"Feed","floor":16.0},{"not_picked":["Anger","Cleave"],"picked":"Shrug It Off+1","floor":18.0},{"not_picked":["Battle Trance","Thunderclap"],"picked":"Shockwave+1","floor":21.0}],"player_experience":812157,"relics_obtained":[{"floor":9.0,"key":"Omamori"},{"floor":10.0,"key":"Odd Mushroom"},{"floor":11.0,"key":"Oddly Smooth Stone"},{"floor":13.0,"key":"Letter Opener"},{"floor":22.0,"key":"Unceasing Top"}],"event_choices":[{"event_name":"The Cleric","player_choice":"Leave","floor":3.0,"damage_taken":0.0},{"event_name":"Mushrooms","player_choice":"Fought Mushrooms","floor":10.0,"damage_taken":0.0},{"event_name":"Nest","player_choice":"Stole From Cult","floor":19.0,"damage_taken":0.0}],"is_beta":false,"boss_relics":[{"not_picked":["Astrolabe","Empty Cage"],"picked":"Black Blood"}],"items_purged_floors":[],"is_endless":false,"potions_floor_spawned":[10,11,14],"killed_by":"Book of Stabbing","ascension_level":15}