{"gold_per_floor":[114,88,163,178,178,178,208,208,208,223,238,238,253,268,268,268],"floor_reached":16,"playtime":718,"items_purged":[],"score":152,"play_id":"7406fe14-d31d-44ab-b207-00edce819b93","local_time":"20180829091638","daily_mods":["Brewmaster","Uncertain Future","Vintage"],"is_ascension_mode":false,"campfire_choices":[{"data":"Venomology","floor":6,"key":"SMITH"},{"data":"Evolve","floor":8,"key":"SMITH"},{"data":"Armaments","floor":15,"key":"SMITH"}],"neow_cost":"","seed_source_timestamp":0,"circlet_count":0,"master_deck":["Strike_R","Strike_R","Strike_R","Strike_R","Strike_R","Defend_R","Defend_R","Defend_R","Defend_R","Bash","Venomology","Venomology","Venomology","Venomology","Venomology+1","Armaments+1","Regret","Evolve+1"],"special_seed":17772,"relics":["Burning Blood","White Beast Statue","Oddly Smooth Stone","Letter Opener","Paper Frog","Singing Bowl","Ornamental Fan","Regal Pillow","Bag of Preparation","Bag of Marbles","Orichalcum","Centennial Puzzle"],"potions_floor_usage":[1,1,4,4,7,7,7,7,7,7,7,10,10,10,11,11,11,11,11,13,13,13,13,13,14,14,14,16,16,16,16],"damage_taken":[{"damage":1,"enemies":"Jaw Worm","floor":1,"turns":2},{"damage":0,"enemies":"2 Louse","floor":4,"turns":1},{"damage":16,"enemies":"Lagavulin","floor":7,"turns":8},{"damage":7,"enemies":"Small Slimes","floor":10,"turns":4},{"damage":10,"enemies":"Exordium Wildlife","floor":11,"turns":3},{"damage":4,"enemies":"Large Slime","floor":13,"turns":5},{"damage":1,"enemies":"Lots of Slimes","floor":14,"turns":3},{"damage":20,"enemies":"Slime Boss","floor":16,"turns":4}],"seed_played":"7234858393999432779","potions_obtained":[{"floor":1,"key":"Energy Potion"},{"floor":4,"key":"EssenceOfSteel"},{"floor":7,"key":"PowerPotion"},{"floor":10,"key":"BloodPotion"},{"floor":11,"key":"Block Potion"},{"floor":13,"key":"FearPotion"},{"floor":14,"key":"Energy Potion"}],"is_trial":false,"path_per_floor":["M","$","?","M","?","R","E","R","T","M","M","?","M","M","R"],"character_chosen":"IRONCLAD","items_purchased":["Armaments"],"campfire_rested":0,"item_purchase_floors":[2],"current_hp_per_floor":[80,80,69,75,75,75,65,65,65,64,69,69,71,76,76,56],"gold":268,"neow_bonus":"","is_prod":false,"is_daily":true,"chose_seed":false,"campfire_upgraded":3,"win_rate":0,"timestamp":1535501798,"path_taken":["M","$","?","M","?","R","E","R","T","M","M","?","M","M","R","BOSS"],"build_version":"2018-08-23v2","purchased_purges":0,"victory":false,"max_hp_per_floor":[80,80,80,80,80,80,80,80,80,80,80,80,80,80,80,80],"card_choices":[{"not_picked":["Pommel Strike","Clothesline"],"picked":"Evolve","floor":7}],"player_experience":241074,"relics_obtained":[{"floor":1,"key":"Oddly Smooth Stone"},{"floor":4,"key":"Letter Opener"},{"floor":7,"key":"Singing Bowl"},{"floor":9,"key":"Ornamental Fan"},{"floor":10,"key":"Regal Pillow"},{"floor":11,"key":"Bag of Preparation"},{"floor":13,"key":"Orichalcum"},{"floor":14,"key":"Centennial Puzzle"}],"event_choices":[{"event_name":"World of Goop","player_choice":"Gather Gold","floor":3,"damage_taken":0},{"event_name":"Big Fish","player_choice":"Box","floor":5,"damage_taken":0},{"event_name":"WeMeetAgain","player_choice":"Potion","floor":12,"damage_taken":0}],"is_beta":false,"boss_relics":[],"items_purged_floors":[],"is_endless":false,"potions_floor_spawned":[1,4,7,10,11,13,14],"killed_by":"Slime Boss","ascension_level":0}