{"gold_per_floor":[112,127,52,102,119,119,144,144,144,156,156,187,197,209,209,209],"floor_reached":16,"playtime":609,"items_purged":[],"score":240,"play_id":"e966efe3-5d9f-48d1-bddd-ca13676436a5","local_time":"20190802141738","is_ascension_mode":true,"campfire_choices":[{"data":"Neutralize","floor":6,"key":"SMITH"},{"floor":8,"key":"DIG"},{"floor":11,"key":"REST"},{"floor":15,"key":"DIG"}],"neow_cost":"TEN_PERCENT_HP_LOSS","seed_source_timestamp":568755489850091,"circlet_count":0,"master_deck":["AscendersBane","Strike_G","Strike_G","Strike_G","Strike_G","Defend_G","Defend_G","Defend_G","Defend_G","Defend_G","Survivor","Neutralize+1","Deflect","Backstab","Caltrops","Backflip","Cloak And Dagger","Quick Slash"],"relics":["Ring of the Snake","Shovel","Bag of Preparation","Letter Opener","Mummified Hand","Oddly Smooth Stone","Anchor"],"potions_floor_usage":[7,10,12],"damage_taken":[{"damage":1,"enemies":"Small Slimes","floor":1,"turns":4},{"damage":0,"enemies":"Cultist","floor":2,"turns":4},{"damage":2,"enemies":"Jaw Worm","floor":5,"turns":5},{"damage":51,"enemies":"Gremlin Nob","floor":7,"turns":6},{"damage":3,"enemies":"Exordium Wildlife","floor":10,"turns":7},{"damage":0,"enemies":"3 Sentries","floor":12,"turns":10},{"damage":0,"enemies":"Large Slime","floor":13,"turns":9},{"damage":0,"enemies":"Exordium Thugs","floor":14,"turns":4},{"damage":38,"enemies":"Slime Boss","floor":16,"turns":3}],"seed_played":"2277418825009440340","potions_obtained":[{"floor":2,"key":"SkillPotion"},{"floor":7,"key":"GamblersBrew"},{"floor":10,"key":"PowerPotion"}],"is_trial":false,"path_per_floor":["M","M","?","?","M","R","E","R","T","M","R","E","M","M","R","B"],"character_chosen":"THE_SILENT","items_purchased":[],"campfire_rested":1,"item_purchase_floors":[],"current_hp_per_floor":[58,58,58,58,56,56,5,5,5,2,20,20,20,20,20,0],"gold":209,"neow_bonus":"ONE_RARE_RELIC","is_prod":false,"is_daily":false,"chose_seed":false,"campfire_upgraded":1,"win_rate":0,"timestamp":1564769858,"path_taken":["M","M","?","?","M","R","E","R","T","?","R","E","M","M","R","BOSS"],"build_version":"2019-07-17","purchased_purges":0,"victory":false,"max_hp_per_floor":[60,60,60,60,60,60,60,60,60,60,60,60,60,60,60,60],"card_choices":[{"not_picked":["Bane","Underhanded Strike"],"picked":"Deflect","floor":1},{"not_picked":["Slice","Deflect"],"picked":"Backstab","floor":2},{"not_picked":["Expertise","Bane"],"picked":"Caltrops","floor":5},{"not_picked":["Caltrops","Poisoned Stab"],"picked":"Backflip","floor":7},{"not_picked":["Underhanded Strike","Setup"],"picked":"Cloak And Dagger","floor":10},{"not_picked":["Dagger Throw","Outmaneuver"],"picked":"Quick Slash","floor":12},{"not_picked":["Outmaneuver","Deflect","Flying Knee"],"picked":"SKIP","floor":13},{"not_picked":["Outmaneuver","Poisoned Stab","Storm of Steel"],"picked":"SKIP","floor":14}],"player_experience":1644738,"relics_obtained":[{"floor":7,"key":"Bag of Preparation"},{"floor":8,"key":"Letter Opener"},{"floor":9,"key":"Mummified Hand"},{"floor":12,"key":"Oddly Smooth Stone"},{"floor":15,"key":"Anchor"}],"event_choices":[{"cards_removed":["Strike_G"],"damage_healed":0,"gold_gain":0,"player_choice":"Card Removal","damage_taken":0,"max_hp_gain":0,"max_hp_loss":0,"event_name":"The Cleric","floor":3,"gold_loss":75},{"damage_healed":0,"gold_gain":50,"player_choice":"Pray","damage_taken":0,"max_hp_gain":0,"max_hp_loss":0,"event_name":"Golden Shrine","floor":4,"gold_loss":0}],"is_beta":false,"boss_relics":[],"items_purged_floors":[],"is_endless":false,"potions_floor_spawned":[2,7,10],"killed_by":"Slime Boss","ascension_level":15}