{"gold_per_floor":[113,127,107,126,196,225,225,259,309,309,338,338,263,263,263,340,340,354,408,425,266,283,316,334,361,373,385,408,420,459,471,483,572,584,612,636,648,660,687,734,796,808,847,873,903,925,964,994,1006,1018,1030,1042,1054,132,159,159],"floor_reached":57,"playtime":2881,"items_purged":["Strike_B","Strike_B","Defend_B"],"score":2830,"play_id":"31303d54-346c-4e01-b645-ecc4262d7368","local_time":"20190618131804","is_ascension_mode":true,"campfire_choices":[{"data":"Zap","floor":7.0,"key":"SMITH"},{"floor":10.0,"key":"REST"},{"data":"Dualcast","floor":12.0,"key":"SMITH"},{"data":"Turbo","floor":15.0,"key":"SMITH"},{"floor":27.0,"key":"REST"},{"data":"Chaos","floor":29.0,"key":"SMITH"},{"data":"Coolheaded","floor":32.0,"key":"SMITH"},{"data":"Heatsinks","floor":42.0,"key":"SMITH"},{"floor":49.0,"key":"RECALL"},{"data":"Turbo","floor":53.0,"key":"SMITH"}],"neow_cost":"NONE","seed_source_timestamp":1369487064020116,"circlet_count":0,"master_deck":["AscendersBane","Defend_B","Defend_B","Defend_B","Zap+1","Dualcast+1","Tempest","Turbo+1","Thunder Strike+1","Core Surge","Machine Learning","Biased Cognition","Core Surge+1","Coolheaded+1","Hologram","Chaos+1","Go for the Eyes+1","Compile Driver","Heatsinks+1","Heatsinks","Turbo+1","Multi-Cast","Defragment","White Noise","Self Repair","Capacitor+1","Hologram","Skim","Double Energy","Loop"],"special_seed":0,"relics":["Cracked Core","NeowsBlessing","Symbiotic Virus","Mercury Hourglass","Calipers","Bronze Scales","Pen Nib","Runic Pyramid","Tiny Chest","Gremlin Horn","MawBank","Meat on the Bone","Art of War","White Beast Statue","Regal Pillow","Darkstone Periapt","Cables","Whetstone","Frozen Eye","DataDisk"],"potions_floor_usage":[56,56],"damage_taken":[{"damage":0.0,"enemies":"Small Slimes","floor":1.0,"turns":1.0},{"damage":0.0,"enemies":"Cultist","floor":2.0,"turns":1.0},{"damage":0.0,"enemies":"Jaw Worm","floor":4.0,"turns":1.0},{"damage":18.0,"enemies":"3 Sentries","floor":6.0,"turns":6.0},{"damage":27.0,"enemies":"Gremlin Nob","floor":8.0,"turns":4.0},{"damage":25.0,"enemies":"3 Sentries","floor":11.0,"turns":4.0},{"damage":4.0,"enemies":"Hexaghost","floor":16.0,"turns":6.0},{"damage":0.0,"enemies":"Chosen","floor":18.0,"turns":3.0},{"damage":2.0,"enemies":"3 Byrds","floor":20.0,"turns":2.0},{"damage":0.0,"enemies":"Sentry and Sphere","floor":22.0,"turns":3.0},{"damage":39.0,"enemies":"Book of Stabbing","floor":23.0,"turns":3.0},{"damage":0.0,"enemies":"3 Cultists","floor":24.0,"turns":2.0},{"damage":8.0,"enemies":"Gremlin Leader","floor":25.0,"turns":4.0},{"damage":0.0,"enemies":"Centurion and Healer","floor":28.0,"turns":4.0},{"damage":20.0,"enemies":"Book of Stabbing","floor":30.0,"turns":3.0},{"damage":4.0,"enemies":"Automaton","floor":33.0,"turns":8.0},{"damage":3.0,"enemies":"3 Darklings","floor":35.0,"turns":4.0},{"damage":10.0,"enemies":"3 Shapes","floor":36.0,"turns":2.0},{"damage":1.0,"enemies":"Spire Growth","floor":39.0,"turns":4.0},{"damage":0.0,"enemies":"Reptomancer","floor":40.0,"turns":5.0},{"damage":51.0,"enemies":"Jaw Worm Horde","floor":44.0,"turns":3.0},{"damage":14.0,"enemies":"3 Darklings","floor":45.0,"turns":3.0},{"damage":0.0,"enemies":"Maw","floor":46.0,"turns":4.0},{"damage":27.0,"enemies":"Giant Head","floor":47.0,"turns":7.0},{"damage":2.0,"enemies":"Spire Growth","floor":48.0,"turns":5.0},{"damage":49.0,"enemies":"Awakened One","floor":50.0,"turns":7.0},{"damage":28.0,"enemies":"Time Eater","floor":51.0,"turns":11.0},{"damage":8.0,"enemies":"Shield and Spear","floor":55.0,"turns":3.0},{"damage":55,"enemies":"The Heart","floor":56,"turns":11}],"seed_played":"-6719517242856979575","potions_obtained":[{"floor":2.0,"key":"Block Potion"},{"floor":3.0,"key":"Ancient Potion"},{"floor":8.0,"key":"FearPotion"},{"floor":11.0,"key":"Block Potion"},{"floor":23.0,"key":"Swift Potion"},{"floor":25.0,"key":"SkillPotion"},{"floor":28.0,"key":"Ancient Potion"},{"floor":35.0,"key":"SkillPotion"},{"floor":36.0,"key":"SkillPotion"},{"floor":39.0,"key":"Swift Potion"},{"floor":40.0,"key":"Regen Potion"},{"floor":44.0,"key":"EssenceOfSteel"},{"floor":45.0,"key":"Strength Potion"},{"floor":46.0,"key":"Ancient Potion"},{"floor":47.0,"key":"AttackPotion"},{"floor":48.0,"key":"Regen Potion"},{"floor":55.0,"key":"Swift Potion"}],"is_trial":false,"path_per_floor":["M","M","?","M","T","E","R","E","T","R","E","R","$","?","R","B",null,"M","T","M","$","M","E","M","E","T","R","M","R","E","?","R","B",null,"M","M","?","?","M","E","?","R","T","M","M","M","E","M","R","B","B",null,"R","$","E","B",null],"character_chosen":"DEFECT","items_purchased":["Hologram","Cables","Whetstone","Frozen Eye","Double Energy","SkillPotion"],"campfire_rested":2,"item_purchase_floors":[21,54,54,54,54,54],"current_hp_per_floor":[64,64,64,64,64,46,46,19,19,40,15,15,15,15,15,11,56,56,56,54,54,54,15,15,7,7,28,40,40,32,32,32,40,63,60,50,50,50,49,56,50,50,50,23,28,47,46,51,51,36,34,59,59,59,58,22],"gold":159,"neow_bonus":"THREE_ENEMY_KILL","is_prod":false,"is_daily":false,"chose_seed":false,"campfire_upgraded":7,"win_rate":0,"timestamp":1560835084,"path_taken":["M","M","?","?","?","E","R","E","T","R","E","R","$","?","R","BOSS","M","?","?","?","?","E","M","E","T","R","M","R","E","?","R","BOSS","M","M","?","?","?","E","?","R","T","?","M","M","E","M","R","BOSS","BOSS","R","$","E","BOSS"],"build_version":"2019-01-23","purchased_purges":3,"victory":true,"max_hp_per_floor":[71,71,71,71,71,71,71,71,71,71,71,71,71,71,71,71,71,71,71,71,71,71,71,71,71,71,71,71,71,71,71,71,71,71,71,71,67,67,67,67,67,67,67,67,67,67,67,67,67,67,67,67,67,67,67,67],"card_choices":[{"not_picked":["Gash","Leap","Rebound"],"picked":"SKIP","floor":1.0},{"not_picked":["Aggregate","Steam Power"],"picked":"Tempest","floor":2.0},{"not_picked":["Reprogram","Loop"],"picked":"Turbo","floor":4.0},{"not_picked":["Tempest","Fusion"],"picked":"Thunder Strike","floor":6.0},{"not_picked":["Hologram","Go for the Eyes"],"picked":"Core Surge","floor":8.0},{"not_picked":["Steam","Compile Driver"],"picked":"Machine Learning","floor":11.0},{"not_picked":["Amplify","Buffer"],"picked":"Core Surge","floor":16.0},{"not_picked":["Self Repair","Cold Snap"],"picked":"Coolheaded","floor":18.0},{"not_picked":["Consume","Lockon","Ball Lightning"],"picked":"SKIP","floor":20.0},{"not_picked":["Sunder","Steam"],"picked":"Chaos","floor":22.0},{"not_picked":["Beam Cell","FTL"],"picked":"Go for the Eyes+1","floor":23.0},{"not_picked":["Compile Driver","Beam Cell","Melter"],"picked":"SKIP","floor":24.0},{"not_picked":["Beam Cell","Melter"],"picked":"Compile Driver","floor":24.0},{"not_picked":["Steam+1","Hologram"],"picked":"Heatsinks","floor":25.0},{"not_picked":["Force Field","Stack","Sweeping Beam"],"picked":"SKIP","floor":28.0},{"not_picked":["Melter","Leap+1"],"picked":"Heatsinks","floor":30.0},{"not_picked":["Thunder Strike","Electrodynamics"],"picked":"Multi-Cast","floor":33.0},{"not_picked":["Leap+1","Go for the Eyes"],"picked":"Defragment","floor":35.0},{"not_picked":["Steam","Sweeping Beam"],"picked":"White Noise","floor":36.0},{"not_picked":["Stack","Storm"],"picked":"Self Repair","floor":39.0},{"not_picked":["Genetic Algorithm","Undo"],"picked":"Capacitor+1","floor":40.0},{"not_picked":["Hello World","Chill","Sweeping Beam"],"picked":"SKIP","floor":44.0},{"not_picked":["Steam Power","Redo","Go for the Eyes+1"],"picked":"SKIP","floor":45.0},{"not_picked":["Hologram","Conserve Battery","Compile Driver"],"picked":"SKIP","floor":46.0},{"not_picked":["Ball Lightning","Auto Shields+1"],"picked":"Hologram","floor":47.0},{"not_picked":["Cold Snap+1","Force Field"],"picked":"Skim","floor":48.0},{"not_picked":["Steam Power+1","Scrape+1"],"picked":"Loop","floor":55.0}],"player_experience":1921444,"relics_obtained":[{"floor":5.0,"key":"Symbiotic Virus"},{"floor":6.0,"key":"Mercury Hourglass"},{"floor":8.0,"key":"Calipers"},{"floor":9.0,"key":"Bronze Scales"},{"floor":11.0,"key":"Pen Nib"},{"floor":19.0,"key":"Tiny Chest"},{"floor":23.0,"key":"Gremlin Horn"},{"floor":25.0,"key":"MawBank"},{"floor":26.0,"key":"Meat on the Bone"},{"floor":30.0,"key":"Art of War"},{"floor":40.0,"key":"Regal Pillow"},{"floor":47.0,"key":"Darkstone Periapt"},{"floor":55.0,"key":"DataDisk"}],"event_choices":[{"damage_healed":0.0,"max_hp_gain":0.0,"max_hp_loss":0.0,"gold_gain":0.0,"event_name":"The Woman in Blue","player_choice":"Bought 1 Potion","floor":3.0,"gold_loss":0.0,"damage_taken":0.0},{"damage_healed":0.0,"max_hp_gain":0.0,"max_hp_loss":0.0,"gold_gain":0.0,"cards_transformed":["Strike_B"],"event_name":"Transmorgrifier","player_choice":"Transformed","floor":14.0,"gold_loss":0.0,"damage_taken":0.0,"cards_obtained":["Biased Cognition"]},{"damage_healed":0.0,"max_hp_gain":0.0,"max_hp_loss":0.0,"gold_gain":0.0,"event_name":"The Library","player_choice":"Read","floor":31.0,"gold_loss":0.0,"damage_taken":0.0,"cards_obtained":["Turbo"]},{"damage_healed":0.0,"max_hp_gain":0.0,"max_hp_loss":4.0,"gold_gain":0.0,"event_name":"Winding Halls","player_choice":"Max HP","floor":37.0,"gold_loss":0.0,"damage_taken":0.0},{"cards_removed":["Strike_B"],"damage_healed":0.0,"max_hp_gain":0.0,"max_hp_loss":0.0,"gold_gain":0.0,"event_name":"Purifier","player_choice":"Purged","floor":38.0,"gold_loss":0.0,"damage_taken":0.0},{"damage_healed":0.0,"max_hp_gain":0.0,"max_hp_loss":0.0,"gold_gain":50.0,"event_name":"FaceTrader","player_choice":"Touch","floor":41.0,"gold_loss":0.0,"damage_taken":6.0}],"is_beta":false,"boss_relics":[{"not_picked":["Pandora\u0027s Box","Orrery"],"picked":"Runic Pyramid"},{"not_picked":["Lizard Tail","Calling Bell"],"picked":"White Beast Statue"}],"items_purged_floors":[13,21,54],"is_endless":false,"potions_floor_spawned":[2,8,11,16,18,23,25,28,35,36,39,40,44,45,46,47,48,55],"ascension_level":20}