{"gold_per_floor":[110,260,335,58,58,70,103,103,103,103,26,38,57,69,69,141,141,160,170,445,460,460,460,479,509,535,535,554,554,554,566,566,640,640,655,704,714,228,242,242,270,270],"floor_reached":42,"playtime":1809,"items_purged":["Doubt","Regret"],"score":809,"play_id":"318fb643-959b-49e6-9a3a-8f7c27071d2e","local_time":"20181006153558","is_ascension_mode":true,"campfire_choices":[{"data":"Defragment","floor":8,"key":"SMITH"},{"floor":10,"key":"REST"},{"data":"Defragment","floor":15,"key":"SMITH"},{"floor":23,"key":"REST"},{"floor":27,"key":"REST"},{"data":"Zap","floor":29,"key":"SMITH"},{"data":"Fission","floor":32,"key":"SMITH"},{"floor":40,"key":"REST"}],"neow_cost":"NONE","seed_source_timestamp":1897255365297254,"circlet_count":0,"master_deck":["Strike_B+1","Strike_B+1","Strike_B+1","Strike_B+1","Defend_B+1","Defend_B+1","Defend_B+1","Defend_B+1","Zap+1","Dualcast","AscendersBane","Rainbow","Streamline","Defragment+1","Glacier","Cold Snap","Scrape","Defragment+1","Conserve Battery","Machine Learning","Gash","Fission+1","Coolheaded","FTL+1","Compile Driver","FTL+1","Go for the Eyes+1","Chaos","Machine Learning","Cold Snap","Rainbow","Glacier","Cold Snap+1","Chaos+1"],"relics":["Cracked Core","Shuriken","Regal Pillow","Velvet Choker","Blue Candle","Bronze Scales","Omamori","Cursed Key","Turnip","Pen Nib","Frozen Eye","Art of War"],"potions_floor_usage":[7,16,25,33,33,39],"damage_taken":[{"damage":7,"enemies":"Jaw Worm","floor":1,"turns":4},{"damage":0,"enemies":"Cultist","floor":6,"turns":3},{"damage":5,"enemies":"3 Sentries","floor":7,"turns":7},{"damage":7,"enemies":"Small Slimes","floor":12,"turns":3},{"damage":9,"enemies":"Exordium Thugs","floor":13,"turns":5},{"damage":0,"enemies":"Large Slime","floor":14,"turns":6},{"damage":28,"enemies":"Slime Boss","floor":16,"turns":6},{"damage":16,"enemies":"2 Thieves","floor":18,"turns":4},{"damage":0,"enemies":"Spheric Guardian","floor":19,"turns":5},{"damage":13,"enemies":"Snecko","floor":21,"turns":6},{"damage":17,"enemies":"Centurion and Healer","floor":24,"turns":7},{"damage":17,"enemies":"Gremlin Leader","floor":25,"turns":8},{"damage":17,"enemies":"Cultist and Chosen","floor":28,"turns":6},{"damage":2,"enemies":"Snecko","floor":31,"turns":6},{"damage":31,"enemies":"Champ","floor":33,"turns":9},{"damage":2,"enemies":"Orb Walker","floor":35,"turns":3},{"damage":27,"enemies":"Mysterious Sphere","floor":36,"turns":6},{"damage":27,"enemies":"3 Shapes","floor":37,"turns":7},{"damage":0,"enemies":"Spire Growth","floor":39,"turns":6},{"damage":19,"enemies":"Nemesis","floor":41,"turns":10},{"damage":23,"enemies":"Sphere and 2 Shapes","floor":42,"turns":3}],"seed_played":"-2543800027583811005","potions_obtained":[{"floor":6,"key":"SkillPotion"},{"floor":7,"key":"Dexterity Potion"},{"floor":12,"key":"PowerPotion"},{"floor":18,"key":"SteroidPotion"},{"floor":24,"key":"Block Potion"},{"floor":25,"key":"FocusPotion"},{"floor":36,"key":"SkillPotion"},{"floor":37,"key":"FearPotion"}],"is_trial":false,"path_per_floor":["M","?","?","$","?","M","E","R","T","R","$","M","M","M","R","B",null,"M","M","?","M","?","R","M","E","T","R","M","R","T","M","R","B",null,"M","?","M","$","M","R","E"],"character_chosen":"DEFECT","items_purchased":["Defragment","Glacier","Fire Potion","Defragment","Glacier","Pen Nib","Frozen Eye"],"campfire_rested":4,"item_purchase_floors":[4,4,4,11,38,38,38],"current_hp_per_floor":[57,57,46,46,25,25,20,20,20,56,56,49,40,40,40,12,56,40,40,40,27,27,63,46,29,29,65,48,48,48,46,46,15,57,55,28,1,1,1,37,18,0],"gold":270,"neow_bonus":"ONE_RANDOM_RARE_CARD","is_prod":false,"is_daily":false,"chose_seed":false,"campfire_upgraded":4,"win_rate":0,"timestamp":1538854558,"path_taken":["M","?","?","$","?","M","E","R","T","R","$","M","?","?","R","BOSS","M","M","?","M","?","R","M","E","T","R","M","R","?","?","R","BOSS","M","?","?","$","M","R","E","M"],"build_version":"2018-10-04v2","purchased_purges":2,"victory":false,"max_hp_per_floor":[71,71,71,71,71,71,71,71,71,71,71,71,71,71,71,71,71,71,71,71,71,71,71,71,71,71,71,71,71,71,71,71,71,71,71,71,71,71,71,71,71,71],"card_choices":[{"not_picked":["Gash","Static Discharge"],"picked":"Streamline","floor":1},{"not_picked":["Stack","Aggregate"],"picked":"Cold Snap","floor":6},{"not_picked":["Aggregate","Melter"],"picked":"Scrape","floor":7},{"not_picked":["Steam","Beam Cell"],"picked":"Conserve Battery","floor":12},{"not_picked":["Sweeping Beam","Melter"],"picked":"Machine Learning","floor":13},{"not_picked":["Chaos","Turbo"],"picked":"Gash","floor":14},{"not_picked":["Meteor Strike","Rainbow"],"picked":"Fission","floor":16},{"not_picked":["Redo","Steam"],"picked":"Coolheaded","floor":18},{"not_picked":["Aggregate","Force Field"],"picked":"FTL+1","floor":19},{"not_picked":["Stack","Coolheaded"],"picked":"Compile Driver","floor":21},{"not_picked":["Gash","Reboot"],"picked":"FTL+1","floor":24},{"not_picked":["Conserve Battery","Rebound"],"picked":"Go for the Eyes+1","floor":25},{"not_picked":["Beam Cell","Steam"],"picked":"Chaos","floor":28},{"not_picked":["Force Field","Rebound+1","Darkness"],"picked":"SKIP","floor":31},{"not_picked":["Multi-Cast","Reboot"],"picked":"Machine Learning","floor":33},{"not_picked":["Compile Driver","Coolheaded"],"picked":"Cold Snap","floor":35},{"not_picked":["Redo","Doom and Gloom"],"picked":"Rainbow","floor":37},{"not_picked":["Barrage+1","Ball Lightning"],"picked":"Cold Snap+1","floor":39},{"not_picked":["Streamline+1","Stack"],"picked":"Chaos+1","floor":41}],"player_experience":818633,"relics_obtained":[{"floor":7,"key":"Shuriken"},{"floor":9,"key":"Regal Pillow"},{"floor":25,"key":"Blue Candle"},{"floor":26,"key":"Bronze Scales"},{"floor":30,"key":"Omamori"},{"floor":36,"key":"Turnip"},{"floor":41,"key":"Art of War"}],"event_choices":[{"event_name":"Liars Game","player_choice":"agreed","floor":2,"damage_taken":0},{"event_name":"World of Goop","player_choice":"Gather Gold","floor":3,"damage_taken":0},{"event_name":"Shining Light","player_choice":"Entered Light","floor":5,"damage_taken":0},{"event_name":"Golden Shrine","player_choice":"Desecrate","floor":20,"damage_taken":0},{"event_name":"Back to Basics","player_choice":"Simplicity","floor":22,"damage_taken":0},{"event_name":"Mysterious Sphere","player_choice":"Fight","floor":36,"damage_taken":0}],"is_beta":false,"boss_relics":[{"not_picked":["White Beast Statue","Lizard Tail"],"picked":"Velvet Choker"},{"not_picked":["Runic Dome","Astrolabe"],"picked":"Cursed Key"}],"items_purged_floors":[4,38],"is_endless":false,"potions_floor_spawned":[6,7,12,14,18,21,24,25,36,37],"killed_by":"Sphere and 2 Shapes","ascension_level":15}