{"gold_per_floor":[109,127,227,246,266,266,298,298,324,343,343,356,456,481,481,558,558,570,570,618,407,417,417,430,430],"floor_reached":25,"playtime":1183,"items_purged":["Clumsy"],"score":351,"play_id":"ddc8780e-ff8b-4be9-8178-52a0654052bb","local_time":"20190806141155","is_ascension_mode":true,"campfire_choices":[{"data":"Calculated Gamble","floor":6.0,"key":"SMITH"},{"data":"Neutralize","floor":8.0,"key":"SMITH"},{"floor":15,"key":"REST"},{"data":"Well Laid Plans","floor":23,"key":"SMITH"}],"neow_cost":"NONE","seed_source_timestamp":127636900235323,"circlet_count":0,"master_deck":["AscendersBane","Strike_G+1","Strike_G+1","Strike_G+1","Strike_G+1","Defend_G+1","Defend_G+1","Defend_G+1","Defend_G+1","Defend_G+1","Survivor","Neutralize+1","Infinite Blades","Deflect","Crippling Poison+1","Dagger Throw","Calculated Gamble+1","Noxious Fumes","Glass Knife","Well Laid Plans+1","Burst","Acrobatics","Footwork","Deep Breath","Dodge and Roll","Terror+1"],"special_seed":0,"relics":["Ring of the Snake","Smiling Mask","Ancient Tea Set","Bronze Scales","Cursed Key","Happy Flower"],"potions_floor_usage":[12,18,25],"damage_taken":[{"damage":6.0,"enemies":"Jaw Worm","floor":1.0,"turns":6.0},{"damage":0.0,"enemies":"Cultist","floor":2.0,"turns":4.0},{"damage":0.0,"enemies":"2 Louse","floor":4.0,"turns":3.0},{"damage":1.0,"enemies":"Red Slaver","floor":5.0,"turns":6.0},{"damage":34.0,"enemies":"Lagavulin","floor":7.0,"turns":7.0},{"damage":1.0,"enemies":"Exordium Thugs","floor":10.0,"turns":6.0},{"damage":0,"enemies":"Large Slime","floor":12,"turns":3},{"damage":17,"enemies":"Gremlin Nob","floor":14,"turns":4},{"damage":4,"enemies":"Hexaghost","floor":16,"turns":9},{"damage":16,"enemies":"Spheric Guardian","floor":18,"turns":7},{"damage":3,"enemies":"Shell Parasite","floor":22,"turns":4},{"damage":9,"enemies":"Sentry and Sphere","floor":24,"turns":8},{"damage":31,"enemies":"Slavers","floor":25,"turns":4}],"seed_played":"-465316959009025184","potions_obtained":[{"floor":1.0,"key":"GamblersBrew"},{"floor":5.0,"key":"Fire Potion"},{"floor":7.0,"key":"Fire Potion"},{"floor":18,"key":"GamblersBrew"}],"is_trial":false,"path_per_floor":["M","M","?","M","M","R","E","R","T","M","?","M","?","E","R","B",null,"M","?","T","$","M","R","M","E"],"character_chosen":"THE_SILENT","items_purchased":["Footwork","Deep Breath"],"campfire_rested":1,"item_purchase_floors":[21,21],"current_hp_per_floor":[57,57,57,57,56,56,22,22,22,21,21,21,21,4,25,21,58,42,42,42,42,39,39,30,0],"gold":430,"neow_bonus":"TRANSFORM_CARD","is_prod":false,"is_daily":false,"chose_seed":false,"campfire_upgraded":3,"win_rate":0,"timestamp":1565068315,"path_taken":["M","M","?","M","?","R","E","R","T","M","?","?","?","E","R","BOSS","M","?","?","$","M","R","M","E"],"build_version":"2019-07-17","purchased_purges":1,"victory":false,"max_hp_per_floor":[70,70,70,70,70,70,70,70,70,70,70,70,70,70,70,70,70,70,70,70,70,70,70,70,70],"card_choices":[{"not_picked":["Distraction","Underhanded Strike"],"picked":"Deflect","floor":1.0},{"not_picked":["Catalyst","Finisher"],"picked":"Crippling Poison","floor":2.0},{"not_picked":["Deflect","Skewer"],"picked":"Dagger Throw","floor":4.0},{"not_picked":["Dagger Spray","Slice"],"picked":"Calculated Gamble","floor":5.0},{"not_picked":["Riddle With Holes","Calculated Gamble"],"picked":"Noxious Fumes","floor":7.0},{"not_picked":["Infinite Blades","Heel Hook"],"picked":"Glass Knife","floor":10.0},{"not_picked":["Noxious Fumes","Quick Slash"],"picked":"Well Laid Plans","floor":12},{"not_picked":["Predator","Dagger Spray","Infinite Blades"],"picked":"SKIP","floor":14},{"not_picked":["Venomology","Night Terror"],"picked":"Burst","floor":16},{"not_picked":["Flying Knee","Dodge and Roll"],"picked":"Acrobatics","floor":18},{"not_picked":["Dash","Caltrops"],"picked":"Dodge and Roll","floor":22},{"not_picked":["Outmaneuver","Poisoned Stab"],"picked":"Terror+1","floor":24}],"player_experience":282366,"relics_obtained":[{"floor":7.0,"key":"Smiling Mask"},{"floor":9.0,"key":"Ancient Tea Set"},{"floor":14,"key":"Bronze Scales"},{"floor":20,"key":"Happy Flower"}],"event_choices":[{"damage_healed":0.0,"max_hp_gain":0.0,"max_hp_loss":0.0,"gold_gain":100.0,"event_name":"Golden Shrine","player_choice":"Pray","floor":3.0,"gold_loss":0.0,"damage_taken":0.0},{"damage_healed":0,"gold_gain":0,"player_choice":"Upgraded","damage_taken":0,"max_hp_gain":0,"max_hp_loss":0,"event_name":"Upgrade Shrine","floor":11,"gold_loss":0,"cards_upgraded":["Crippling Poison"]},{"damage_healed":0,"gold_gain":100,"player_choice":"Pray","damage_taken":0,"max_hp_gain":0,"max_hp_loss":0,"event_name":"Golden Shrine","floor":13,"gold_loss":0},{"damage_healed":0,"gold_gain":0,"player_choice":"Simplicity","damage_taken":0,"max_hp_gain":0,"max_hp_loss":0,"event_name":"Back to Basics","floor":19,"gold_loss":0,"cards_upgraded":["Strike_G","Strike_G","Strike_G","Strike_G","Defend_G","Defend_G","Defend_G","Defend_G","Defend_G"]}],"is_beta":false,"boss_relics":[{"not_picked":["Fusion Hammer","HoveringKite"],"picked":"Cursed Key"}],"items_purged_floors":[21],"is_endless":false,"potions_floor_spawned":[1,5,7,10,18],"killed_by":"Slavers","ascension_level":13}