{"gold_per_floor":[114,114,114,129,144,174,349,379,379,379,379,379,398,436,436,561,561,580,503,503,503,418,418],"floor_reached":23,"playtime":1188,"items_purged":[],"score":205,"play_id":"c12ef27d-3421-4627-a98a-4378a87bc6a2","local_time":"20180811122628","daily_mods":["Heirloom","Terminal","Vintage"],"is_ascension_mode":false,"campfire_choices":[{"data":"1","floor":10,"key":"LIFT"},{"data":"2","floor":15,"key":"LIFT"}],"neow_cost":"","seed_source_timestamp":1137614095137231,"circlet_count":0,"master_deck":["Defend_G","Defend_G","Defend_G","Defend_G","Defend_G","Strike_G+1","Survivor","Neutralize","Injury","Corpse Explosion","Bouncing Flask","Bullet Time","Wraith Form v2+1","Crippling Poison+1","Blade Dance+1","Heel Hook+1","J.A.X."],"special_seed":17754,"relics":["Ring of the Snake","Girya","Boot","Frozen Egg 2","Paper Crane","Meat on the Bone","Ornamental Fan","Oddly Smooth Stone","Golden Idol","Juzu Bracelet","Anchor","Pen Nib","Astrolabe","Pantograph","Torii"],"potions_floor_usage":[16,16,16],"damage_taken":[{"damage":0,"enemies":"Small Slimes","floor":1,"turns":3},{"damage":0,"enemies":"2 Louse","floor":4,"turns":3},{"damage":0,"enemies":"Cultist","floor":5,"turns":4},{"damage":2,"enemies":"Lagavulin","floor":6,"turns":14},{"damage":8,"enemies":"3 Sentries","floor":8,"turns":5},{"damage":0,"enemies":"2 Fungi Beasts","floor":13,"turns":2},{"damage":4,"enemies":"Lagavulin","floor":14,"turns":8},{"damage":32,"enemies":"Slime Boss","floor":16,"turns":10},{"damage":0,"enemies":"Shell Parasite","floor":18,"turns":6},{"damage":54,"enemies":"Gremlin Leader","floor":23,"turns":9}],"seed_played":"7174262716422048038","potions_obtained":[{"floor":1,"key":"Fire Potion"},{"floor":4,"key":"PowerPotion"},{"floor":14,"key":"Poison Potion"}],"is_trial":false,"path_per_floor":["M","?","?","M","M","E","?","E","T","R","?","?","M","E","R","B",null,"M","?","?","?","?"],"character_chosen":"THE_SILENT","items_purchased":[],"campfire_rested":0,"item_purchase_floors":[],"current_hp_per_floor":[68,61,61,61,61,59,59,51,51,51,37,56,56,52,52,32,52,51,50,49,48,47,0],"gold":418,"neow_bonus":"","is_prod":false,"is_daily":true,"chose_seed":false,"campfire_upgraded":0,"win_rate":0,"timestamp":1533957988,"path_taken":["M","?","?","?","M","E","?","E","T","R","?","?","M","E","R","BOSS","M","?","?","?","?","E"],"build_version":"2018-08-09","purchased_purges":0,"victory":false,"max_hp_per_floor":[68,67,66,65,64,63,62,61,60,59,58,57,56,55,54,53,52,51,50,49,48,47,47],"card_choices":[{"not_picked":["Prepared","Acrobatics"],"picked":"Corpse Explosion","floor":6},{"not_picked":["Outmaneuver","Choke"],"picked":"Bouncing Flask","floor":8},{"not_picked":["Underhanded Strike","Blade Dance"],"picked":"Bullet Time","floor":14},{"not_picked":["Burst","Phantasmal Killer"],"picked":"Wraith Form v2+1","floor":16}],"player_experience":180233,"relics_obtained":[{"floor":1,"key":"Boot"},{"floor":4,"key":"Frozen Egg 2"},{"floor":5,"key":"Paper Crane"},{"floor":6,"key":"Meat on the Bone"},{"floor":8,"key":"Ornamental Fan"},{"floor":9,"key":"Oddly Smooth Stone"},{"floor":13,"key":"Juzu Bracelet"},{"floor":14,"key":"Anchor"},{"floor":16,"key":"Pen Nib"},{"floor":18,"key":"Pantograph"}],"event_choices":[{"event_name":"Golden Wing","player_choice":"Card Removal","floor":2,"damage_taken":0},{"event_name":"Accursed Blacksmith","player_choice":"Forge","floor":3,"damage_taken":0},{"event_name":"Liars Game","player_choice":"agreed","floor":7,"damage_taken":0},{"event_name":"Golden Idol","player_choice":"Take Damage","floor":11,"damage_taken":0},{"event_name":"Big Fish","player_choice":"Banana","floor":12,"damage_taken":0},{"event_name":"Drug Dealer","player_choice":"Got JAXXED","floor":19,"damage_taken":0},{"event_name":"Back to Basics","player_choice":"Elegance","floor":20,"damage_taken":0},{"event_name":"Ghosts","player_choice":"Ignored","floor":21,"damage_taken":0},{"event_name":"Addict","player_choice":"Obtained Relic","floor":22,"damage_taken":0}],"is_beta":false,"boss_relics":[{"not_picked":["Empty Cage","HoveringKite"],"picked":"Astrolabe"}],"items_purged_floors":[],"is_endless":false,"potions_floor_spawned":[1,4,14],"killed_by":"Gremlin Leader","ascension_level":0}