{"gold_per_floor":[117,137,137,151,167,167,185,185,238,238,251,261,261,336,336,336],"floor_reached":16,"playtime":310,"items_purged":[],"score":188,"play_id":"34f3eceb-08ce-4de6-8f41-d5d786caffd9","local_time":"20190621113012","is_ascension_mode":true,"campfire_choices":[{"data":"Zap","floor":6.0,"key":"SMITH"},{"data":"Streamline","floor":8.0,"key":"SMITH"},{"data":"Dualcast","floor":10.0,"key":"SMITH"},{"data":"Recycle","floor":13.0,"key":"SMITH"},{"data":"Turbo","floor":15.0,"key":"SMITH"}],"neow_cost":"NONE","seed_source_timestamp":1627437205440659,"circlet_count":0,"master_deck":["AscendersBane","Strike_B","Strike_B","Strike_B","Strike_B","Defend_B","Defend_B","Defend_B","Defend_B","Zap+1","Dualcast+1","Turbo+1","Streamline+1","Capacitor","Ball Lightning","Core Surge","Tempest","Recycle+1"],"special_seed":0,"relics":["Cracked Core","NeowsBlessing","Bag of Preparation"],"potions_floor_usage":[16],"damage_taken":[{"damage":0.0,"enemies":"Small Slimes","floor":1.0,"turns":1.0},{"damage":0.0,"enemies":"Jaw Worm","floor":2.0,"turns":1.0},{"damage":0.0,"enemies":"2 Louse","floor":4.0,"turns":1.0},{"damage":17.0,"enemies":"Lots of Slimes","floor":5.0,"turns":4.0},{"damage":22.0,"enemies":"Large Slime","floor":7.0,"turns":5.0},{"damage":0.0,"enemies":"Blue Slaver","floor":11.0,"turns":2.0},{"damage":0.0,"enemies":"Exordium Thugs","floor":12.0,"turns":3.0},{"damage":16,"enemies":"The Guardian","floor":16,"turns":5}],"seed_played":"-5393901858614096765","potions_obtained":[{"floor":4.0,"key":"GamblersBrew"},{"floor":7.0,"key":"Poison Potion"}],"is_trial":false,"path_per_floor":["M","M","?","M","M","R","M","R","T","R","M","M","R","?","R","B"],"character_chosen":"DEFECT","items_purchased":[],"campfire_rested":0,"item_purchase_floors":[],"current_hp_per_floor":[64,64,69,69,52,52,30,30,30,30,30,30,30,19,19,3],"gold":336,"neow_bonus":"THREE_ENEMY_KILL","is_prod":false,"is_daily":false,"chose_seed":false,"campfire_upgraded":5,"win_rate":0,"timestamp":1561087812,"path_taken":["M","M","?","M","M","R","M","R","T","R","M","M","R","?","R","BOSS"],"build_version":"2019-01-23","purchased_purges":0,"victory":false,"max_hp_per_floor":[71,71,76,76,76,76,76,76,76,76,76,76,76,76,76,76],"card_choices":[{"not_picked":["Leap","Chaos"],"picked":"Turbo","floor":1.0},{"not_picked":["Steam","Rebound"],"picked":"Streamline","floor":2.0},{"not_picked":["Steam Power","Stack"],"picked":"Capacitor","floor":4.0},{"not_picked":["Leap","Redo"],"picked":"Ball Lightning","floor":5.0},{"not_picked":["Gash","Beam Cell"],"picked":"Core Surge","floor":7.0},{"not_picked":["Melter","Sweeping Beam"],"picked":"Tempest","floor":11.0},{"not_picked":["Sweeping Beam","Chill"],"picked":"Recycle","floor":12.0}],"player_experience":1943926,"relics_obtained":[{"floor":9.0,"key":"Bag of Preparation"}],"event_choices":[{"damage_healed":0.0,"max_hp_gain":5.0,"max_hp_loss":0.0,"gold_gain":0.0,"event_name":"Big Fish","player_choice":"Donut","floor":3.0,"gold_loss":0.0,"damage_taken":0.0},{"damage_healed":0.0,"max_hp_gain":0.0,"max_hp_loss":0.0,"gold_gain":75.0,"event_name":"World of Goop","player_choice":"Gather Gold","floor":14.0,"gold_loss":0.0,"damage_taken":11.0}],"is_beta":false,"boss_relics":[],"items_purged_floors":[],"is_endless":false,"potions_floor_spawned":[4,7],"killed_by":"The Guardian","ascension_level":20}