{"gold_per_floor":[20,95,114,114,133,164,164,204,204,223,223,223,254,254],"floor_reached":14,"playtime":365,"items_purged":[],"score":216,"play_id":"e11ef380-1047-48b3-a1a5-d2de6089e612","local_time":"20190624234631","is_ascension_mode":true,"campfire_choices":[{"data":"Armaments","floor":7.0,"key":"SMITH"},{"data":"Juggernaut","floor":11.0,"key":"SMITH"}],"neow_cost":"NO_GOLD","seed_source_timestamp":1931000172185791,"circlet_count":0,"master_deck":["AscendersBane","Strike_R","Strike_R","Strike_R","Defend_R","Defend_R","Defend_R","Defend_R","Bash","Spot Weakness","Shrug It Off","Armaments+1","Juggernaut+1","Carnage","Havoc","Body Slam"],"special_seed":0,"relics":["Burning Blood","Golden Idol","Bronze Scales","Pear","Smiling Mask"],"potions_floor_usage":[],"damage_taken":[{"damage":4.0,"enemies":"Small Slimes","floor":1.0,"turns":4.0},{"damage":1.0,"enemies":"Cultist","floor":3.0,"turns":4.0},{"damage":7.0,"enemies":"Jaw Worm","floor":5.0,"turns":4.0},{"damage":47.0,"enemies":"3 Sentries","floor":6.0,"turns":10.0},{"damage":21.0,"enemies":"Lagavulin","floor":8.0,"turns":8.0},{"damage":0.0,"enemies":"2 Fungi Beasts","floor":10.0,"turns":4.0},{"damage":22.0,"enemies":"Gremlin Nob","floor":13.0,"turns":4.0},{"damage":7,"enemies":"Lots of Slimes","floor":14,"turns":2}],"seed_played":"465548029689003943","potions_obtained":[{"floor":1.0,"key":"SteroidPotion"},{"floor":8.0,"key":"Block Potion"},{"floor":10.0,"key":"Explosive Potion"}],"is_trial":false,"path_per_floor":["M","?","M","?","M","E","R","E","T","M","R","?","E","M"],"character_chosen":"IRONCLAD","items_purchased":[],"campfire_rested":0,"item_purchase_floors":[],"current_hp_per_floor":[70,59,64,64,63,22,22,17,17,23,23,23,7,0],"gold":254,"neow_bonus":"TRANSFORM_TWO_CARDS","is_prod":false,"is_daily":false,"chose_seed":false,"campfire_upgraded":2,"win_rate":0,"timestamp":1561391191,"path_taken":["M","?","M","?","M","E","R","E","T","M","R","?","E","?"],"build_version":"2019-01-23","purchased_purges":0,"victory":false,"max_hp_per_floor":[75,75,75,68,68,68,68,78,78,78,78,78,78,78],"card_choices":[{"not_picked":["Sever Soul","Pummel"],"picked":"Shrug It Off","floor":1.0},{"not_picked":["Perfected Strike","Anger","Havoc"],"picked":"SKIP","floor":3.0},{"not_picked":["Twin Strike","Iron Wave","Searing Blow"],"picked":"SKIP","floor":5.0},{"not_picked":["Bloodletting","Clothesline"],"picked":"Armaments","floor":6.0},{"not_picked":["Infernal Blade","Sever Soul"],"picked":"Juggernaut","floor":8.0},{"not_picked":["Fire Breathing","Thunderclap"],"picked":"Carnage","floor":10.0},{"not_picked":["Bloodletting","Flex"],"picked":"Body Slam","floor":13.0}],"player_experience":1986917,"relics_obtained":[{"floor":6.0,"key":"Bronze Scales"},{"floor":8.0,"key":"Pear"},{"floor":13.0,"key":"Smiling Mask"}],"event_choices":[{"damage_healed":0.0,"max_hp_gain":0.0,"max_hp_loss":0.0,"gold_gain":75.0,"event_name":"World of Goop","player_choice":"Gather Gold","floor":2.0,"gold_loss":0.0,"damage_taken":11.0},{"damage_healed":0.0,"max_hp_gain":0.0,"max_hp_loss":7.0,"gold_gain":0.0,"event_name":"Golden Idol","player_choice":"Lose Max HP","floor":4.0,"gold_loss":0.0,"damage_taken":0.0,"relics_obtained":["Golden Idol"]},{"damage_healed":0.0,"max_hp_gain":0.0,"max_hp_loss":0.0,"gold_gain":0.0,"cards_transformed":["Perfected Strike"],"event_name":"Transmorgrifier","player_choice":"Transformed","floor":12.0,"gold_loss":0.0,"damage_taken":0.0,"cards_obtained":["Havoc"]}],"is_beta":false,"boss_relics":[],"items_purged_floors":[],"is_endless":false,"potions_floor_spawned":[1,8,10],"killed_by":"Lots of Slimes","ascension_level":20}