{"gold_per_floor":[118,118,137,63,79,79,111,128,128,128,154,154,168,18,18,114,114,131,147,147,147,162,162,108,108],"floor_reached":25,"playtime":1114,"items_purged":[],"score":317,"play_id":"a7d2eff0-a20d-4e14-8aa7-ccb6ea09d4bd","local_time":"20190723220139","is_ascension_mode":true,"campfire_choices":[{"data":"Rage","floor":6,"key":"SMITH"},{"floor":10,"key":"REST"},{"floor":15,"key":"REST"},{"data":"Barricade","floor":23,"key":"SMITH"}],"neow_cost":"TEN_PERCENT_HP_LOSS","seed_source_timestamp":103369888579756,"circlet_count":0,"master_deck":["AscendersBane","Fire Breathing","Iron Wave","Entrench","Rage+1","Spot Weakness","Iron Wave","Iron Wave","Fire Breathing","Armaments","Metallicize","Juggernaut","Shrug It Off","Barricade+1","Thunderclap","Bludgeon","Armaments","Wild Strike","Battle Trance","Entrench","Headbutt","Uppercut"],"relics":["Burning Blood","Blue Candle","Bottled Lightning","Bottled Flame","The Courier","Pandora\u0027s Box","Kunai"],"potions_floor_usage":[7],"damage_taken":[{"damage":8,"enemies":"Jaw Worm","floor":1,"turns":5},{"damage":2,"enemies":"Small Slimes","floor":3,"turns":4},{"damage":10,"enemies":"Cultist","floor":5,"turns":4},{"damage":30,"enemies":"3 Sentries","floor":7,"turns":8},{"damage":10,"enemies":"Exordium Thugs","floor":8,"turns":6},{"damage":38,"enemies":"Gremlin Nob","floor":11,"turns":6},{"damage":1,"enemies":"2 Fungi Beasts","floor":13,"turns":3},{"damage":33,"enemies":"Slime Boss","floor":16,"turns":9},{"damage":21,"enemies":"Shell Parasite","floor":18,"turns":7},{"damage":22,"enemies":"Chosen","floor":19,"turns":9},{"damage":15,"enemies":"Snake Plant","floor":22,"turns":6},{"damage":25,"enemies":"Centurion and Healer","floor":25,"turns":3}],"seed_played":"-2640734785490014360","potions_obtained":[{"floor":1,"key":"Explosive Potion"},{"floor":11,"key":"Explosive Potion"},{"floor":19,"key":"Dexterity Potion"},{"floor":22,"key":"Poison Potion"}],"is_trial":false,"path_per_floor":["M","?","M","$","M","R","E","M","T","R","E","?","M","$","R","B",null,"M","M","?","?","M","R","?","M"],"character_chosen":"IRONCLAD","items_purchased":["Spot Weakness","Juggernaut","Shrug It Off"],"campfire_rested":2,"item_purchase_floors":[4,14,14],"current_hp_per_floor":[70,67,71,71,67,67,43,39,39,60,28,52,57,57,72,45,65,50,34,34,34,25,25,25,0],"gold":108,"neow_bonus":"TRANSFORM_TWO_CARDS","is_prod":false,"is_daily":false,"chose_seed":false,"campfire_upgraded":2,"win_rate":0,"timestamp":1563933699,"path_taken":["M","?","M","?","M","R","E","M","T","R","E","?","?","$","R","BOSS","M","M","?","?","?","R","?","M"],"build_version":"2019-07-17","purchased_purges":0,"victory":false,"max_hp_per_floor":[72,72,72,72,72,72,72,72,72,72,72,72,72,72,72,72,72,72,72,72,72,72,72,72,72],"card_choices":[{"not_picked":["Pommel Strike","Evolve"],"picked":"Entrench","floor":1},{"not_picked":["Flex","True Grit"],"picked":"Rage","floor":3},{"not_picked":["Disarm","Twin Strike"],"picked":"Iron Wave","floor":5},{"not_picked":["Double Tap","Heavy Blade"],"picked":"Iron Wave","floor":7},{"not_picked":["Iron Wave","Rupture"],"picked":"Fire Breathing","floor":8},{"not_picked":["Cleave","Headbutt"],"picked":"Armaments","floor":11},{"not_picked":["Sword Boomerang","Combust"],"picked":"Metallicize","floor":13},{"not_picked":["Brutality","Double Tap"],"picked":"Barricade","floor":16},{"not_picked":["Searing Blow+1","Cleave+1"],"picked":"Headbutt","floor":18},{"not_picked":["Bloodletting","Clothesline","Twin Strike"],"picked":"SKIP","floor":19},{"not_picked":["Perfected Strike","Armaments","Bloodletting"],"picked":"SKIP","floor":22}],"player_experience":1102621,"relics_obtained":[{"floor":7,"key":"Bottled Lightning"},{"floor":9,"key":"Bottled Flame"},{"floor":11,"key":"The Courier"}],"event_choices":[{"damage_healed":0,"gold_gain":0,"player_choice":"Success","damage_taken":3,"relics_obtained":["Blue Candle"],"max_hp_gain":0,"max_hp_loss":0,"event_name":"Scrap Ooze","floor":2,"gold_loss":0},{"damage_healed":24,"gold_gain":0,"player_choice":"Banana","damage_taken":0,"max_hp_gain":0,"max_hp_loss":0,"event_name":"Big Fish","floor":12,"gold_loss":0},{"damage_healed":0,"gold_gain":0,"cards_transformed":["Second Wind","Havoc"],"player_choice":"Became Test Subject","damage_taken":0,"max_hp_gain":0,"max_hp_loss":0,"event_name":"Drug Dealer","floor":20,"gold_loss":0,"cards_obtained":["Uppercut","Perfected Strike"]},{"cards_removed":["Perfected Strike"],"damage_healed":0,"gold_gain":0,"player_choice":"Elegance","damage_taken":0,"max_hp_gain":0,"max_hp_loss":0,"event_name":"Back to Basics","floor":21,"gold_loss":0},{"damage_healed":0,"gold_gain":0,"player_choice":"Paid Gold","damage_taken":0,"relics_obtained":["Kunai"],"max_hp_gain":0,"max_hp_loss":0,"event_name":"WeMeetAgain","floor":24,"gold_loss":54}],"is_beta":false,"boss_relics":[{"not_picked":["Eternal Feather","White Beast Statue"],"picked":"Pandora\u0027s Box"}],"items_purged_floors":[],"is_endless":false,"potions_floor_spawned":[1,11,19,22],"killed_by":"Centurion and Healer","ascension_level":10}