{"gold_per_floor":[109,109,121,86,102,135,16,50,98,123,123,123],"floor_reached":12,"playtime":497,"items_purged":[],"score":168,"play_id":"d9bec4c5-f1cd-4b17-8aa4-5e4cb91fd157","local_time":"20190803034142","is_ascension_mode":true,"campfire_choices":[{"floor":11,"key":"REST"}],"neow_cost":"NONE","seed_source_timestamp":617112194546987,"circlet_count":0,"master_deck":["AscendersBane","Strike_G","Strike_G","Strike_G+1","Strike_G","Strike_G","Defend_G","Defend_G+1","Defend_G","Defend_G","Defend_G","Survivor","Neutralize","Flying Knee","Footwork","Deflect+1","PiercingWail+1","Well Laid Plans","Blade Dance+1","Malaise+1","Calculated Gamble+1"],"relics":["Ring of the Snake","Toxic Egg 2","Snake Skull","Oddly Smooth Stone","Dream Catcher"],"potions_floor_usage":[6,10,12],"damage_taken":[{"damage":0,"enemies":"Jaw Worm","floor":1,"turns":6},{"damage":0,"enemies":"Small Slimes","floor":3,"turns":3},{"damage":0,"enemies":"Cultist","floor":5,"turns":4},{"damage":18,"enemies":"Gremlin Nob","floor":6,"turns":5},{"damage":24,"enemies":"3 Sentries","floor":8,"turns":15},{"damage":2,"enemies":"Lagavulin","floor":10,"turns":13},{"damage":34,"enemies":"Gremlin Nob","floor":12,"turns":4}],"seed_played":"-8391200349609886716","potions_obtained":[{"floor":0,"key":"Strength Potion"},{"floor":0,"key":"FearPotion"},{"floor":0,"key":"LiquidBronze"},{"floor":8,"key":"EssenceOfSteel"}],"is_trial":false,"path_per_floor":["M","?","M","?","M","E","$","E","T","E","R","E"],"character_chosen":"THE_SILENT","items_purchased":["PiercingWail+1","Well Laid Plans"],"campfire_rested":1,"item_purchase_floors":[7,7],"current_hp_per_floor":[59,39,39,55,55,37,37,13,13,11,30,0],"gold":123,"neow_bonus":"THREE_SMALL_POTIONS","is_prod":false,"is_daily":false,"chose_seed":false,"campfire_upgraded":0,"win_rate":0,"timestamp":1564818102,"path_taken":["M","?","M","?","M","E","?","E","T","E","R","E"],"build_version":"2019-07-17","purchased_purges":0,"victory":false,"max_hp_per_floor":[66,66,66,66,66,66,66,66,66,66,66,66],"card_choices":[{"not_picked":["Concentrate","Sucker Punch"],"picked":"Flying Knee","floor":1},{"not_picked":["Blade Dance","Acrobatics"],"picked":"Footwork","floor":3},{"not_picked":["Underhanded Strike","Sucker Punch","Acrobatics"],"picked":"SKIP","floor":5},{"not_picked":["Flying Knee","Dagger Throw"],"picked":"Deflect","floor":6},{"not_picked":["Poisoned Stab","Masterful Stab"],"picked":"Blade Dance+1","floor":8},{"not_picked":["Prepared+1","Dodge and Roll+1"],"picked":"Malaise+1","floor":10},{"not_picked":["Blade Dance+1","Flechettes"],"picked":"Calculated Gamble+1","floor":11}],"player_experience":1663021,"relics_obtained":[{"floor":6,"key":"Toxic Egg 2"},{"floor":8,"key":"Snake Skull"},{"floor":9,"key":"Oddly Smooth Stone"},{"floor":10,"key":"Dream Catcher"}],"event_choices":[{"damage_healed":0,"gold_gain":0,"player_choice":"Entered Light","damage_taken":20,"max_hp_gain":0,"max_hp_loss":0,"event_name":"Shining Light","floor":2,"gold_loss":0,"cards_upgraded":["Strike_G","Defend_G"]},{"damage_healed":16,"gold_gain":0,"player_choice":"Healed","damage_taken":0,"max_hp_gain":0,"max_hp_loss":0,"event_name":"The Cleric","floor":4,"gold_loss":35}],"is_beta":false,"boss_relics":[],"items_purged_floors":[],"is_endless":false,"potions_floor_spawned":[5,8],"killed_by":"Gremlin Nob","ascension_level":15}