{"gold_per_floor":[111,30,30,45,61,61,61,61,85,5,18,18,38,71,71,145,145,157,1,1,1,19,19,47,47,47,78,95,109,109,34,34,113,113,123,123,143,158,175,210,210,244,244,275,200,200,232,243,243,243,243],"floor_reached":51,"playtime":2365,"items_purged":[],"score":1756,"play_id":"da839daf-53f8-4ad3-879a-8fd9d0c35147","local_time":"20190523000211","is_ascension_mode":true,"campfire_choices":[{"data":"Chaos","floor":6.0,"key":"SMITH"},{"data":"Darkness","floor":8.0,"key":"SMITH"},{"data":"Dualcast","floor":12.0,"key":"SMITH"},{"data":"Zap","floor":15.0,"key":"SMITH"},{"data":"Coolheaded","floor":23.0,"key":"SMITH"},{"floor":25.0,"key":"REST"},{"floor":32.0,"key":"REST"},{"data":"Fusion","floor":41.0,"key":"SMITH"},{"data":"Turbo","floor":46.0,"key":"SMITH"},{"floor":49.0,"key":"RECALL"}],"neow_cost":"NONE","seed_source_timestamp":0,"circlet_count":0,"master_deck":["AscendersBane","Zap+1","Dualcast+1","Coolheaded+1","Chaos+1","Static Discharge","Coolheaded+1","Darkness+1","Core Surge","Skim","Multi-Cast","Biased Cognition","Seek","Hologram","Turbo+1","Ball Lightning","Machine Learning","Glacier","Electrodynamics","Stack","Aggregate","Tempest","White Noise","Fusion+1","Thunder Strike","Hologram+1","Seek","Hologram","Biased Cognition","Cold Snap+1"],"special_seed":0,"relics":["Cracked Core","NeowsBlessing","Bag of Preparation","Art of War","Runic Dome","FaceOfCleric","Gambling Chip","Letter Opener","Oddly Smooth Stone","Pandora\u0027s Box","Ancient Tea Set","Gremlin Horn","Molten Egg 2","Blood Vial"],"potions_floor_usage":[],"damage_taken":[{"damage":0.0,"enemies":"Jaw Worm","floor":1.0,"turns":1.0},{"damage":0.0,"enemies":"Small Slimes","floor":4.0,"turns":1.0},{"damage":0.0,"enemies":"2 Louse","floor":5.0,"turns":1.0},{"damage":14.0,"enemies":"Exordium Thugs","floor":11.0,"turns":5.0},{"damage":0.0,"enemies":"Large Slime","floor":13.0,"turns":2.0},{"damage":0.0,"enemies":"Gremlin Nob","floor":14.0,"turns":3.0},{"damage":13.0,"enemies":"The Guardian","floor":16.0,"turns":10.0},{"damage":11.0,"enemies":"Spheric Guardian","floor":18.0,"turns":3.0},{"damage":2.0,"enemies":"Chosen","floor":22.0,"turns":4.0},{"damage":34.0,"enemies":"Slavers","floor":24.0,"turns":4.0},{"damage":5.0,"enemies":"Book of Stabbing","floor":27.0,"turns":5.0},{"damage":21.0,"enemies":"Centurion and Healer","floor":28.0,"turns":4.0},{"damage":0.0,"enemies":"Cultist and Chosen","floor":29.0,"turns":4.0},{"damage":0.0,"enemies":"Collector","floor":33.0,"turns":6.0},{"damage":0.0,"enemies":"3 Shapes","floor":35.0,"turns":2.0},{"damage":0.0,"enemies":"3 Darklings","floor":37.0,"turns":3.0},{"damage":0.0,"enemies":"Sphere and 2 Shapes","floor":38.0,"turns":4.0},{"damage":23.0,"enemies":"Maw","floor":39.0,"turns":7.0},{"damage":22.0,"enemies":"Giant Head","floor":40.0,"turns":8.0},{"damage":31.0,"enemies":"Nemesis","floor":42.0,"turns":7.0},{"damage":0.0,"enemies":"Reptomancer","floor":44.0,"turns":3.0},{"damage":0.0,"enemies":"Nemesis","floor":47.0,"turns":5.0},{"damage":0.0,"enemies":"Spire Growth","floor":48.0,"turns":4.0},{"damage":2.0,"enemies":"Donu and Deca","floor":50.0,"turns":9.0},{"damage":0,"enemies":"Time Eater","floor":51,"turns":2}],"seed_played":"-3884950058573859153","potions_obtained":[{"floor":13.0,"key":"Fire Potion"},{"floor":14.0,"key":"PowerPotion"},{"floor":18.0,"key":"PowerPotion"},{"floor":24.0,"key":"Swift Potion"},{"floor":33.0,"key":"Regen Potion"},{"floor":35.0,"key":"Fire Potion"},{"floor":36.0,"key":"PowerPotion"},{"floor":37.0,"key":"Fire Potion"}],"is_trial":false,"path_per_floor":["M","$","?","M","M","R","?","R","T","$","M","R","M","E","R","B",null,"M","$","?","?","M","R","E","R","T","E","M","M","?","?","R","B",null,"M","?","M","M","M","E","R","E","T","E","?","R","E","M","R","B","B"],"character_chosen":"DEFECT","items_purchased":["Chaos","Core Surge","Biased Cognition"],"campfire_rested":2,"item_purchase_floors":[2,10,19],"current_hp_per_floor":[64,64,64,64,64,64,43,43,43,43,29,29,29,29,29,16,57,46,46,46,46,45,45,12,33,33,29,9,10,10,10,32,33,66,67,67,68,69,47,41,41,11,11,12,12,12,13,16,16,17,19],"gold":243,"neow_bonus":"THREE_ENEMY_KILL","is_prod":false,"is_daily":false,"chose_seed":false,"campfire_upgraded":7,"win_rate":0,"timestamp":1558540931,"path_taken":["M","$","?","M","M","R","?","R","T","?","M","R","M","E","R","BOSS","M","$","?","?","?","R","E","R","T","E","M","M","?","?","R","BOSS","M","?","?","M","M","E","R","E","T","E","?","R","E","M","R","BOSS","BOSS"],"build_version":"2019-01-23","purchased_purges":0,"victory":false,"max_hp_per_floor":[71,71,71,71,71,71,71,71,71,71,71,71,71,71,71,71,71,71,71,71,71,72,72,73,73,73,74,75,76,76,76,76,77,77,78,78,79,80,81,82,82,83,83,84,84,84,85,86,86,87,87],"card_choices":[{"not_picked":["FTL","Chill"],"picked":"Coolheaded","floor":1.0},{"not_picked":["Barrage","Leap"],"picked":"Coolheaded","floor":4.0},{"not_picked":["Go for the Eyes","Ball Lightning"],"picked":"Darkness","floor":5.0},{"not_picked":["Blizzard","Tempest"],"picked":"Skim","floor":11.0},{"not_picked":["Sweeping Beam","Go for the Eyes"],"picked":"Multi-Cast","floor":13.0},{"not_picked":["Auto Shields","Tempest","Rip and Tear"],"picked":"SKIP","floor":14.0},{"not_picked":["Hyperbeam","Multi-Cast"],"picked":"Creative AI","floor":16.0},{"not_picked":["Melter","Darkness","Compile Driver"],"picked":"SKIP","floor":18.0},{"not_picked":["Aggregate","Beam Cell","Gash"],"picked":"SKIP","floor":22.0},{"not_picked":["Steam Power","Sweeping Beam"],"picked":"Hologram","floor":24.0},{"not_picked":["Redo","Beam Cell+1"],"picked":"Turbo","floor":27.0},{"not_picked":["Gash","Stack"],"picked":"Ball Lightning","floor":28.0},{"not_picked":["Gash","Leap"],"picked":"Machine Learning","floor":29.0},{"not_picked":["Biased Cognition","Hyperbeam"],"picked":"Electrodynamics","floor":33.0},{"not_picked":["Rebound","Sweeping Beam","Rip and Tear"],"picked":"SKIP","floor":35.0},{"not_picked":["Ball Lightning","Stack"],"picked":"Fusion","floor":37.0},{"not_picked":["Coolheaded","Compile Driver"],"picked":"Thunder Strike","floor":38.0},{"not_picked":["Steam","Consume","Go for the Eyes"],"picked":"SKIP","floor":39.0},{"not_picked":["Gash+1","Barrage"],"picked":"Hologram+1","floor":40.0},{"not_picked":["Gash","Barrage+1"],"picked":"Seek","floor":42.0},{"not_picked":["Chaos","Stack+1","Steam"],"picked":"SKIP","floor":44.0},{"not_picked":["Gash+1","FTL+1"],"picked":"Cold Snap+1","floor":47.0},{"not_picked":["Steam","Stack","Beam Cell+1"],"picked":"SKIP","floor":48.0}],"player_experience":1736974,"relics_obtained":[{"floor":9.0,"key":"Bag of Preparation"},{"floor":14.0,"key":"Art of War"},{"floor":24.0,"key":"Gambling Chip"},{"floor":26.0,"key":"Letter Opener"},{"floor":27.0,"key":"Oddly Smooth Stone"},{"floor":40.0,"key":"Ancient Tea Set"},{"floor":42.0,"key":"Gremlin Horn"},{"floor":44.0,"key":"Molten Egg 2"},{"floor":47.0,"key":"Blood Vial"}],"event_choices":[{"damage_healed":0.0,"max_hp_gain":0.0,"max_hp_loss":0.0,"gold_gain":0.0,"cards_transformed":["Strike_B"],"event_name":"Living Wall","player_choice":"Change","floor":3.0,"gold_loss":0.0,"damage_taken":0.0,"cards_obtained":["Static Discharge"]},{"damage_healed":0.0,"max_hp_gain":0.0,"max_hp_loss":0.0,"gold_gain":0.0,"event_name":"Shining Light","player_choice":"Entered Light","floor":7.0,"gold_loss":0.0,"damage_taken":21.0,"cards_upgraded":["Strike_B","Coolheaded"]},{"damage_healed":0.0,"max_hp_gain":0.0,"max_hp_loss":0.0,"gold_gain":0.0,"cards_transformed":["Strike_B","Strike_B"],"event_name":"Drug Dealer","player_choice":"Became Test Subject","floor":20.0,"gold_loss":0.0,"damage_taken":0.0,"cards_obtained":["Seek","Rebound"]},{"damage_healed":0.0,"max_hp_gain":0.0,"max_hp_loss":0.0,"gold_gain":0.0,"event_name":"FaceTrader","player_choice":"Trade","floor":21.0,"gold_loss":0.0,"damage_taken":0.0,"relics_obtained":["FaceOfCleric"]},{"damage_healed":0.0,"max_hp_gain":0.0,"max_hp_loss":0.0,"gold_gain":0.0,"event_name":"The Library","player_choice":"Read","floor":30.0,"gold_loss":0.0,"damage_taken":0.0,"cards_obtained":["Glacier"]},{"cards_removed":["Strike_B"],"damage_healed":0.0,"max_hp_gain":0.0,"max_hp_loss":0.0,"gold_gain":0.0,"event_name":"Beggar","player_choice":"Gave Gold","floor":31.0,"gold_loss":75.0,"damage_taken":0.0},{"damage_healed":0.0,"max_hp_gain":0.0,"max_hp_loss":0.0,"gold_gain":0.0,"event_name":"Lab","player_choice":"Got Potions","floor":36.0,"gold_loss":0.0,"damage_taken":0.0},{"damage_healed":0.0,"max_hp_gain":0.0,"max_hp_loss":0.0,"gold_gain":0.0,"cards_transformed":["Rebound","Creative AI"],"event_name":"Designer","player_choice":"Transformed Cards","floor":45.0,"gold_loss":75.0,"damage_taken":0.0,"cards_obtained":["Hologram","Biased Cognition"]}],"is_beta":false,"boss_relics":[{"not_picked":["Tiny House","Snecko Eye"],"picked":"Runic Dome"},{"not_picked":["White Beast Statue","Philosopher\u0027s Stone"],"picked":"Pandora\u0027s Box"}],"items_purged_floors":[],"is_endless":false,"potions_floor_spawned":[13,14,18,24,33,35,37,38,39],"killed_by":"Time Eater","ascension_level":20}