{"gold_per_floor":[113,130,149,69,119,119,153,153,229,241,269,280,280],"floor_reached":13,"playtime":777,"items_purged":[],"score":190,"play_id":"189def82-1360-4e77-8815-763639c381fc","local_time":"20181027142441","is_ascension_mode":true,"campfire_choices":[{"data":"Bash","floor":6,"key":"SMITH"},{"data":"Rampage","floor":8,"key":"SMITH"}],"neow_cost":"NONE","seed_source_timestamp":0,"circlet_count":0,"master_deck":["Strike_R","Strike_R","Strike_R","Strike_R","Strike_R","Defend_R","Defend_R","Defend_R","Defend_R","Bash+1","AscendersBane","Rampage+1","Pommel Strike","Thunderclap","Feel No Pain","Entrench","Shrug It Off","Armaments","Flame Barrier"],"special_seed":0,"relics":["Burning Blood","Potion Belt","Meat on the Bone","Blood Vial","MawBank"],"potions_floor_usage":[7,10,11,11],"damage_taken":[{"damage":1,"enemies":"Cultist","floor":1,"turns":3},{"damage":7,"enemies":"Jaw Worm","floor":2,"turns":4},{"damage":7,"enemies":"Small Slimes","floor":3,"turns":3},{"damage":15,"enemies":"3 Sentries","floor":7,"turns":9},{"damage":23,"enemies":"Looter","floor":10,"turns":4},{"damage":8,"enemies":"Gremlin Nob","floor":11,"turns":3},{"damage":38,"enemies":"Exordium Wildlife","floor":12,"turns":8},{"damage":37,"enemies":"Lagavulin Event","floor":13,"turns":3}],"seed_played":"-6557342697835275881","potions_obtained":[{"floor":1,"key":"GamblersBrew"},{"floor":2,"key":"SkillPotion"},{"floor":7,"key":"AttackPotion"},{"floor":10,"key":"Swift Potion"}],"is_trial":false,"path_per_floor":["M","M","M","$","?","R","E","R","T","M","E","M"],"character_chosen":"IRONCLAD","items_purchased":["Feel No Pain"],"campfire_rested":0,"item_purchase_floors":[4],"current_hp_per_floor":[80,79,78,78,78,78,69,69,69,52,50,32,0],"gold":280,"neow_bonus":"TEN_PERCENT_HP_BONUS","is_prod":false,"is_daily":false,"chose_seed":false,"campfire_upgraded":2,"win_rate":0,"timestamp":1540664681,"path_taken":["M","?","M","?","?","R","E","R","T","M","E","M","?"],"build_version":"2018-10-25v2","purchased_purges":0,"victory":false,"max_hp_per_floor":[82,82,82,82,82,82,82,82,82,82,82,82,82],"card_choices":[{"not_picked":["Hemokinesis","Pommel Strike"],"picked":"Rampage","floor":1},{"not_picked":["Heavy Blade","Dual Wield"],"picked":"Pommel Strike","floor":2},{"not_picked":["Rage","Wild Strike"],"picked":"Thunderclap","floor":3},{"not_picked":["Flame Barrier","Sever Soul"],"picked":"Entrench","floor":7},{"not_picked":["Perfected Strike","Reckless Charge"],"picked":"Shrug It Off","floor":10},{"not_picked":["Rupture","Metallicize"],"picked":"Armaments","floor":11},{"not_picked":["Twin Strike","Clash"],"picked":"Flame Barrier","floor":12}],"player_experience":999922,"relics_obtained":[{"floor":7,"key":"Potion Belt"},{"floor":9,"key":"Meat on the Bone"},{"floor":11,"key":"Blood Vial"}],"event_choices":[{"damage_healed":0,"gold_gain":100,"player_choice":"Pray","damage_taken":0,"max_hp_gain":0,"max_hp_loss":0,"event_name":"Golden Shrine","floor":5,"gold_loss":0},{"damage_healed":0,"gold_gain":0,"player_choice":"Searched \u00272\u0027 times","damage_taken":0,"relics_obtained":["MawBank"],"max_hp_gain":0,"max_hp_loss":0,"event_name":"Dead Adventurer","floor":13,"gold_loss":0}],"is_beta":false,"boss_relics":[],"items_purged_floors":[],"is_endless":false,"potions_floor_spawned":[1,2,7,10],"killed_by":"Lagavulin Event","ascension_level":20}