{"gold_per_floor":[112,112,37,52,72,72,103,103,126,108,121,134,134,150,150,245,245,256,276,288,117,117,117,136,165,165,181,181,198,211,7,7,110,110,123,123,31,31,31,31,45,45,114,132,143,162,162,173,173,173,173,173,16,16],"floor_reached":54,"playtime":34998,"items_purged":["Defend_G","Strike_G","Defend_G"],"score":690,"play_id":"30d316b0-597f-4c82-8ee1-e71ecf9fbdd4","local_time":"20190805000022","is_ascension_mode":false,"campfire_choices":[{"data":"Corpse Explosion","floor":6,"key":"SMITH"},{"data":"Dodge and Roll","floor":15,"key":"SMITH"},{"data":"After Image","floor":23,"key":"SMITH"},{"floor":32,"key":"REST"},{"floor":40,"key":"RECALL"},{"data":"Catalyst","floor":42,"key":"SMITH"},{"floor":49,"key":"REST"},{"data":"Catalyst","floor":52,"key":"SMITH"}],"neow_cost":"NONE","seed_source_timestamp":222229142586479,"circlet_count":0,"master_deck":["Strike_G","Defend_G","Defend_G","Survivor","Neutralize","Corpse Explosion+1","Dodge and Roll","Noxious Fumes","Dodge and Roll+1","Deflect","Bane+1","After Image+1","Acrobatics","Blur","Catalyst+1","Flying Knee","Unload","Cloak And Dagger","Distraction+1","Noxious Fumes+1","Masterful Stab","Well Laid Plans","Slice","Catalyst+1","Bullet Time","Cloak And Dagger","Well Laid Plans","Well Laid Plans","Flying Knee+1","Deflect","Blur+1","Flash of Steel","Good Instincts","Impatience","Blind","Predator","Slice+1","Prepared","Expertise+1","Catalyst+1","Doubt"],"relics":["Ring of the Snake","Strawberry","Lizard Tail","Pantograph","Gremlin Horn","Orrery","Bottled Tornado","Oddly Smooth Stone"],"potions_floor_usage":[25,27,30,33,33,46,50,50],"damage_taken":[{"damage":0,"enemies":"2 Louse","floor":1,"turns":2},{"damage":0,"enemies":"Jaw Worm","floor":4,"turns":6},{"damage":1,"enemies":"Small Slimes","floor":5,"turns":5},{"damage":11,"enemies":"Lagavulin","floor":7,"turns":7},{"damage":1,"enemies":"Exordium Thugs","floor":10,"turns":4},{"damage":0,"enemies":"2 Fungi Beasts","floor":11,"turns":3},{"damage":2,"enemies":"Red Slaver","floor":12,"turns":6},{"damage":0,"enemies":"Lots of Slimes","floor":14,"turns":2},{"damage":11,"enemies":"Hexaghost","floor":16,"turns":10},{"damage":6,"enemies":"2 Thieves","floor":18,"turns":3},{"damage":5,"enemies":"Shell Parasite","floor":19,"turns":7},{"damage":19,"enemies":"Shelled Parasite and Fungi","floor":20,"turns":6},{"damage":14,"enemies":"Snake Plant","floor":24,"turns":6},{"damage":19,"enemies":"Book of Stabbing","floor":25,"turns":8},{"damage":5,"enemies":"Centurion and Healer","floor":27,"turns":5},{"damage":3,"enemies":"Chosen and Byrds","floor":29,"turns":6},{"damage":0,"enemies":"Cultist and Chosen","floor":30,"turns":5},{"damage":55,"enemies":"Collector","floor":33,"turns":8},{"damage":8,"enemies":"3 Darklings","floor":35,"turns":5},{"damage":1,"enemies":"Orb Walker","floor":41,"turns":5},{"damage":58,"enemies":"Writhing Mass","floor":44,"turns":5},{"damage":0,"enemies":"Transient","floor":45,"turns":5},{"damage":0,"enemies":"4 Shapes","floor":46,"turns":6},{"damage":76,"enemies":"Sphere and 2 Shapes","floor":48,"turns":5},{"damage":99,"enemies":"Time Eater","floor":50,"turns":9},{"damage":104,"enemies":"Shield and Spear","floor":54,"turns":6}],"seed_played":"8834396627775822138","potions_obtained":[{"floor":5,"key":"Regen Potion"},{"floor":7,"key":"GhostInAJar"},{"floor":11,"key":"EssenceOfSteel"},{"floor":25,"key":"Explosive Potion"},{"floor":27,"key":"Weak Potion"},{"floor":30,"key":"Explosive Potion"},{"floor":41,"key":"Explosive Potion"},{"floor":44,"key":"AttackPotion"}],"is_trial":false,"path_per_floor":["M","?","$","M","M","R","E","?","T","M","M","M","?","M","R","B",null,"M","M","M","$","?","R","M","E","T","M","?","M","M","$","R","B",null,"M","?","$","?","$","R","M","R","T","M","M","M","?","M","R","B",null,"R","$","E"],"character_chosen":"THE_SILENT","items_purchased":["Catalyst","Catalyst","Blind","Oddly Smooth Stone"],"campfire_rested":2,"item_purchase_floors":[21,31,37,53],"current_hp_per_floor":[70,75,75,75,74,74,70,63,63,62,62,60,60,60,60,49,82,76,71,52,52,52,52,38,19,19,14,14,11,11,11,35,5,82,74,64,64,64,64,64,63,63,63,5,5,5,82,6,30,21,82,82,82,0],"gold":16,"neow_bonus":"TRANSFORM_CARD","is_prod":false,"is_daily":false,"chose_seed":false,"campfire_upgraded":5,"win_rate":0,"timestamp":1564956022,"path_taken":["M","?","$","M","M","R","E","?","T","M","M","?","?","?","R","BOSS","M","M","M","$","?","R","M","E","T","?","?","?","M","$","R","BOSS","M","?","$","?","$","R","M","R","T","M","?","M","?","M","R","BOSS","R","$","E"],"build_version":"2019-07-17","purchased_purges":3,"victory":false,"max_hp_per_floor":[70,75,75,75,75,75,82,82,82,82,82,82,82,82,82,82,82,82,82,82,82,82,82,82,82,82,82,82,82,82,82,82,82,82,82,82,82,82,82,82,82,82,82,82,82,82,82,82,82,82,82,82,82,82],"card_choices":[{"not_picked":["Flying Knee","Riddle With Holes","Finisher"],"picked":"SKIP","floor":1},{"not_picked":["Finisher","Deflect"],"picked":"Dodge and Roll","floor":4},{"not_picked":["Prepared","Flying Knee"],"picked":"Noxious Fumes","floor":5},{"not_picked":["Slice","Deadly Poison"],"picked":"Dodge and Roll","floor":7},{"not_picked":["Predator","Expertise"],"picked":"Deflect","floor":10},{"not_picked":["Dagger Throw","Heel Hook","Bane"],"picked":"SKIP","floor":11},{"not_picked":["Heel Hook","Dagger Throw"],"picked":"Bane","floor":12},{"not_picked":["Reflex","Underhanded Strike","Expertise"],"picked":"SKIP","floor":14},{"not_picked":["Burst","Malaise"],"picked":"After Image","floor":16},{"not_picked":["Underhanded Strike","Heel Hook"],"picked":"Acrobatics","floor":18},{"not_picked":["Blade Dance","Leg Sweep"],"picked":"Blur","floor":19},{"not_picked":["Doppelganger","Slice","Backflip"],"picked":"SKIP","floor":20},{"not_picked":["Sucker Punch","Heel Hook"],"picked":"Cloak And Dagger","floor":24},{"not_picked":["Slice","Acrobatics"],"picked":"Distraction+1","floor":25},{"not_picked":["Terror","Backflip"],"picked":"Noxious Fumes+1","floor":27},{"not_picked":["Deadly Poison","Skewer+1"],"picked":"Well Laid Plans","floor":29},{"not_picked":["Poisoned Stab+1","Quick Slash+1"],"picked":"Slice","floor":30},{"not_picked":["Night Terror","Wraith Form v2"],"picked":"Bullet Time","floor":33},{"not_picked":["Acrobatics","Flechettes+1"],"picked":"Cloak And Dagger","floor":34},{"not_picked":["Outmaneuver","Leg Sweep"],"picked":"Well Laid Plans","floor":34},{"not_picked":["Prepared","Quick Slash"],"picked":"Well Laid Plans","floor":34},{"not_picked":["Acrobatics","Expertise"],"picked":"Flying Knee+1","floor":34},{"not_picked":["Deadly Poison","Masterful Stab+1"],"picked":"Deflect","floor":34},{"not_picked":["Riddle With Holes","Flechettes"],"picked":"Blur+1","floor":35},{"not_picked":["Sadistic Nature","Transmutation"],"picked":"Flash of Steel","floor":36},{"not_picked":["Secret Technique","Sadistic Nature"],"picked":"Good Instincts","floor":36},{"not_picked":["HandOfGreed","Forethought"],"picked":"Impatience","floor":36},{"not_picked":["Cloak And Dagger","Underhanded Strike"],"picked":"Slice+1","floor":41},{"not_picked":["Bouncing Flask","Accuracy"],"picked":"Prepared","floor":44},{"not_picked":["Prepared","PiercingWail"],"picked":"Expertise+1","floor":45},{"not_picked":["Poisoned Stab+1","Slice"],"picked":"Catalyst+1","floor":46},{"not_picked":["Deadly Poison","Flying Knee+1","Eviscerate"],"picked":"SKIP","floor":48}],"player_experience":111208,"relics_obtained":[{"floor":7,"key":"Strawberry"},{"floor":25,"key":"Pantograph"},{"floor":26,"key":"Gremlin Horn"},{"floor":43,"key":"Bottled Tornado"}],"event_choices":[{"damage_healed":0,"gold_gain":0,"player_choice":"Donut","damage_taken":0,"max_hp_gain":5,"max_hp_loss":0,"event_name":"Big Fish","floor":2,"gold_loss":0},{"cards_removed":["Strike_G"],"damage_healed":0,"gold_gain":0,"player_choice":"Card Removal","damage_taken":7,"max_hp_gain":0,"max_hp_loss":0,"event_name":"Golden Wing","floor":8,"gold_loss":0},{"damage_healed":0,"gold_gain":0,"player_choice":"Upgraded","damage_taken":0,"max_hp_gain":0,"max_hp_loss":0,"event_name":"Upgrade Shrine","floor":13,"gold_loss":0,"cards_upgraded":["Bane"]},{"damage_healed":0,"gold_gain":0,"player_choice":"2 cards matched","damage_taken":0,"max_hp_gain":0,"max_hp_loss":0,"event_name":"Match and Keep!","floor":22,"gold_loss":0,"cards_obtained":["Flying Knee","Unload"]},{"damage_healed":0,"gold_gain":0,"player_choice":"2 cards matched","damage_taken":0,"max_hp_gain":0,"max_hp_loss":0,"event_name":"Match and Keep!","floor":22,"gold_loss":0,"cards_obtained":["Flying Knee","Unload"]},{"damage_healed":0,"gold_gain":0,"cards_transformed":["Defend_G"],"player_choice":"Transformed","damage_taken":0,"max_hp_gain":0,"max_hp_loss":0,"event_name":"Transmorgrifier","floor":28,"gold_loss":0,"cards_obtained":["Masterful Stab"]},{"damage_healed":0,"gold_gain":0,"player_choice":"Memory 3","damage_taken":10,"max_hp_gain":0,"max_hp_loss":0,"event_name":"SensoryStone","floor":36,"gold_loss":0},{"damage_healed":0,"gold_gain":0,"cards_transformed":["Strike_G"],"player_choice":"Transformed","damage_taken":0,"max_hp_gain":0,"max_hp_loss":0,"event_name":"Transmorgrifier","floor":38,"gold_loss":0,"cards_obtained":["Predator"]},{"damage_healed":77,"gold_gain":0,"player_choice":"Heal","damage_taken":0,"max_hp_gain":0,"max_hp_loss":0,"event_name":"MindBloom","floor":47,"gold_loss":0,"cards_obtained":["Doubt"]}],"is_beta":false,"boss_relics":[{"not_picked":["HoveringKite","Runic Dome"],"picked":"Lizard Tail"},{"not_picked":["Velvet Choker","Calling Bell"],"picked":"Orrery"}],"items_purged_floors":[3,21,31],"is_endless":false,"potions_floor_spawned":[5,7,11,12,24,25,27,30,41,44],"killed_by":"Shield and Spear","ascension_level":0}