{"gold_per_floor":[114,114,129,144,159,189,189,219,269,299,314,329,359,359,359,459,459,474,749,404,419,419,449,449,479,504,519,534,549,579,579,579,679,679,694,694,694,709,709,739,739,754,779,779,779,779,801,831,831,831],"floor_reached":51,"playtime":6862,"items_purged":[],"score":1368,"play_id":"fe8ac96c-2a2e-4109-aece-d70f6822bd46","local_time":"20180828104447","daily_mods":["Insanity","Binary","Hoarder"],"is_ascension_mode":false,"campfire_choices":[{"data":"BootSequence","floor":7,"key":"SMITH"},{"floor":15,"key":"REST"},{"floor":24,"key":"REST"},{"floor":32,"key":"REST"},{"floor":41,"key":"REST"},{"floor":44,"key":"REST"},{"floor":49,"key":"REST"}],"neow_cost":"","seed_source_timestamp":0,"circlet_count":0,"master_deck":["Conserve Battery","Recycle","Fission","Go for the Eyes","FTL","Biased Cognition","Reprogram","Hologram","Rebound","Hyperbeam","Rip and Tear","Coolheaded","Compile Driver","Thunder Strike","Echo Form","Blizzard","Undo","BootSequence+1","Machine Learning","Stack","Hologram","Fission","BootSequence+1","Hologram","Buffer","Cold Snap","Blizzard","Meteor Strike","Leap","Hello World","Hologram","Rainbow","Defragment","Self Repair","Loop","Rainbow","Cold Snap","Rip and Tear","Steam","Dualcast","Leap","Fission","Hello World","Leap","All For One","Machine Learning","Gash","Skim","Coolheaded+1","Coolheaded","Coolheaded","Defragment","Defragment","Defragment","Sunder","Sunder","Sunder","Chill","Chill","Chill","Skim","Skim","Skim","Electrodynamics","Electrodynamics","Electrodynamics","White Noise","White Noise","White Noise","Leap","Leap","Leap","Steam","Steam","Steam","Ball Lightning","Ball Lightning","Ball Lightning","Defragment","Defragment","Defragment","Capacitor","Capacitor","Capacitor","Multi-Cast","Multi-Cast","Multi-Cast","Rip and Tear","Rip and Tear","Rip and Tear","Regret","Regret","Regret","Stack+1","Stack","Stack","Reinforced Body","Reinforced Body","Reinforced Body","Stack+1","Stack+1","Stack+1","Zap","Zap","Zap","Self Repair","Self Repair","Self Repair","Stack+1","Stack+1","Stack+1","Heatsinks","Heatsinks","Heatsinks","Undo+1","Undo+1","Undo+1","White Noise+1","White Noise+1","White Noise+1","Self Repair","Self Repair","Self Repair","BootSequence+1","BootSequence+1","BootSequence+1","Double Energy+1","Double Energy+1","Double Energy+1","Fission+1","Fission+1","Fission+1","Undo+1","Undo+1","Undo+1","Chrysalis+1","Chrysalis+1","Chrysalis+1","Panache","Panache","Panache","Enlightenment+1","Enlightenment+1","Enlightenment+1","Hologram+1","Hologram+1","Hologram+1","Rebound+1","Rebound+1","Rebound+1","Aggregate+1","Aggregate+1","Aggregate+1","Hologram+1","Hologram+1","Hologram+1","Steam+1","Steam+1","Steam+1","Heatsinks+1","Heatsinks+1","Heatsinks+1","Madness+1","Madness+1","Madness+1","Madness+1","Madness+1","Madness+1","Force Field+1","Force Field+1","Force Field+1","Go for the Eyes","Go for the Eyes","Go for the Eyes","Hologram+1","Hologram+1","Hologram+1"],"special_seed":17770,"relics":["Cracked Core","Juzu Bracelet","Dream Catcher","Regal Pillow","Ornamental Fan","Pear","Inserter","Mummified Hand","Toxic Egg 2","Letter Opener","Anchor","DataDisk","Nilry\u0027s Codex","Fusion Hammer","Bird Faced Urn","Bag of Preparation","War Paint","Peace Pipe","Boot"],"potions_floor_usage":[16,21,25,30,30,40,48,48],"damage_taken":[{"damage":0,"enemies":"Small Slimes","floor":1,"turns":4},{"damage":0,"enemies":"Cultist","floor":3,"turns":4},{"damage":0,"enemies":"Jaw Worm","floor":4,"turns":8},{"damage":5,"enemies":"Lots of Slimes","floor":5,"turns":3},{"damage":0,"enemies":"Gremlin Nob","floor":6,"turns":3},{"damage":0,"enemies":"Lagavulin","floor":8,"turns":7},{"damage":2,"enemies":"3 Sentries","floor":10,"turns":4},{"damage":0,"enemies":"Blue Slaver","floor":11,"turns":2},{"damage":1,"enemies":"3 Louse","floor":12,"turns":5},{"damage":41,"enemies":"Gremlin Nob","floor":13,"turns":6},{"damage":4,"enemies":"Slime Boss","floor":16,"turns":8},{"damage":0,"enemies":"Chosen","floor":18,"turns":4},{"damage":0,"enemies":"Shell Parasite","floor":21,"turns":5},{"damage":34,"enemies":"Book of Stabbing","floor":23,"turns":5},{"damage":39,"enemies":"Slavers","floor":25,"turns":8},{"damage":23,"enemies":"Sentry and Sphere","floor":27,"turns":8},{"damage":2,"enemies":"Centurion and Healer","floor":28,"turns":7},{"damage":6,"enemies":"3 Cultists","floor":29,"turns":6},{"damage":1,"enemies":"Gremlin Leader","floor":30,"turns":8},{"damage":22,"enemies":"Champ","floor":33,"turns":9},{"damage":14,"enemies":"3 Darklings","floor":35,"turns":7},{"damage":9,"enemies":"Orb Walker","floor":38,"turns":7},{"damage":0,"enemies":"Mind Bloom Boss Battle","floor":39,"turns":4},{"damage":0,"enemies":"Giant Head","floor":40,"turns":9},{"damage":14,"enemies":"Maw","floor":42,"turns":9},{"damage":36,"enemies":"Mysterious Sphere","floor":47,"turns":8},{"damage":24,"enemies":"2 Orb Walkers","floor":48,"turns":6},{"damage":27,"enemies":"Awakened One","floor":50,"turns":13}],"seed_played":"-6941415905369443409","potions_obtained":[{"floor":3,"key":"SteroidPotion"},{"floor":4,"key":"Dexterity Potion"},{"floor":10,"key":"Energy Potion"},{"floor":13,"key":"SkillPotion"},{"floor":16,"key":"Block Potion"},{"floor":18,"key":"Regen Potion"},{"floor":21,"key":"FocusPotion"},{"floor":25,"key":"Fire Potion"},{"floor":29,"key":"Fire Potion"},{"floor":33,"key":"FearPotion"},{"floor":35,"key":"Regen Potion"},{"floor":38,"key":"LiquidBronze"}],"is_trial":false,"path_per_floor":["M","?","M","M","M","E","R","E","T","E","M","M","E","?","R","B",null,"M","?","$","M","?","E","R","E","T","M","M","M","E","?","R","B",null,"M","?","?","M","?","E","R","M","T","R","?","?","?","E","R","B"],"character_chosen":"DEFECT","items_purchased":["Stack","Reinforced Body","Mummified Hand"],"campfire_rested":6,"item_purchase_floors":[20,20,20],"current_hp_per_floor":[75,75,75,75,70,70,70,70,70,68,68,67,36,36,76,72,85,85,85,85,85,85,51,85,62,62,53,65,73,85,69,85,77,85,85,85,75,66,80,85,85,85,85,85,85,74,50,54,85,85],"gold":831,"neow_bonus":"","is_prod":false,"is_daily":true,"chose_seed":false,"campfire_upgraded":1,"win_rate":0,"timestamp":1535420687,"path_taken":["M","?","M","?","M","E","R","E","T","E","M","M","E","?","R","BOSS","M","?","$","M","?","E","R","E","T","M","M","M","E","?","R","BOSS","M","?","?","M","?","E","R","M","T","R","?","?","?","E","R","BOSS"],"build_version":"2018-08-23v2","purchased_purges":0,"victory":true,"max_hp_per_floor":[75,75,75,75,75,75,75,75,75,75,75,75,85,85,85,85,85,85,85,85,85,85,85,85,85,85,85,85,85,85,85,85,85,85,85,85,85,85,85,85,85,85,85,85,85,85,85,85,85,85],"card_choices":[{"not_picked":["Steam Power"],"picked":"Coolheaded","floor":1},{"not_picked":["Compile Driver"],"picked":"Defragment","floor":3},{"not_picked":["Gash"],"picked":"Sunder","floor":4},{"not_picked":["Genetic Algorithm"],"picked":"Chill","floor":5},{"not_picked":["Conserve Battery"],"picked":"Skim","floor":6},{"not_picked":["Glacier"],"picked":"Electrodynamics","floor":8},{"not_picked":["Sunder"],"picked":"White Noise","floor":10},{"not_picked":["Beam Cell"],"picked":"Leap","floor":11},{"not_picked":["Rebound"],"picked":"Steam","floor":12},{"not_picked":["Rebound"],"picked":"Ball Lightning","floor":13},{"not_picked":["Stack"],"picked":"Capacitor","floor":15},{"not_picked":["All For One"],"picked":"Multi-Cast","floor":16},{"not_picked":["Sweeping Beam"],"picked":"Rip and Tear","floor":18},{"not_picked":["Barrage"],"picked":"Stack+1","floor":21},{"not_picked":["Hello World"],"picked":"Self Repair","floor":23},{"not_picked":["Steam+1"],"picked":"Stack+1","floor":24},{"not_picked":["Gash"],"picked":"Heatsinks","floor":25},{"not_picked":["Conserve Battery+1"],"picked":"Undo+1","floor":27},{"not_picked":["Heatsinks"],"picked":"White Noise+1","floor":28},{"not_picked":["Consume+1"],"picked":"Self Repair","floor":29},{"not_picked":["Go for the Eyes"],"picked":"BootSequence+1","floor":30},{"not_picked":["Beam Cell"],"picked":"Double Energy+1","floor":32},{"not_picked":["Hyperbeam"],"picked":"Fission+1","floor":33},{"not_picked":["Turbo+1"],"picked":"Undo+1","floor":35},{"not_picked":["Apotheosis+1"],"picked":"Chrysalis+1","floor":37},{"not_picked":["Purity+1"],"picked":"Panache","floor":37},{"not_picked":["Jack Of All Trades+1"],"picked":"Enlightenment+1","floor":37},{"not_picked":["Streamline+1"],"picked":"Hologram+1","floor":38},{"not_picked":["Genetic Algorithm+1"],"picked":"Rebound+1","floor":39},{"not_picked":["Chaos+1"],"picked":"Aggregate+1","floor":40},{"not_picked":["Go for the Eyes+1"],"picked":"Hologram+1","floor":41},{"not_picked":["Melter+1"],"picked":"Steam+1","floor":42},{"not_picked":["Leap+1"],"picked":"Heatsinks+1","floor":44},{"not_picked":["Cold Snap+1"],"picked":"Force Field+1","floor":47},{"not_picked":["Beam Cell+1"],"picked":"Go for the Eyes","floor":48},{"not_picked":["Core Surge"],"picked":"Hologram+1","floor":49}],"player_experience":226785,"relics_obtained":[{"floor":6,"key":"Juzu Bracelet"},{"floor":8,"key":"Dream Catcher"},{"floor":9,"key":"Regal Pillow"},{"floor":10,"key":"Ornamental Fan"},{"floor":13,"key":"Pear"},{"floor":23,"key":"Toxic Egg 2"},{"floor":25,"key":"Letter Opener"},{"floor":26,"key":"Anchor"},{"floor":30,"key":"DataDisk"},{"floor":31,"key":"Nilry\u0027s Codex"},{"floor":39,"key":"Bird Faced Urn"},{"floor":40,"key":"Bag of Preparation"},{"floor":43,"key":"War Paint"},{"floor":47,"key":"Peace Pipe"},{"floor":48,"key":"Boot"}],"event_choices":[{"event_name":"Accursed Blacksmith","player_choice":"Forge","floor":2,"damage_taken":0},{"event_name":"Living Wall","player_choice":"Change","floor":14,"damage_taken":0},{"event_name":"Golden Shrine","player_choice":"Desecrate","floor":19,"damage_taken":0},{"event_name":"Match and Keep!","player_choice":"1 cards matched","floor":22,"damage_taken":0},{"event_name":"Cursed Tome","player_choice":"Obtained Book","floor":31,"damage_taken":0},{"event_name":"Tomb of Lord Red Mask","player_choice":"Ignored","floor":36,"damage_taken":0},{"event_name":"SensoryStone","player_choice":"Memory 3","floor":37,"damage_taken":0},{"event_name":"MindBloom","player_choice":"Fight","floor":39,"damage_taken":0},{"event_name":"Falling","player_choice":"Removed Attack","floor":45,"damage_taken":0},{"event_name":"Winding Halls","player_choice":"Embrace Madness","floor":46,"damage_taken":0},{"event_name":"Mysterious Sphere","player_choice":"Fight","floor":47,"damage_taken":0}],"is_beta":false,"boss_relics":[{"not_picked":["Empty Cage","Tiny House"],"picked":"Inserter"},{"not_picked":["Busted Crown","Snecko Eye"],"picked":"Fusion Hammer"}],"items_purged_floors":[],"is_endless":false,"potions_floor_spawned":[3,4,10,13,16,18,21,25,29,33,35,38],"ascension_level":0}