{"gold_per_floor":[116,135,151,151,226,226,236,236,260,285,57,92,92,119,119,193,193,210,210,230,242,255,282,282,302,355,355,405,405,415,429,429,507,507,525,279,279,154,165,191,191,203,250,250,267,267,298,71,71,71,71,71,19,46,46],"floor_reached":56,"playtime":2716,"items_purged":["Strike_G","Strike_G+1","Strike_G+1","Strike_G+1"],"score":1998,"play_id":"f0fc2ff0-b50b-4933-a0ea-fe95e381f80a","local_time":"20190803170525","is_ascension_mode":true,"campfire_choices":[{"data":"Neutralize","floor":6,"key":"SMITH"},{"data":"Noxious Fumes","floor":8,"key":"SMITH"},{"floor":13,"key":"REST"},{"data":"Crippling Poison","floor":15,"key":"SMITH"},{"floor":24,"key":"REST"},{"data":"Malaise","floor":27,"key":"SMITH"},{"data":"Night Terror","floor":29,"key":"SMITH"},{"floor":32,"key":"REST"},{"data":"Calculated Gamble","floor":41,"key":"SMITH"},{"floor":44,"key":"RECALL"},{"data":"Night Terror","floor":46,"key":"SMITH"},{"data":"Calculated Gamble","floor":49,"key":"SMITH"},{"floor":52,"key":"REST"}],"neow_cost":"TEN_PERCENT_HP_LOSS","seed_source_timestamp":663096229266376,"circlet_count":0,"master_deck":["AscendersBane","Defend_G+1","Defend_G+1","Defend_G+1","Defend_G+1","Defend_G+1","Survivor","Neutralize+1","Dash","Noxious Fumes+1","Backflip","PiercingWail","Noxious Fumes","Crippling Poison+1","Night Terror+1","PiercingWail","Noxious Fumes+1","Malaise+1","Calculated Gamble+1","Deflect","Blur","Calculated Gamble+1","PiercingWail","Well Laid Plans+1","Dash","Night Terror+1","Malaise+1","Acrobatics","Deadly Poison+1","Well Laid Plans","Bullet Time","PiercingWail"],"relics":["Ring of the Snake","Tingsha","Strawberry","Ancient Tea Set","Art of War","Prayer Wheel","Dream Catcher","Black Star","Potion Belt","Vajra","Blood Vial","Busted Crown","Happy Flower","Bag of Marbles","Letter Opener","Boot","Pen Nib","Mummified Hand","FossilizedHelix"],"potions_floor_usage":[12,16,22,23,35,50,50,55,55],"damage_taken":[{"damage":5,"enemies":"Small Slimes","floor":1,"turns":4},{"damage":0,"enemies":"Jaw Worm","floor":2,"turns":5},{"damage":1,"enemies":"Cultist","floor":3,"turns":4},{"damage":8,"enemies":"2 Fungi Beasts","floor":7,"turns":3},{"damage":8,"enemies":"3 Sentries","floor":10,"turns":8},{"damage":9,"enemies":"Lagavulin","floor":12,"turns":9},{"damage":9,"enemies":"Gremlin Nob","floor":14,"turns":5},{"damage":2,"enemies":"Hexaghost","floor":16,"turns":9},{"damage":1,"enemies":"Shell Parasite","floor":18,"turns":7},{"damage":4,"enemies":"Chosen","floor":20,"turns":6},{"damage":13,"enemies":"Centurion and Healer","floor":21,"turns":6},{"damage":10,"enemies":"Shelled Parasite and Fungi","floor":22,"turns":6},{"damage":26,"enemies":"Slavers","floor":23,"turns":5},{"damage":1,"enemies":"Cultist and Chosen","floor":25,"turns":6},{"damage":9,"enemies":"Snake Plant","floor":30,"turns":5},{"damage":5,"enemies":"Centurion and Healer","floor":31,"turns":10},{"damage":12,"enemies":"Collector","floor":33,"turns":8},{"damage":10,"enemies":"Orb Walker","floor":35,"turns":5},{"damage":1,"enemies":"3 Darklings","floor":39,"turns":5},{"damage":14,"enemies":"Nemesis","floor":40,"turns":9},{"damage":0,"enemies":"Sphere and 2 Shapes","floor":42,"turns":4},{"damage":5,"enemies":"Jaw Worm Horde","floor":45,"turns":5},{"damage":1,"enemies":"Reptomancer","floor":47,"turns":7},{"damage":43,"enemies":"Donu and Deca","floor":50,"turns":9},{"damage":0,"enemies":"Shield and Spear","floor":54,"turns":6},{"damage":57,"enemies":"The Heart","floor":55,"turns":11}],"seed_played":"-8271639140968661325","potions_obtained":[{"floor":2,"key":"Strength Potion"},{"floor":3,"key":"LiquidBronze"},{"floor":12,"key":"LiquidBronze"},{"floor":16,"key":"GhostInAJar"},{"floor":22,"key":"Energy Potion"},{"floor":30,"key":"SpeedPotion"},{"floor":33,"key":"GamblersBrew"},{"floor":39,"key":"Regen Potion"},{"floor":40,"key":"SkillPotion"}],"is_trial":false,"path_per_floor":["M","M","M","?","?","R","M","R","T","E","$","E","R","E","R","B",null,"M","?","M","M","M","E","R","M","T","R","?","R","M","M","R","B",null,"M","$","?","$","M","E","R","M","T","R","M","R","E","$","R","B",null,"R","$","E","B",null],"character_chosen":"THE_SILENT","items_purchased":["Art of War","Happy Flower","Bullet Time","PiercingWail"],"campfire_rested":4,"item_purchase_floors":[11,36,48,53],"current_hp_per_floor":[54,54,53,46,35,35,27,27,34,26,26,17,37,28,28,26,57,56,56,52,39,29,3,23,22,22,22,22,22,15,12,32,22,56,48,48,48,48,49,37,37,39,39,39,36,36,37,37,37,11,53,67,67,67,10],"gold":46,"neow_bonus":"ONE_RARE_RELIC","is_prod":false,"is_daily":false,"chose_seed":false,"campfire_upgraded":8,"win_rate":0,"timestamp":1564866325,"path_taken":["M","M","M","?","?","R","?","R","T","E","?","E","R","E","R","BOSS","M","?","M","M","M","E","R","M","T","R","?","R","M","?","R","BOSS","M","$","?","$","M","E","R","M","T","R","M","R","E","$","R","BOSS","R","$","E","BOSS"],"build_version":"2019-07-17","purchased_purges":4,"victory":true,"max_hp_per_floor":[60,60,60,60,60,60,60,60,67,67,67,67,67,67,67,67,67,67,67,67,67,67,67,67,67,67,67,67,67,67,67,67,67,67,67,67,67,67,67,67,67,67,67,67,67,67,67,67,67,67,67,67,67,67,67],"card_choices":[{"not_picked":["Deflect","Leg Sweep"],"picked":"Dash","floor":1},{"not_picked":["Backflip","Bouncing Flask"],"picked":"Noxious Fumes","floor":2},{"not_picked":["Distraction","Prepared"],"picked":"Backflip","floor":3},{"not_picked":["Sucker Punch","Slice"],"picked":"PiercingWail","floor":7},{"not_picked":["Flying Knee","Finisher","Slice"],"picked":"SKIP","floor":10},{"not_picked":["Backstab","Flying Knee"],"picked":"Noxious Fumes","floor":12},{"not_picked":["Caltrops","Flechettes"],"picked":"Crippling Poison","floor":14},{"not_picked":["A Thousand Cuts","Envenom"],"picked":"Night Terror","floor":16},{"not_picked":["Accuracy","Quick Slash+1"],"picked":"PiercingWail","floor":18},{"not_picked":["Sucker Punch","Bane","Predator"],"picked":"SKIP","floor":18},{"not_picked":["Deadly Poison+1","Sucker Punch"],"picked":"Noxious Fumes+1","floor":20},{"not_picked":["Dagger Spray","PiercingWail"],"picked":"Malaise","floor":20},{"not_picked":["Blur","Tactician"],"picked":"Calculated Gamble","floor":21},{"not_picked":["Poisoned Stab","Caltrops"],"picked":"Deflect","floor":21},{"not_picked":["Accuracy+1","Dash"],"picked":"Blur","floor":22},{"not_picked":["Slice","Flying Knee"],"picked":"Calculated Gamble","floor":22},{"not_picked":["Outmaneuver","Acrobatics"],"picked":"PiercingWail","floor":23},{"not_picked":["Dagger Throw","Predator+1"],"picked":"Well Laid Plans+1","floor":25},{"not_picked":["Eviscerate","Finisher","Setup"],"picked":"SKIP","floor":25},{"not_picked":["Terror+1","Distraction"],"picked":"Dash","floor":30},{"not_picked":["Cloak And Dagger","Sucker Punch","Blade Dance"],"picked":"SKIP","floor":30},{"not_picked":["Poisoned Stab","A Thousand Cuts","Masterful Stab"],"picked":"SKIP","floor":31},{"not_picked":["All Out Attack","Accuracy","Flying Knee"],"picked":"SKIP","floor":31},{"not_picked":["Phantasmal Killer","A Thousand Cuts"],"picked":"Night Terror","floor":33},{"not_picked":["Poisoned Stab"],"picked":"SKIP","floor":35},{"not_picked":["Crippling Poison"],"picked":"SKIP","floor":35},{"not_picked":["Dodge and Roll"],"picked":"SKIP","floor":39},{"not_picked":["Bane"],"picked":"SKIP","floor":39},{"not_picked":["Finisher"],"picked":"SKIP","floor":40},{"not_picked":[],"picked":"Acrobatics","floor":42},{"not_picked":["Cloak And Dagger"],"picked":"SKIP","floor":42},{"not_picked":[],"picked":"Deadly Poison+1","floor":45},{"not_picked":["Quick Slash"],"picked":"SKIP","floor":45},{"not_picked":[],"picked":"Well Laid Plans","floor":47},{"not_picked":["Blade Dance"],"picked":"SKIP","floor":54}],"player_experience":1665271,"relics_obtained":[{"floor":9,"key":"Strawberry"},{"floor":10,"key":"Ancient Tea Set"},{"floor":12,"key":"Prayer Wheel"},{"floor":14,"key":"Dream Catcher"},{"floor":23,"key":"Potion Belt"},{"floor":23,"key":"Vajra"},{"floor":26,"key":"Blood Vial"},{"floor":40,"key":"Bag of Marbles"},{"floor":40,"key":"Letter Opener"},{"floor":47,"key":"Boot"},{"floor":47,"key":"Pen Nib"},{"floor":54,"key":"Mummified Hand"},{"floor":54,"key":"FossilizedHelix"}],"event_choices":[{"cards_removed":["Strike_G"],"damage_healed":0,"gold_gain":0,"player_choice":"Card Removal","damage_taken":7,"max_hp_gain":0,"max_hp_loss":0,"event_name":"Golden Wing","floor":4,"gold_loss":0},{"damage_healed":0,"gold_gain":75,"player_choice":"Gather Gold","damage_taken":11,"max_hp_gain":0,"max_hp_loss":0,"event_name":"World of Goop","floor":5,"gold_loss":0},{"damage_healed":0,"gold_gain":0,"player_choice":"Simplicity","damage_taken":0,"max_hp_gain":0,"max_hp_loss":0,"event_name":"Back to Basics","floor":19,"gold_loss":0,"cards_upgraded":["Strike_G","Strike_G","Strike_G","Defend_G","Defend_G","Defend_G","Defend_G","Defend_G"]},{"damage_healed":0,"gold_gain":100,"player_choice":"Bet on Murderer","damage_taken":0,"max_hp_gain":0,"max_hp_loss":0,"event_name":"The Joust","floor":28,"gold_loss":50},{"damage_healed":0,"gold_gain":0,"player_choice":"Copied","damage_taken":0,"max_hp_gain":0,"max_hp_loss":0,"event_name":"Duplicator","floor":37,"gold_loss":0,"cards_obtained":["Malaise"]}],"is_beta":false,"boss_relics":[{"not_picked":["Empty Cage","Ectoplasm"],"picked":"Black Star"},{"not_picked":["White Beast Statue","Ring of the Serpent"],"picked":"Busted Crown"}],"items_purged_floors":[11,36,38,48],"is_endless":false,"potions_floor_spawned":[2,3,12,16,18,20,22,30,33,39,40,45],"ascension_level":15}