{"gold_per_floor":[211,211,223,223,45,45,45,45,45,65,88,129,129,198,198,287,287,310,333,258,258,279,279,329,17,40,71,71,96,96,121,121,220,220,238,238,15,31,56,91,91,125,125,125,458,458,418,446,446,446,446,446,446,56,82,82],"floor_reached":57,"playtime":2568,"items_purged":["Strike_B","Strike_B+1","Defend_B"],"score":3158,"play_id":"761d7bfe-d248-4b64-9314-0394fe1275f5","local_time":"20190804224601","is_ascension_mode":true,"campfire_choices":[{"data":"Sunder","floor":6.0,"key":"SMITH"},{"data":"Zap","floor":8.0,"key":"SMITH"},{"data":"Fusion","floor":13.0,"key":"SMITH"},{"data":"Coolheaded","floor":15.0,"key":"SMITH"},{"data":"Fission","floor":23.0,"key":"SMITH"},{"data":"Loop","floor":30.0,"key":"SMITH"},{"data":"Dualcast","floor":32.0,"key":"SMITH"},{"data":"Turbo","floor":41.0,"key":"SMITH"},{"floor":44.0,"key":"RECALL"},{"data":"Loop","floor":46.0,"key":"SMITH"},{"data":"Reboot","floor":49,"key":"SMITH"},{"floor":53,"key":"REST"}],"neow_cost":"NONE","seed_source_timestamp":621859946868882,"circlet_count":0,"master_deck":["AscendersBane","Defend_B","Defend_B+1","Zap+1","Dualcast+1","Turbo+1","Ball Lightning+1","Sunder+1","Glacier","Coolheaded+1","Compile Driver","Fusion+1","Cold Snap","Fission+1","Double Energy+1","Hologram","Turbo+1","Compile Driver","Reboot+1","Loop+1","Compile Driver","Loop+1","Echo Form","Chaos+1","Multi-Cast+1","Conserve Battery+1","Loop+1","Defragment+1","Go for the Eyes+1","Redo+1","Compile Driver","Defragment"],"special_seed":0,"relics":["Cracked Core","Incense Burner","Whetstone","Sundial","Nuclear Battery","Oddly Smooth Stone","Dodecahedron","Astrolabe","Medical Kit","War Paint","Thread and Needle","Blood Vial","Chemical X","Happy Flower"],"potions_floor_usage":[56,56],"damage_taken":[{"damage":7.0,"enemies":"Small Slimes","floor":1.0,"turns":3.0},{"damage":1.0,"enemies":"Cultist","floor":3.0,"turns":3.0},{"damage":1.0,"enemies":"2 Louse","floor":10.0,"turns":3.0},{"damage":1.0,"enemies":"2 Fungi Beasts","floor":11.0,"turns":4.0},{"damage":0.0,"enemies":"Lagavulin","floor":12.0,"turns":6.0},{"damage":12.0,"enemies":"Gremlin Nob","floor":14.0,"turns":3.0},{"damage":34.0,"enemies":"The Guardian","floor":16.0,"turns":11.0},{"damage":5.0,"enemies":"Shell Parasite","floor":18.0,"turns":4.0},{"damage":0.0,"enemies":"Chosen","floor":19.0,"turns":2.0},{"damage":17.0,"enemies":"Shelled Parasite and Fungi","floor":22.0,"turns":2.0},{"damage":17.0,"enemies":"Slavers","floor":27.0,"turns":8.0},{"damage":0.0,"enemies":"3 Cultists","floor":29.0,"turns":3.0},{"damage":0.0,"enemies":"Snake Plant","floor":31.0,"turns":3.0},{"damage":0.0,"enemies":"Collector","floor":33.0,"turns":10.0},{"damage":0.0,"enemies":"3 Shapes","floor":35.0,"turns":3.0},{"damage":15.0,"enemies":"3 Darklings","floor":38.0,"turns":5.0},{"damage":0.0,"enemies":"Maw","floor":39.0,"turns":4.0},{"damage":0.0,"enemies":"Giant Head","floor":40.0,"turns":4.0},{"damage":2.0,"enemies":"Reptomancer","floor":42.0,"turns":6.0},{"damage":0,"enemies":"Giant Head","floor":48,"turns":8},{"damage":0,"enemies":"Donu and Deca","floor":50,"turns":5},{"damage":8,"enemies":"Time Eater","floor":51,"turns":12},{"damage":18,"enemies":"Shield and Spear","floor":55,"turns":7},{"damage":31,"enemies":"The Heart","floor":56,"turns":12}],"seed_played":"-6833075623873556022","potions_obtained":[{"floor":10.0,"key":"PowerPotion"},{"floor":14.0,"key":"SpeedPotion"},{"floor":29.0,"key":"Dexterity Potion"},{"floor":35.0,"key":"Weak Potion"},{"floor":39.0,"key":"Dexterity Potion"},{"floor":40.0,"key":"Regen Potion"},{"floor":47.0,"key":"Ancient Potion"},{"floor":47.0,"key":"FocusPotion"}],"is_trial":false,"path_per_floor":["M","?","M","?","$","R","?","R","T","M","M","E","R","?","R","B",null,"M","M","$","?","M","R","?","$","T","E","?","M","R","M","R","B",null,"M","?","$","M","M","E","R","E","T","R","?","R","?","E","R","B","B",null,"R","$","E","B",null],"character_chosen":"DEFECT","items_purchased":["Sunder","Glacier","Compile Driver","Reboot","Medical Kit","Chemical X","Defragment"],"campfire_rested":1,"item_purchase_floors":[5,5,25,25,37,54,54],"current_hp_per_floor":[57,57,56,56,56,56,74,74,74,73,72,72,72,60,60,26,62,57,57,57,57,40,40,40,40,40,23,23,23,23,23,23,23,61,61,61,61,46,46,46,46,56,56,56,56,56,56,56,56,58,52,69,74,74,56,27],"gold":82,"neow_bonus":"HUNDRED_GOLD","is_prod":false,"is_daily":false,"chose_seed":false,"campfire_upgraded":10,"win_rate":0,"timestamp":1564929961,"path_taken":["M","?","?","?","$","R","?","R","T","M","?","E","R","?","R","BOSS","M","M","$","?","M","R","?","$","T","E","?","M","R","M","R","BOSS","M","?","$","M","M","E","R","E","T","R","?","R","?","E","R","BOSS","BOSS","R","$","E","BOSS"],"build_version":"2019-07-17","purchased_purges":3,"victory":true,"max_hp_per_floor":[71,71,71,64,64,64,74,74,74,74,74,74,74,74,74,74,74,74,74,74,74,74,74,74,74,74,74,74,74,74,74,74,74,74,74,74,74,74,74,74,74,74,74,74,74,74,74,74,74,74,74,74,74,74,74,74],"card_choices":[{"not_picked":["Gash","Go for the Eyes"],"picked":"Turbo","floor":1.0},{"not_picked":["Sweeping Beam","Stack","Beam Cell"],"picked":"SKIP","floor":3.0},{"not_picked":["Sweeping Beam","Force Field"],"picked":"Coolheaded","floor":10.0},{"not_picked":["Leap","Steam"],"picked":"Compile Driver","floor":11.0},{"not_picked":["Aggregate","Scrape"],"picked":"Fusion","floor":12.0},{"not_picked":["Rip and Tear","Leap"],"picked":"Cold Snap","floor":14.0},{"not_picked":["Thunder Strike","Seek"],"picked":"Fission","floor":16.0},{"not_picked":["Doom and Gloom","Gash"],"picked":"Double Energy+1","floor":18.0},{"not_picked":["Coolheaded","Gash+1"],"picked":"Hologram","floor":19.0},{"not_picked":["Hyperbeam","Go for the Eyes"],"picked":"Turbo","floor":22.0},{"not_picked":["Conserve Battery","Reboot"],"picked":"Loop","floor":27.0},{"not_picked":["Ball Lightning","Static Discharge"],"picked":"Compile Driver","floor":29.0},{"not_picked":["Barrage","Coolheaded"],"picked":"Loop","floor":31.0},{"not_picked":["Buffer","Reboot"],"picked":"Echo Form","floor":33.0},{"not_picked":["Steam","Beam Cell"],"picked":"Loop+1","floor":35.0},{"not_picked":["Steam Power","Chaos+1"],"picked":"Defragment+1","floor":38.0},{"not_picked":["Lockon","Beam Cell"],"picked":"Go for the Eyes+1","floor":39.0},{"not_picked":["Scrape","Go for the Eyes+1"],"picked":"Redo+1","floor":40.0},{"not_picked":["Turbo","Beam Cell+1","Cold Snap"],"picked":"SKIP","floor":42.0},{"not_picked":["Steam Power","Gash"],"picked":"Compile Driver","floor":48},{"not_picked":["Genetic Algorithm","Coolheaded","Cold Snap"],"picked":"SKIP","floor":55}],"player_experience":2099024,"relics_obtained":[{"floor":9.0,"key":"Incense Burner"},{"floor":12.0,"key":"Whetstone"},{"floor":26.0,"key":"Oddly Smooth Stone"},{"floor":27.0,"key":"Dodecahedron"},{"floor":40.0,"key":"War Paint"},{"floor":42.0,"key":"Thread and Needle"},{"floor":48,"key":"Blood Vial"},{"floor":55,"key":"Happy Flower"}],"event_choices":[{"damage_healed":0.0,"max_hp_gain":0.0,"max_hp_loss":0.0,"gold_gain":0.0,"event_name":"Match and Keep!","player_choice":"2 cards matched","floor":2.0,"gold_loss":0.0,"damage_taken":0.0,"cards_obtained":["Amplify","Ball Lightning"]},{"damage_healed":0.0,"max_hp_gain":0.0,"max_hp_loss":7.0,"gold_gain":0.0,"event_name":"Golden Idol","player_choice":"Lose Max HP","floor":4.0,"gold_loss":0.0,"damage_taken":0.0,"relics_obtained":["Golden Idol"]},{"cards_removed":["Amplify"],"damage_healed":8.0,"max_hp_gain":10.0,"max_hp_loss":0.0,"gold_gain":0.0,"event_name":"Bonfire Elementals","player_choice":"Offered Rare","floor":7.0,"gold_loss":0.0,"damage_taken":0.0},{"damage_healed":0.0,"max_hp_gain":0.0,"max_hp_loss":0.0,"gold_gain":30.0,"event_name":"Dead Adventurer","player_choice":"Searched \u00273\u0027 times","floor":14.0,"gold_loss":0.0,"damage_taken":0.0,"relics_obtained":["Sundial"]},{"damage_healed":0.0,"max_hp_gain":0.0,"max_hp_loss":0.0,"gold_gain":0.0,"cards_transformed":["Strike_B","Strike_B"],"event_name":"Drug Dealer","player_choice":"Became Test Subject","floor":21.0,"gold_loss":0.0,"damage_taken":0.0,"cards_obtained":["Lockon","Scrape"]},{"damage_healed":0.0,"max_hp_gain":0.0,"max_hp_loss":0.0,"gold_gain":50.0,"event_name":"Nest","player_choice":"Stole From Cult","floor":24.0,"gold_loss":0.0,"damage_taken":0.0},{"damage_healed":0.0,"max_hp_gain":0.0,"max_hp_loss":0.0,"gold_gain":0.0,"event_name":"Vampires","player_choice":"Ignored","floor":28.0,"gold_loss":0.0,"damage_taken":0.0},{"damage_healed":0.0,"max_hp_gain":0.0,"max_hp_loss":0.0,"gold_gain":0.0,"event_name":"Mysterious Sphere","player_choice":"Ignored","floor":36.0,"gold_loss":0.0,"damage_taken":0.0},{"damage_healed":0.0,"max_hp_gain":0.0,"max_hp_loss":0.0,"gold_gain":333.0,"event_name":"The Moai Head","player_choice":"Gave Idol","floor":45.0,"relics_lost":["Golden Idol"],"gold_loss":0.0,"damage_taken":0.0},{"damage_healed":0.0,"max_hp_gain":0.0,"max_hp_loss":0.0,"gold_gain":0.0,"event_name":"The Woman in Blue","player_choice":"Bought 3 Potions","floor":47.0,"gold_loss":0.0,"damage_taken":0.0}],"is_beta":false,"boss_relics":[{"not_picked":["Tiny House","Calling Bell"],"picked":"Nuclear Battery"},{"not_picked":["Runic Dome","Pandora\u0027s Box"],"picked":"Astrolabe"}],"items_purged_floors":[20,25,54],"is_endless":false,"potions_floor_spawned":[10,14,16,19,29,35,39,40,55],"ascension_level":20}