{"gold_per_floor":[119,134,152,164,164,164,197,197,197,42,54,65,79,110,110,188,188,203,223,223,273,292,292,321,321,321,321,321,353,353,409,409,409],"floor_reached":33,"playtime":1138,"items_purged":["Strike_G"],"score":655,"play_id":"c4e2fe94-3251-4c40-8f59-a87ce2c51560","local_time":"20181028231046","is_ascension_mode":true,"campfire_choices":[{"data":"Neutralize","floor":6,"key":"SMITH"},{"data":"Dagger Spray","floor":8,"key":"SMITH"},{"data":"Bouncing Flask","floor":15,"key":"SMITH"},{"floor":23,"key":"REST"},{"floor":25,"key":"REST"},{"floor":27,"key":"REST"},{"floor":30,"key":"REST"},{"floor":32,"key":"REST"}],"neow_cost":"NONE","seed_source_timestamp":19187879152986,"circlet_count":0,"master_deck":["Defend_G","Defend_G","Defend_G","Defend_G","Defend_G","Survivor","Neutralize+1","AscendersBane","Bouncing Flask+1","Heel Hook","Catalyst","Skewer+1","Dagger Spray+1","Leg Sweep","Crippling Poison","Backstab","Die Die Die","Die Die Die","Backstab","Caltrops+1","PiercingWail","Bite","Bite","Bite","Bite","Bite","Dash","Glass Knife"],"relics":["Ring of the Snake","Oddly Smooth Stone","Vajra","Letter Opener","Black Star","Enchiridion","Dodecahedron","Question Card","FossilizedHelix","Mango","Ginger","Tiny Chest","Regal Pillow"],"potions_floor_usage":[14,14,18,24],"damage_taken":[{"damage":3,"enemies":"Cultist","floor":1,"turns":5},{"damage":5,"enemies":"2 Louse","floor":2,"turns":4},{"damage":8,"enemies":"Jaw Worm","floor":3,"turns":4},{"damage":8,"enemies":"Large Slime","floor":4,"turns":7},{"damage":12,"enemies":"Lagavulin","floor":7,"turns":6},{"damage":0,"enemies":"Blue Slaver","floor":11,"turns":5},{"damage":0,"enemies":"Exordium Thugs","floor":12,"turns":3},{"damage":0,"enemies":"Looter","floor":13,"turns":1},{"damage":2,"enemies":"3 Sentries","floor":14,"turns":6},{"damage":26,"enemies":"Hexaghost","floor":16,"turns":9},{"damage":4,"enemies":"2 Thieves","floor":18,"turns":3},{"damage":10,"enemies":"Spheric Guardian","floor":19,"turns":4},{"damage":5,"enemies":"3 Cultists","floor":22,"turns":4},{"damage":24,"enemies":"Slavers","floor":24,"turns":4},{"damage":38,"enemies":"Book of Stabbing","floor":29,"turns":4},{"damage":29,"enemies":"Gremlin Leader","floor":31,"turns":7},{"damage":70,"enemies":"Champ","floor":33,"turns":9}],"seed_played":"-4546018666124375201","potions_obtained":[{"floor":2,"key":"Strength Potion"},{"floor":4,"key":"Energy Potion"},{"floor":11,"key":"PowerPotion"},{"floor":16,"key":"SkillPotion"},{"floor":18,"key":"Dexterity Potion"},{"floor":31,"key":"LiquidBronze"}],"is_trial":false,"path_per_floor":["M","M","M","M","?","R","E","R","T","$","M","M","M","E","R","B",null,"M","M","?","?","M","R","E","R","T","R","?","E","R","E","R"],"character_chosen":"THE_SILENT","items_purchased":["Leg Sweep"],"campfire_rested":5,"item_purchase_floors":[10],"current_hp_per_floor":[62,57,49,41,41,41,29,29,29,29,29,29,29,27,27,1,54,50,40,19,19,14,35,11,32,32,53,50,28,47,34,64,0],"gold":409,"neow_bonus":"TEN_PERCENT_HP_BONUS","is_prod":false,"is_daily":false,"chose_seed":false,"campfire_upgraded":3,"win_rate":0,"timestamp":1540782646,"path_taken":["M","?","M","M","?","R","E","R","T","$","M","M","M","E","R","BOSS","M","M","?","?","M","R","E","R","T","R","?","E","R","E","R","BOSS"],"build_version":"2018-10-25v2","purchased_purges":1,"victory":false,"max_hp_per_floor":[72,72,72,72,72,72,72,72,72,72,72,72,72,72,72,72,72,72,72,72,72,72,72,72,72,72,72,50,64,64,64,64,64],"card_choices":[{"not_picked":["Quick Slash","Blade Dance"],"picked":"Bouncing Flask","floor":1},{"not_picked":["Riddle With Holes","Expertise"],"picked":"Heel Hook","floor":2},{"not_picked":["Backflip","PiercingWail"],"picked":"Catalyst","floor":3},{"not_picked":["Acrobatics","Deadly Poison"],"picked":"Skewer","floor":4},{"not_picked":["Prepared","Underhanded Strike"],"picked":"Dagger Spray","floor":7},{"not_picked":["Accuracy","Tactician"],"picked":"Crippling Poison","floor":11},{"not_picked":["Noxious Fumes","Tactician"],"picked":"Backstab","floor":12},{"not_picked":["Calculated Gamble","Skewer","Dagger Throw"],"picked":"SKIP","floor":13},{"not_picked":["Setup","Blade Dance"],"picked":"Die Die Die","floor":14},{"not_picked":["Night Terror","Doppelganger"],"picked":"Die Die Die","floor":16},{"not_picked":["Dodge and Roll","Bouncing Flask"],"picked":"Backstab","floor":18},{"not_picked":["Leg Sweep","Prepared"],"picked":"Caltrops+1","floor":19},{"not_picked":["Sucker Punch","Outmaneuver"],"picked":"PiercingWail","floor":22},{"not_picked":["Distraction","All Out Attack","Sucker Punch"],"picked":"SKIP","floor":24},{"not_picked":["Infinite Blades","Backstab","Dagger Spray"],"picked":"Dash","floor":29},{"not_picked":["Prepared","Leg Sweep","Dagger Throw"],"picked":"Glass Knife","floor":31}],"player_experience":1006612,"relics_obtained":[{"floor":7,"key":"Oddly Smooth Stone"},{"floor":9,"key":"Vajra"},{"floor":14,"key":"Letter Opener"},{"floor":20,"key":"Enchiridion"},{"floor":24,"key":"Dodecahedron"},{"floor":24,"key":"Question Card"},{"floor":26,"key":"FossilizedHelix"},{"floor":29,"key":"Mango"},{"floor":29,"key":"Ginger"},{"floor":31,"key":"Tiny Chest"},{"floor":31,"key":"Regal Pillow"}],"event_choices":[{"damage_healed":0,"gold_gain":0,"player_choice":"Grow","damage_taken":0,"max_hp_gain":0,"max_hp_loss":0,"event_name":"Living Wall","floor":5,"gold_loss":0,"cards_upgraded":["Skewer"]},{"damage_healed":0,"gold_gain":0,"player_choice":"Obtained Book","damage_taken":21,"max_hp_gain":0,"max_hp_loss":0,"event_name":"Cursed Tome","floor":20,"gold_loss":0},{"damage_healed":0,"gold_gain":100,"player_choice":"Bet on Murderer","damage_taken":0,"max_hp_gain":0,"max_hp_loss":0,"event_name":"The Joust","floor":21,"gold_loss":50},{"damage_healed":0,"gold_gain":0,"player_choice":"Became a vampire","damage_taken":0,"max_hp_gain":0,"max_hp_loss":22,"event_name":"Vampires","floor":28,"gold_loss":0,"cards_obtained":["Bite","Bite","Bite","Bite","Bite"]}],"is_beta":false,"boss_relics":[{"not_picked":["Ectoplasm","Philosopher\u0027s Stone"],"picked":"Black Star"}],"items_purged_floors":[10],"is_endless":false,"potions_floor_spawned":[2,4,11,13,16,18,31],"killed_by":"Champ","ascension_level":20}