{"gold_per_floor":[15,15,27,41,52,52,79,79,148,148,167,187,222,45,45,119,119,135,60,60,3,14,14,26,46,98,115,135,135,169,180,180,252,252,262,281,292,308,324,352,352,352,352,369,369,59,59,91,91,91,91,91,91,37,70,70],"floor_reached":57,"playtime":3997,"items_purged":["Strike_B","Strike_B"],"score":2726,"play_id":"4ece97bf-df3c-4339-a391-d79f19d1e937","local_time":"20190601170147","is_ascension_mode":true,"campfire_choices":[{"data":"Streamline","floor":6.0,"key":"SMITH"},{"data":"Loop","floor":10.0,"key":"SMITH"},{"data":"Recycle","floor":15.0,"key":"SMITH"},{"data":"Turbo","floor":23.0,"key":"SMITH"},{"data":"Turbo","floor":29.0,"key":"SMITH"},{"floor":32.0,"key":"REST"},{"data":"Skim","floor":41.0,"key":"SMITH"},{"data":"Zap","floor":47.0,"key":"SMITH"},{"floor":49.0,"key":"RECALL"},{"data":"Coolheaded","floor":53.0,"key":"SMITH"}],"neow_cost":"NO_GOLD","seed_source_timestamp":3075791580838,"circlet_count":0,"master_deck":["AscendersBane","Strike_B","Defend_B","Defend_B","Defend_B","Defend_B","Zap+1","Dualcast","Loop+1","Turbo+1","Hologram","Streamline+1","Multi-Cast","Turbo+1","Coolheaded+1","Reboot","Recycle+1","Panacea","Biased Cognition+1","Skim+1","Conserve Battery+1","Self Repair+1","Machine Learning+1","Recycle","Coolheaded","Self Repair+1","Reprogram+1","Coolheaded+1","Double Energy","Core Surge","Tempest+1"],"special_seed":0,"relics":["Cracked Core","Pocketwatch","Odd Mushroom","Frozen Egg 2","Cables","FossilizedHelix","White Beast Statue","Emotion Chip","Pen Nib","Coffee Dripper","Orichalcum","StoneCalendar","TheAbacus","Omamori","Kunai"],"potions_floor_usage":[56],"damage_taken":[{"damage":0.0,"enemies":"Small Slimes","floor":1.0,"turns":2.0},{"damage":2.0,"enemies":"Jaw Worm","floor":3.0,"turns":4.0},{"damage":2.0,"enemies":"Cultist","floor":4.0,"turns":4.0},{"damage":11.0,"enemies":"Blue Slaver","floor":5.0,"turns":4.0},{"damage":23.0,"enemies":"The Mushroom Lair","floor":7.0,"turns":4.0},{"damage":6.0,"enemies":"Looter","floor":11.0,"turns":2.0},{"damage":15.0,"enemies":"Lots of Slimes","floor":12.0,"turns":5.0},{"damage":8.0,"enemies":"Gremlin Nob","floor":13.0,"turns":3.0},{"damage":2.0,"enemies":"Hexaghost","floor":16.0,"turns":9.0},{"damage":0.0,"enemies":"Spheric Guardian","floor":18.0,"turns":4.0},{"damage":19.0,"enemies":"Chosen","floor":22.0,"turns":4.0},{"damage":6.0,"enemies":"Shelled Parasite and Fungi","floor":24.0,"turns":5.0},{"damage":0.0,"enemies":"Snecko","floor":25.0,"turns":5.0},{"damage":15.0,"enemies":"Sentry and Sphere","floor":27.0,"turns":5.0},{"damage":0.0,"enemies":"3 Cultists","floor":28.0,"turns":7.0},{"damage":30.0,"enemies":"Slavers","floor":30.0,"turns":4.0},{"damage":9.0,"enemies":"Centurion and Healer","floor":31.0,"turns":9.0},{"damage":5.0,"enemies":"Collector","floor":33.0,"turns":14.0},{"damage":6.0,"enemies":"Orb Walker","floor":35.0,"turns":4.0},{"damage":50.0,"enemies":"3 Darklings","floor":36.0,"turns":6.0},{"damage":20.0,"enemies":"Jaw Worm Horde","floor":37.0,"turns":6.0},{"damage":0.0,"enemies":"Spire Growth","floor":38.0,"turns":6.0},{"damage":30.0,"enemies":"Transient","floor":39.0,"turns":6.0},{"damage":33.0,"enemies":"Reptomancer","floor":40.0,"turns":13.0},{"damage":11.0,"enemies":"Writhing Mass","floor":44.0,"turns":7.0},{"damage":0.0,"enemies":"Giant Head","floor":48.0,"turns":7.0},{"damage":12.0,"enemies":"Donu and Deca","floor":50.0,"turns":12.0},{"damage":22.0,"enemies":"Awakened One","floor":51.0,"turns":9.0},{"damage":52.0,"enemies":"Shield and Spear","floor":55.0,"turns":4.0},{"damage":19,"enemies":"The Heart","floor":56,"turns":14}],"seed_played":"8218822593710126856","potions_obtained":[{"floor":3.0,"key":"FearPotion"},{"floor":7.0,"key":"PowerPotion"},{"floor":11.0,"key":"PowerPotion"},{"floor":12.0,"key":"Regen Potion"},{"floor":18.0,"key":"FocusPotion"},{"floor":22.0,"key":"FearPotion"},{"floor":24.0,"key":"PowerPotion"},{"floor":28.0,"key":"PowerPotion"},{"floor":30.0,"key":"SkillPotion"},{"floor":31.0,"key":"SpeedPotion"},{"floor":35.0,"key":"Ancient Potion"},{"floor":37.0,"key":"Weak Potion"},{"floor":38.0,"key":"FocusPotion"},{"floor":39.0,"key":"EssenceOfSteel"},{"floor":40.0,"key":"Energy Potion"},{"floor":44.0,"key":"Weak Potion"},{"floor":55.0,"key":"SpeedPotion"}],"is_trial":false,"path_per_floor":["M","?","M","M","M","R","?","T","T","R","M","M","E","$","R","B",null,"M","$","?","?","M","R","M","M","T","M","M","R","E","M","R","B",null,"M","M","M","M","M","E","R","?","T","M","?","$","R","E","R","B","B",null,"R","$","E","B",null],"character_chosen":"DEFECT","items_purchased":["Recycle","Panacea","TheAbacus","SkillPotion"],"campfire_rested":1,"item_purchase_floors":[14,14,46,54],"current_hp_per_floor":[64,64,62,60,49,49,26,26,26,26,20,5,6,6,6,4,54,54,54,54,54,35,35,29,29,29,24,34,34,14,15,36,41,64,68,38,38,58,48,35,35,35,35,44,44,44,44,64,64,71,59,68,68,68,36,37],"gold":70,"neow_bonus":"ONE_RARE_RELIC","is_prod":false,"is_daily":false,"chose_seed":false,"campfire_upgraded":8,"win_rate":0,"timestamp":1559379707,"path_taken":["M","?","M","M","M","R","?","?","T","R","?","?","E","$","R","BOSS","M","$","?","?","M","R","M","?","T","?","M","R","E","M","R","BOSS","M","M","M","M","M","E","R","?","T","M","?","$","R","E","R","BOSS","BOSS","R","$","E","BOSS"],"build_version":"2019-01-23","purchased_purges":2,"victory":true,"max_hp_per_floor":[71,71,71,71,71,71,71,71,71,71,71,71,71,71,71,71,71,71,71,71,71,71,71,71,71,71,71,71,71,71,71,71,71,71,71,71,71,71,71,71,71,71,71,71,71,71,71,71,71,71,71,71,71,71,71,71],"card_choices":[{"not_picked":["Compile Driver","Auto Shields"],"picked":"Loop","floor":1.0},{"not_picked":["Steam","Darkness"],"picked":"Turbo","floor":3.0},{"not_picked":["Sweeping Beam","Go for the Eyes"],"picked":"Hologram","floor":4.0},{"not_picked":["Conserve Battery","Gash"],"picked":"Streamline","floor":5.0},{"not_picked":["Fusion","White Noise"],"picked":"Multi-Cast","floor":7.0},{"not_picked":["Redo","Hologram"],"picked":"Turbo","floor":11.0},{"not_picked":["White Noise","Hello World+1"],"picked":"Coolheaded","floor":12.0},{"not_picked":["Hologram","Sweeping Beam"],"picked":"Reboot","floor":13.0},{"not_picked":["Hyperbeam","Electrodynamics+1"],"picked":"Biased Cognition+1","floor":16.0},{"not_picked":["Barrage","FTL+1"],"picked":"Skim","floor":18.0},{"not_picked":["Beam Cell","Sweeping Beam"],"picked":"Conserve Battery+1","floor":22.0},{"not_picked":["Doom and Gloom","Barrage","Darkness"],"picked":"SKIP","floor":24.0},{"not_picked":["Beam Cell","Barrage"],"picked":"Self Repair+1","floor":25.0},{"not_picked":["Conserve Battery","Coolheaded"],"picked":"Machine Learning+1","floor":27.0},{"not_picked":["Beam Cell","Steam","Rebound"],"picked":"SKIP","floor":28.0},{"not_picked":["Stack","Blizzard"],"picked":"Recycle","floor":30.0},{"not_picked":["Machine Learning+1","Streamline"],"picked":"Coolheaded","floor":31.0},{"not_picked":["Melter","Beam Cell+1"],"picked":"Self Repair+1","floor":35.0},{"not_picked":["Redo","Barrage"],"picked":"Reprogram+1","floor":36.0},{"not_picked":["Go for the Eyes+1","Streamline"],"picked":"Coolheaded+1","floor":37.0},{"not_picked":["Redo","Hello World+1"],"picked":"Double Energy","floor":38.0},{"not_picked":["Sweeping Beam","Hello World+1","Ball Lightning"],"picked":"SKIP","floor":39.0},{"not_picked":["Rebound","Ball Lightning"],"picked":"Core Surge","floor":40.0},{"not_picked":["Turbo","Cold Snap"],"picked":"Tempest+1","floor":44.0},{"not_picked":["Doom and Gloom","Sunder+1","Static Discharge+1"],"picked":"SKIP","floor":48.0},{"not_picked":["Sunder","Doom and Gloom","Chill+1"],"picked":"SKIP","floor":55.0}],"player_experience":1820052,"relics_obtained":[{"floor":7.0,"key":"Odd Mushroom"},{"floor":8.0,"key":"Frozen Egg 2"},{"floor":9.0,"key":"Cables"},{"floor":13.0,"key":"FossilizedHelix"},{"floor":30.0,"key":"Pen Nib"},{"floor":40.0,"key":"Orichalcum"},{"floor":43.0,"key":"StoneCalendar"},{"floor":48.0,"key":"Omamori"},{"floor":55.0,"key":"Kunai"}],"event_choices":[{"damage_healed":0.0,"max_hp_gain":0.0,"max_hp_loss":0.0,"gold_gain":0.0,"event_name":"The Cleric","player_choice":"Leave","floor":2.0,"gold_loss":0.0,"damage_taken":0.0},{"damage_healed":0.0,"max_hp_gain":0.0,"max_hp_loss":0.0,"gold_gain":0.0,"event_name":"Mushrooms","player_choice":"Fought Mushrooms","floor":7.0,"gold_loss":0.0,"damage_taken":0.0},{"damage_healed":0.0,"max_hp_gain":0.0,"max_hp_loss":0.0,"gold_gain":0.0,"event_name":"WeMeetAgain","player_choice":"Paid Gold","floor":21.0,"gold_loss":57.0,"damage_taken":0.0,"relics_obtained":["Emotion Chip"]},{"damage_healed":0.0,"max_hp_gain":0.0,"max_hp_loss":0.0,"gold_gain":0.0,"event_name":"Mysterious Sphere","player_choice":"Ignored","floor":42.0,"gold_loss":0.0,"damage_taken":0.0},{"cards_removed":["Strike_B"],"damage_healed":0.0,"max_hp_gain":0.0,"max_hp_loss":0.0,"gold_gain":0.0,"event_name":"Falling","player_choice":"Removed Attack","floor":45.0,"gold_loss":0.0,"damage_taken":0.0}],"is_beta":false,"boss_relics":[{"not_picked":["Snecko Eye","Black Star"],"picked":"White Beast Statue"},{"not_picked":["Cursed Key","Lizard Tail"],"picked":"Coffee Dripper"}],"items_purged_floors":[19,46],"is_endless":false,"potions_floor_spawned":[3,7,11,12,18,22,24,25,27,28,30,31,33,35,36,37,38,39,40,44,48,55],"ascension_level":20}