{"gold_per_floor":[14,25,45,45,21,21,47,63,144,144,163,11,21,39,39,139,139,109,109,144,144],"floor_reached":21,"playtime":2631,"items_purged":["Strike_G"],"score":171,"play_id":"cbdf7ba1-137c-40ca-ab5f-ff913629705f","local_time":"20190802210212","is_ascension_mode":false,"campfire_choices":[{"data":"Calculated Gamble","floor":6,"key":"SMITH"},{"data":"Acrobatics","floor":10,"key":"SMITH"},{"floor":15,"key":"REST"}],"neow_cost":"NO_GOLD","seed_source_timestamp":70841715265764,"circlet_count":0,"master_deck":["Strike_G","Strike_G","Strike_G","Defend_G","Defend_G","Defend_G","Defend_G","Survivor","Neutralize","Outmaneuver","Calculated Gamble+1","Underhanded Strike","Dagger Throw","Leg Sweep","Acrobatics+1","Underhanded Strike","Reflex","Heel Hook","Deadly Poison","Envenom","Footwork","Necronomicurse"],"relics":["Ring of the Snake","Odd Mushroom","Paper Crane","Black Star","Necronomicon","Red Mask"],"potions_floor_usage":[21],"damage_taken":[{"damage":0,"enemies":"Jaw Worm","floor":1,"turns":7},{"damage":0,"enemies":"2 Louse","floor":2,"turns":3},{"damage":0,"enemies":"Small Slimes","floor":3,"turns":5},{"damage":16,"enemies":"The Mushroom Lair","floor":7,"turns":7},{"damage":12,"enemies":"Exordium Thugs","floor":8,"turns":7},{"damage":0,"enemies":"Exordium Wildlife","floor":11,"turns":5},{"damage":3,"enemies":"3 Louse","floor":13,"turns":4},{"damage":0,"enemies":"Blue Slaver","floor":14,"turns":3},{"damage":18,"enemies":"Hexaghost","floor":16,"turns":13},{"damage":15,"enemies":"2 Thieves","floor":18,"turns":5},{"damage":35,"enemies":"Masked Bandits","floor":20,"turns":5},{"damage":9,"enemies":"Chosen","floor":21,"turns":4}],"seed_played":"-8334786437663703296","potions_obtained":[{"floor":2,"key":"FearPotion"},{"floor":13,"key":"Swift Potion"},{"floor":14,"key":"Dexterity Potion"}],"is_trial":false,"path_per_floor":["M","M","M","?","$","R","?","M","T","R","M","$","M","M","R","B",null,"M","?","?","M"],"character_chosen":"THE_SILENT","items_purchased":["Dagger Throw","Reflex"],"campfire_rested":1,"item_purchase_floors":[5,12],"current_hp_per_floor":[70,70,70,75,75,75,59,47,47,47,47,47,44,44,66,48,75,60,44,9,0],"gold":144,"neow_bonus":"REMOVE_TWO","is_prod":false,"is_daily":false,"chose_seed":false,"campfire_upgraded":2,"win_rate":1,"timestamp":1564772532,"path_taken":["M","M","M","?","$","R","?","M","T","R","M","$","M","M","R","BOSS","M","?","?","M"],"build_version":"2019-07-17","purchased_purges":1,"victory":false,"max_hp_per_floor":[70,70,70,75,75,75,75,75,75,75,75,75,75,75,75,75,75,75,75,75,75],"card_choices":[{"not_picked":["Dagger Throw","Poisoned Stab"],"picked":"Outmaneuver","floor":1},{"not_picked":["Infinite Blades","Crippling Poison"],"picked":"Calculated Gamble","floor":2},{"not_picked":["PiercingWail","Slice"],"picked":"Underhanded Strike","floor":3},{"not_picked":["Deflect","Blade Dance"],"picked":"Leg Sweep","floor":7},{"not_picked":["Prepared","Deflect"],"picked":"Acrobatics","floor":8},{"not_picked":["Dodge and Roll","Crippling Poison"],"picked":"Underhanded Strike","floor":11},{"not_picked":["Dagger Spray","Bouncing Flask"],"picked":"Heel Hook","floor":13},{"not_picked":["Flechettes","Dodge and Roll"],"picked":"Deadly Poison","floor":14},{"not_picked":["Unload","Tools of the Trade"],"picked":"Envenom","floor":16},{"not_picked":["Terror","Outmaneuver"],"picked":"Footwork","floor":18}],"player_experience":31715,"relics_obtained":[{"floor":7,"key":"Odd Mushroom"},{"floor":9,"key":"Paper Crane"},{"floor":19,"key":"Necronomicon"},{"floor":20,"key":"Red Mask"}],"event_choices":[{"damage_healed":0,"gold_gain":0,"player_choice":"Donut","damage_taken":0,"max_hp_gain":5,"max_hp_loss":0,"event_name":"Big Fish","floor":4,"gold_loss":0},{"damage_healed":0,"gold_gain":0,"player_choice":"Fought Mushrooms","damage_taken":0,"max_hp_gain":0,"max_hp_loss":0,"event_name":"Mushrooms","floor":7,"gold_loss":0},{"damage_healed":0,"gold_gain":0,"player_choice":"Obtained Book","damage_taken":16,"max_hp_gain":0,"max_hp_loss":0,"event_name":"Cursed Tome","floor":19,"gold_loss":0},{"damage_healed":0,"gold_gain":0,"player_choice":"Fought Bandits","damage_taken":0,"max_hp_gain":0,"max_hp_loss":0,"event_name":"Masked Bandits","floor":20,"gold_loss":0}],"is_beta":false,"boss_relics":[{"not_picked":["Ectoplasm","Snecko Eye"],"picked":"Black Star"}],"items_purged_floors":[12],"is_endless":false,"potions_floor_spawned":[2,13,14],"killed_by":"Chosen","ascension_level":0}