{"gold_per_floor":[116,116,116,266,282,282,282,282,282,296,296,311,311,336,336,336],"floor_reached":16,"playtime":396,"items_purged":[],"score":172,"play_id":"0576f272-2a9a-4493-9882-c28ca0af6d2f","local_time":"20181006154656","is_ascension_mode":true,"campfire_choices":[{"data":"Bash","floor":6.0,"key":"SMITH"},{"data":"Feel No Pain","floor":8.0,"key":"SMITH"},{"data":"Exhume","floor":11.0,"key":"SMITH"},{"data":"True Grit","floor":13.0,"key":"SMITH"},{"data":"True Grit","floor":15.0,"key":"SMITH"}],"neow_cost":"TEN_PERCENT_HP_LOSS","seed_source_timestamp":1899088870786269,"circlet_count":0,"master_deck":["Strike_R","Strike_R","Strike_R","Strike_R","Defend_R","Defend_R","Defend_R","Defend_R","Bash+1","AscendersBane","Exhume+1","Feel No Pain+1","Doubt","Burning Pact","Thunderclap","True Grit+1","True Grit+1"],"special_seed":0,"relics":["Burning Blood","WarpedTongs","Mercury Hourglass","Calipers"],"potions_floor_usage":[16],"damage_taken":[{"damage":13.0,"enemies":"Jaw Worm","floor":1.0,"turns":4.0},{"damage":16.0,"enemies":"Small Slimes","floor":5.0,"turns":4.0},{"damage":0.0,"enemies":"2 Louse","floor":10.0,"turns":2.0},{"damage":0.0,"enemies":"2 Fungi Beasts","floor":12.0,"turns":4.0},{"damage":27.0,"enemies":"Gremlin Nob","floor":14.0,"turns":4.0},{"damage":49,"enemies":"Hexaghost","floor":16,"turns":15}],"seed_played":"-636713102104271686","potions_obtained":[{"floor":1.0,"key":"Strength Potion"},{"floor":10.0,"key":"BloodPotion"},{"floor":12.0,"key":"Dexterity Potion"}],"is_trial":false,"path_per_floor":["M","?","?","?","M","R","?","R","T","M","R","M","R","E","R"],"character_chosen":"IRONCLAD","items_purchased":[],"campfire_rested":0,"item_purchase_floors":[],"current_hp_per_floor":[61,54,54,54,44,44,44,44,44,50,50,62,62,41,41,0],"gold":336,"neow_bonus":"THREE_RARE_CARDS","is_prod":false,"is_daily":false,"chose_seed":false,"campfire_upgraded":5,"win_rate":0,"timestamp":1538855216,"path_taken":["M","?","?","?","?","R","?","R","T","M","R","?","R","E","R","BOSS"],"build_version":"2018-10-04v2","purchased_purges":0,"victory":false,"max_hp_per_floor":[68,68,68,68,68,68,68,68,68,68,68,68,68,68,68,68],"card_choices":[{"not_picked":["Brutality","Barricade"],"picked":"Exhume","floor":0.0},{"not_picked":["Warcry","Wild Strike"],"picked":"Feel No Pain","floor":1.0},{"not_picked":["Perfected Strike","Seeing Red"],"picked":"Burning Pact","floor":5.0},{"not_picked":["Clash","Wild Strike"],"picked":"Thunderclap","floor":10.0},{"not_picked":["Thunderclap","Heavy Blade"],"picked":"True Grit","floor":12.0},{"not_picked":["Warcry","Feel No Pain"],"picked":"True Grit","floor":14.0}],"player_experience":820442,"relics_obtained":[{"floor":9.0,"key":"Mercury Hourglass"},{"floor":14.0,"key":"Calipers"}],"event_choices":[{"event_name":"Golden Wing","player_choice":"Card Removal","floor":2.0,"damage_taken":0.0},{"event_name":"Accursed Blacksmith","player_choice":"Rummage","floor":3.0,"damage_taken":0.0},{"event_name":"Liars Game","player_choice":"agreed","floor":4.0,"damage_taken":0.0},{"event_name":"Living Wall","player_choice":"Forget","floor":7.0,"damage_taken":0.0}],"is_beta":false,"boss_relics":[],"items_purged_floors":[],"is_endless":false,"potions_floor_spawned":[1,10,12],"killed_by":"Hexaghost","ascension_level":15}