{"gold_per_floor":[111,111,111,125,200,238,238,44,91,91,109,34,70,70,70,70],"floor_reached":16,"playtime":403,"items_purged":["Injury"],"score":151,"play_id":"618c4ae5-5ddf-489c-9844-2f9b7afe3bcd","local_time":"20190514180149","is_ascension_mode":true,"campfire_choices":[{"data":"Survivor","floor":7,"key":"SMITH"},{"floor":10,"key":"REST"},{"floor":15,"key":"REST"}],"neow_cost":"NONE","seed_source_timestamp":515827513724413,"circlet_count":0,"master_deck":["Defend_G","Defend_G","Defend_G","Defend_G","Defend_G","Strike_G","Strike_G","Strike_G","Strike_G","Strike_G","Survivor+1","Neutralize","Crippling Poison+1","Deadly Poison"],"relics":["Ring of the Snake","NeowsBlessing","Golden Idol","Happy Flower","Blood Vial","Unceasing Top"],"potions_floor_usage":[16],"damage_taken":[{"damage":0,"enemies":"Cultist","floor":1,"turns":1},{"damage":0,"enemies":"Small Slimes","floor":4,"turns":1},{"damage":0,"enemies":"Gremlin Nob","floor":6,"turns":1},{"damage":2,"enemies":"2 Louse","floor":11,"turns":2},{"damage":31,"enemies":"3 Sentries","floor":13,"turns":10},{"damage":64,"enemies":"Slime Boss","floor":16,"turns":9}],"seed_played":"1590636620954078177","potions_obtained":[{"floor":1,"key":"Explosive Potion"}],"is_trial":false,"path_per_floor":["M","?","?","M","?","E","R","$","T","R","M","$","E","$","R","B"],"character_chosen":"THE_SILENT","items_purchased":["Blood Vial","Deadly Poison"],"campfire_rested":2,"item_purchase_floors":[8,8],"current_hp_per_floor":[70,70,70,70,59,59,59,59,59,70,68,68,39,39,60,0],"gold":70,"neow_bonus":"THREE_ENEMY_KILL","is_prod":false,"is_daily":false,"chose_seed":false,"campfire_upgraded":1,"win_rate":0,"timestamp":1557871309,"path_taken":["M","?","?","M","?","E","R","$","T","R","M","$","E","$","R","BOSS"],"build_version":"2019-01-23","purchased_purges":1,"victory":false,"max_hp_per_floor":[70,70,70,70,70,70,70,70,70,70,70,70,70,70,70,70],"card_choices":[{"not_picked":["Leg Sweep","Backstab"],"picked":"Crippling Poison","floor":1},{"not_picked":["Leg Sweep","Poisoned Stab","Slice"],"picked":"SKIP","floor":4},{"not_picked":["Eviscerate","Deflect","Cloak And Dagger"],"picked":"SKIP","floor":6},{"not_picked":["Choke","All Out Attack","Backflip"],"picked":"SKIP","floor":11},{"not_picked":["Blade Dance","Flechettes","Acrobatics"],"picked":"SKIP","floor":13}],"player_experience":990573,"relics_obtained":[{"floor":6,"key":"Happy Flower"},{"floor":13,"key":"Unceasing Top"}],"event_choices":[{"damage_healed":0,"gold_gain":0,"player_choice":"Grow","damage_taken":0,"max_hp_gain":0,"max_hp_loss":0,"event_name":"Living Wall","floor":2,"gold_loss":0,"cards_upgraded":["Crippling Poison"]},{"damage_healed":0,"gold_gain":0,"player_choice":"Take Wound","damage_taken":0,"relics_obtained":["Golden Idol"],"max_hp_gain":0,"max_hp_loss":0,"event_name":"Golden Idol","floor":3,"gold_loss":0,"cards_obtained":["Injury"]},{"damage_healed":0,"gold_gain":75,"player_choice":"Gather Gold","damage_taken":11,"max_hp_gain":0,"max_hp_loss":0,"event_name":"World of Goop","floor":5,"gold_loss":0}],"is_beta":false,"boss_relics":[],"items_purged_floors":[12],"is_endless":false,"potions_floor_spawned":[1],"killed_by":"Slime Boss","ascension_level":3}