{"gold_per_floor":[114,124,94,109,124,124,150,177,177,34,34],"floor_reached":11,"playtime":764,"items_purged":["Strike_R"],"score":95,"play_id":"f8e12c81-28ca-41a4-9e4a-fcb190ddf2b4","local_time":"20190804145739","is_ascension_mode":true,"campfire_choices":[{"data":"Armaments","floor":6,"key":"SMITH"}],"neow_cost":"NONE","seed_source_timestamp":831462532113900,"circlet_count":0,"master_deck":["Strike_R","Strike_R","Strike_R","Strike_R","Defend_R","Defend_R","Defend_R","Defend_R","Bash","Flame Barrier","Body Slam","Armaments+1","Cleave","Immolate","Ghostly Armor","Reaper"],"relics":["Burning Blood","Strawberry","Pen Nib","Matryoshka"],"potions_floor_usage":[5,7,7],"damage_taken":[{"damage":2,"enemies":"2 Louse","floor":1,"turns":4},{"damage":8,"enemies":"Cultist","floor":2,"turns":5},{"damage":0,"enemies":"Jaw Worm","floor":4,"turns":4},{"damage":6,"enemies":"Gremlin Gang","floor":5,"turns":4},{"damage":12,"enemies":"Lagavulin","floor":7,"turns":6},{"damage":137,"enemies":"Gremlin Nob","floor":11,"turns":7}],"seed_played":"-8947608303743235863","potions_obtained":[{"floor":1,"key":"Block Potion"},{"floor":3,"key":"FairyPotion"},{"floor":3,"key":"Weak Potion"},{"floor":5,"key":"Weak Potion"}],"is_trial":false,"path_per_floor":["M","M","?","M","M","R","E","T","T","$","E"],"character_chosen":"IRONCLAD","items_purchased":["Reaper"],"campfire_rested":0,"item_purchase_floors":[10],"current_hp_per_floor":[76,74,74,80,80,80,81,81,81,81,0],"gold":34,"neow_bonus":"THREE_CARDS","is_prod":false,"is_daily":false,"chose_seed":false,"campfire_upgraded":1,"win_rate":0,"timestamp":1564948659,"path_taken":["M","M","?","?","?","R","E","?","T","$","E"],"build_version":"2019-07-17","purchased_purges":1,"victory":false,"max_hp_per_floor":[80,80,80,80,80,80,87,87,87,87,87],"card_choices":[{"not_picked":["Clash","Armaments"],"picked":"Flame Barrier","floor":0},{"not_picked":["Disarm","Twin Strike"],"picked":"Body Slam","floor":1},{"not_picked":["Rupture","Warcry"],"picked":"Armaments","floor":2},{"not_picked":["Heavy Blade","Shrug It Off"],"picked":"Cleave","floor":4},{"not_picked":["Entrench","Armaments"],"picked":"Immolate","floor":5},{"not_picked":["Thunderclap","Twin Strike"],"picked":"Ghostly Armor","floor":7}],"player_experience":225808,"relics_obtained":[{"floor":7,"key":"Strawberry"},{"floor":8,"key":"Pen Nib"},{"floor":9,"key":"Matryoshka"}],"event_choices":[{"damage_healed":0,"gold_gain":0,"player_choice":"Bought 2 Potions","damage_taken":0,"max_hp_gain":0,"max_hp_loss":0,"event_name":"The Woman in Blue","floor":3,"gold_loss":0}],"is_beta":false,"boss_relics":[],"items_purged_floors":[10],"is_endless":false,"potions_floor_spawned":[1,5],"killed_by":"Gremlin Nob","ascension_level":6}