{"gold_per_floor":[114,62,137,151,162,192,192,203,257,257,277,277,293,304,304,404,404],"floor_reached":17,"playtime":2877,"items_purged":[],"score":159,"play_id":"bebd4427-8bc5-4d67-bd04-93a34d93a7c2","local_time":"20190406113217","is_ascension_mode":false,"campfire_choices":[{"floor":7,"key":"REST"},{"data":"Conserve Battery","floor":10,"key":"SMITH"},{"data":"Conserve Battery","floor":12,"key":"SMITH"},{"floor":15,"key":"REST"}],"neow_cost":"NONE","seed_source_timestamp":89995609426489,"circlet_count":0,"master_deck":["Strike_B","Strike_B","Strike_B","Strike_B","Defend_B","Defend_B","Defend_B","Defend_B","Zap","Dualcast","Coolheaded","Barrage","Conserve Battery+1","Conserve Battery+1","Echo Form","Coolheaded","Streamline","Barrage","White Noise","Thunder Strike"],"relics":["Cracked Core","Anchor","Tiny Chest"],"potions_floor_usage":[6],"damage_taken":[{"damage":8,"enemies":"Small Slimes","floor":1,"turns":3},{"damage":0,"enemies":"Jaw Worm","floor":4,"turns":3},{"damage":0,"enemies":"2 Louse","floor":5,"turns":2},{"damage":25,"enemies":"Lagavulin","floor":6,"turns":5},{"damage":4,"enemies":"Looter","floor":8,"turns":4},{"damage":8,"enemies":"3 Louse","floor":11,"turns":3},{"damage":0,"enemies":"Red Slaver","floor":13,"turns":3},{"damage":0,"enemies":"Blue Slaver","floor":14,"turns":4},{"damage":49,"enemies":"The Guardian","floor":16,"turns":11}],"seed_played":"-6684206374257799456","potions_obtained":[{"floor":1,"key":"AttackPotion"},{"floor":6,"key":"GamblersBrew"},{"floor":14,"key":"SteroidPotion"},{"floor":16,"key":"FearPotion"}],"is_trial":false,"path_per_floor":["M","$","?","M","M","E","R","M","T","R","M","R","M","M","R","B",null],"character_chosen":"DEFECT","items_purchased":["Conserve Battery"],"campfire_rested":2,"item_purchase_floors":[2],"current_hp_per_floor":[67,67,56,56,56,31,53,49,49,49,41,41,41,41,63,14,14],"gold":404,"neow_bonus":"THREE_CARDS","is_prod":false,"is_daily":false,"chose_seed":false,"campfire_upgraded":2,"win_rate":0,"timestamp":1554564737,"path_taken":["M","$","?","M","M","E","R","M","T","R","M","R","M","M","R","BOSS"],"build_version":"2019-01-23","purchased_purges":0,"victory":false,"max_hp_per_floor":[75,75,75,75,75,75,75,75,75,75,75,75,75,75,75,75,75],"card_choices":[{"not_picked":["Steam","Leap"],"picked":"Coolheaded","floor":0},{"not_picked":["Force Field","Compile Driver"],"picked":"Barrage","floor":1},{"not_picked":["Skim","Compile Driver"],"picked":"Conserve Battery","floor":4},{"not_picked":["Chaos","Doom and Gloom"],"picked":"Echo Form","floor":5},{"not_picked":["Conserve Battery","Steam Power"],"picked":"Coolheaded","floor":6},{"not_picked":["Reprogram","Genetic Algorithm"],"picked":"Streamline","floor":8},{"not_picked":["Rip and Tear","Rebound"],"picked":"Barrage","floor":11},{"not_picked":["Rebound","Heatsinks"],"picked":"White Noise","floor":13},{"not_picked":["BootSequence","Stack","Gash"],"picked":"SKIP","floor":14},{"not_picked":["Reboot","All For One"],"picked":"Thunder Strike","floor":16}],"player_experience":760123,"relics_obtained":[{"floor":6,"key":"Anchor"},{"floor":9,"key":"Tiny Chest"}],"event_choices":[{"damage_healed":0,"gold_gain":75,"player_choice":"Gather Gold","damage_taken":11,"max_hp_gain":0,"max_hp_loss":0,"event_name":"World of Goop","floor":3,"gold_loss":0}],"is_beta":false,"boss_relics":[],"items_purged_floors":[],"is_endless":false,"potions_floor_spawned":[1,6,14,16],"ascension_level":0}