{"gold_per_floor":[115,28,45,45,20,20,53,16,40,40,40,54,54,75,75,173,173,189,239,68,68,86,124,124,167,190,206,206,229,245,259,259,352,352,372,386,436,457,481,521,521,521],"floor_reached":42,"playtime":1690,"items_purged":[],"score":1157,"play_id":"05485601-b968-4f15-b6ef-921bf8ff0457","local_time":"20190621132407","is_ascension_mode":true,"campfire_choices":[{"data":"Defragment","floor":6.0,"key":"SMITH"},{"data":"Blizzard","floor":15.0,"key":"SMITH"},{"floor":24.0,"key":"REST"},{"data":"Dualcast","floor":28.0,"key":"SMITH"},{"data":"Double Energy","floor":32.0,"key":"SMITH"},{"data":"Consume","floor":41,"key":"SMITH"}],"neow_cost":"NONE","seed_source_timestamp":1632382654577949,"circlet_count":0,"master_deck":["AscendersBane","Defend_B","Defend_B","Defend_B","Defend_B","Zap","Dualcast+1","Glacier","Defragment+1","Turbo","Compile Driver+1","Blizzard+1","Glacier","Conserve Battery","Reboot","Glacier+1","Double Energy+1","Thunder Strike+1","Double Energy+1","Heatsinks","Glacier","Biased Cognition","Skim","Fission","Capacitor","Coolheaded","Loop","Consume+1"],"special_seed":0,"relics":["Cracked Core","NeowsBlessing","Centennial Puzzle","Golden Idol","Astrolabe","Bag of Preparation","Pocketwatch","Oddly Smooth Stone","Bronze Scales","Whetstone","Coffee Dripper","Potion Belt"],"potions_floor_usage":[33,40],"damage_taken":[{"damage":0.0,"enemies":"Cultist","floor":1.0,"turns":1.0},{"damage":0.0,"enemies":"Jaw Worm","floor":3.0,"turns":1.0},{"damage":0.0,"enemies":"3 Sentries","floor":7.0,"turns":1.0},{"damage":3.0,"enemies":"Small Slimes","floor":12.0,"turns":3.0},{"damage":9.0,"enemies":"3 Louse","floor":14.0,"turns":3.0},{"damage":23.0,"enemies":"The Guardian","floor":16.0,"turns":13.0},{"damage":8.0,"enemies":"3 Byrds","floor":18.0,"turns":8.0},{"damage":0.0,"enemies":"Spheric Guardian","floor":22.0,"turns":6.0},{"damage":37.0,"enemies":"Slavers","floor":23.0,"turns":8.0},{"damage":4.0,"enemies":"Book of Stabbing","floor":25.0,"turns":7.0},{"damage":11.0,"enemies":"Cultist and Chosen","floor":27.0,"turns":8.0},{"damage":2.0,"enemies":"Centurion and Healer","floor":30.0,"turns":5.0},{"damage":0.0,"enemies":"Snake Plant","floor":31.0,"turns":5.0},{"damage":0,"enemies":"Champ","floor":33,"turns":18},{"damage":0,"enemies":"Orb Walker","floor":35,"turns":4},{"damage":0,"enemies":"3 Darklings","floor":36,"turns":5},{"damage":0,"enemies":"Writhing Mass","floor":38,"turns":9},{"damage":0,"enemies":"Sphere and 2 Shapes","floor":39,"turns":6},{"damage":24,"enemies":"Nemesis","floor":40,"turns":17},{"damage":0,"enemies":"Transient","floor":42,"turns":1}],"seed_played":"2302554733410784084","potions_obtained":[{"floor":1.0,"key":"Dexterity Potion"},{"floor":16.0,"key":"Explosive Potion"},{"floor":22.0,"key":"FearPotion"},{"floor":23.0,"key":"FearPotion"},{"floor":27.0,"key":"GamblersBrew"},{"floor":30.0,"key":"Poison Potion"},{"floor":35,"key":"SneckoOil"},{"floor":40,"key":"EssenceOfSteel"}],"is_trial":false,"path_per_floor":["M","$","M","?","$","R","E","$","T","?","?","M","?","M","R","B",null,"M","?","$","?","M","E","R","E","T","M","R","T","M","M","R","B",null,"M","M","?","M","M","E","R","M"],"character_chosen":"DEFECT","items_purchased":["Defragment","Compile Driver","Glacier","Bag of Preparation"],"campfire_rested":1,"item_purchase_floors":[2,5,8,20],"current_hp_per_floor":[64,64,64,64,64,64,64,64,64,64,57,54,54,45,45,22,54,46,46,46,46,46,9,28,24,24,13,13,13,11,11,11,11,51,51,51,51,51,51,27,27,27],"gold":521,"neow_bonus":"THREE_ENEMY_KILL","is_prod":false,"is_daily":false,"chose_seed":false,"campfire_upgraded":5,"win_rate":0,"timestamp":1561094647,"path_taken":["M","$","?","?","?","R","E","$","T","?","?","?","?","M","R","BOSS","M","?","$","?","M","E","R","E","T","M","R","?","M","M","R","BOSS","M","M","?","M","?","E","R","M"],"build_version":"2019-01-23","purchased_purges":0,"victory":false,"max_hp_per_floor":[71,71,71,71,71,71,71,71,71,64,64,64,64,64,64,64,64,64,64,64,64,64,64,64,64,64,64,64,64,64,64,64,64,64,64,64,64,64,64,64,64,64],"card_choices":[{"not_picked":["Cold Snap","Darkness"],"picked":"Glacier","floor":1.0},{"not_picked":["Conserve Battery","Beam Cell"],"picked":"Turbo","floor":3.0},{"not_picked":["Auto Shields","Tempest"],"picked":"Blizzard","floor":7.0},{"not_picked":["Scrape","Streamline"],"picked":"Conserve Battery","floor":12.0},{"not_picked":["Conserve Battery","Leap","Compile Driver"],"picked":"SKIP","floor":14.0},{"not_picked":["Buffer","Amplify"],"picked":"Reboot","floor":16.0},{"not_picked":["Ball Lightning","Steam Power+1"],"picked":"Double Energy","floor":18.0},{"not_picked":["Gash","Chaos"],"picked":"Glacier","floor":22.0},{"not_picked":["Beam Cell","Compile Driver"],"picked":"Biased Cognition","floor":23.0},{"not_picked":["Ball Lightning","Steam Power","Redo"],"picked":"SKIP","floor":25.0},{"not_picked":["Ball Lightning","Hologram"],"picked":"Skim","floor":27.0},{"not_picked":["Auto Shields","Compile Driver","Reinforced Body"],"picked":"SKIP","floor":30.0},{"not_picked":["Gash","Turbo","Stack"],"picked":"SKIP","floor":31.0},{"not_picked":["Machine Learning","Buffer"],"picked":"Fission","floor":33},{"not_picked":["White Noise","Cold Snap"],"picked":"Capacitor","floor":35},{"not_picked":["Leap+1","BootSequence"],"picked":"Coolheaded","floor":36},{"not_picked":["Scrape","White Noise"],"picked":"Loop","floor":38},{"not_picked":["Gash","Stack+1"],"picked":"Consume","floor":39},{"not_picked":["Redo","Steam Power","Coolheaded"],"picked":"SKIP","floor":40}],"player_experience":1947751,"relics_obtained":[{"floor":7.0,"key":"Centennial Puzzle"},{"floor":23.0,"key":"Pocketwatch"},{"floor":25.0,"key":"Oddly Smooth Stone"},{"floor":26.0,"key":"Bronze Scales"},{"floor":29.0,"key":"Whetstone"},{"floor":40,"key":"Potion Belt"}],"event_choices":[{"damage_healed":0.0,"max_hp_gain":0.0,"max_hp_loss":0.0,"gold_gain":0.0,"event_name":"Liars Game","player_choice":"Ignored","floor":4.0,"gold_loss":0.0,"damage_taken":0.0},{"damage_healed":0.0,"max_hp_gain":0.0,"max_hp_loss":7.0,"gold_gain":0.0,"event_name":"Golden Idol","player_choice":"Lose Max HP","floor":10.0,"gold_loss":0.0,"damage_taken":0.0,"relics_obtained":["Golden Idol"]},{"cards_removed":["Strike_B"],"damage_healed":0.0,"max_hp_gain":0.0,"max_hp_loss":0.0,"gold_gain":0.0,"event_name":"Golden Wing","player_choice":"Card Removal","floor":11.0,"gold_loss":0.0,"damage_taken":7.0},{"damage_healed":0.0,"max_hp_gain":0.0,"max_hp_loss":0.0,"gold_gain":0.0,"event_name":"The Cleric","player_choice":"Leave","floor":13.0,"gold_loss":0.0,"damage_taken":0.0},{"damage_healed":0.0,"max_hp_gain":0.0,"max_hp_loss":0.0,"gold_gain":50.0,"event_name":"Nest","player_choice":"Stole From Cult","floor":19.0,"gold_loss":0.0,"damage_taken":0.0},{"damage_healed":0.0,"max_hp_gain":0.0,"max_hp_loss":0.0,"gold_gain":0.0,"event_name":"The Library","player_choice":"Read","floor":21.0,"gold_loss":0.0,"damage_taken":0.0,"cards_obtained":["Heatsinks"]},{"damage_healed":0,"gold_gain":50,"player_choice":"Pray","damage_taken":0,"max_hp_gain":0,"max_hp_loss":0,"event_name":"Golden Shrine","floor":37,"gold_loss":0}],"is_beta":false,"boss_relics":[{"not_picked":["Velvet Choker","Eternal Feather"],"picked":"Astrolabe"},{"not_picked":["Cursed Key","Fusion Hammer"],"picked":"Coffee Dripper"}],"items_purged_floors":[],"is_endless":false,"potions_floor_spawned":[1,16,22,23,27,30,35,40],"killed_by":"Transient","ascension_level":20}