{"gold_per_floor":[116,135,146,29,29,29,29,39,39,39],"floor_reached":10,"playtime":167,"items_purged":[],"score":116,"play_id":"d6741b91-a30c-426c-a89b-3209e29803b4","local_time":"20190722212249","is_ascension_mode":true,"campfire_choices":[{"data":"Dagger Spray","floor":6,"key":"SMITH"}],"neow_cost":"NONE","seed_source_timestamp":358878906725434,"circlet_count":0,"master_deck":["AscendersBane","Strike_G","Strike_G","Strike_G","Strike_G","Defend_G","Defend_G","Defend_G","Defend_G","Defend_G","Survivor","Neutralize","Dagger Spray+1","Well Laid Plans","Backflip","Choke"],"relics":["Ring of the Snake","NeowsBlessing","Ornamental Fan"],"potions_floor_usage":[10],"damage_taken":[{"damage":0,"enemies":"Cultist","floor":1,"turns":1},{"damage":0,"enemies":"Small Slimes","floor":2,"turns":1},{"damage":0,"enemies":"2 Louse","floor":3,"turns":1},{"damage":1,"enemies":"2 Fungi Beasts","floor":8,"turns":3},{"damage":25,"enemies":"Lagavulin","floor":10,"turns":9}],"seed_played":"7616697974877655953","potions_obtained":[{"floor":2,"key":"Energy Potion"},{"floor":3,"key":"Fruit Juice"}],"is_trial":false,"path_per_floor":["M","M","M","$","?","R","?","M","T","E"],"character_chosen":"THE_SILENT","items_purchased":["Well Laid Plans","Backflip"],"campfire_rested":0,"item_purchase_floors":[4,4],"current_hp_per_floor":[59,59,59,59,52,52,57,56,56,31],"gold":39,"neow_bonus":"THREE_ENEMY_KILL","is_prod":false,"is_daily":false,"chose_seed":false,"campfire_upgraded":1,"win_rate":0,"timestamp":1563801769,"path_taken":["M","M","?","?","?","R","?","M","T","E"],"build_version":"2019-07-17","purchased_purges":0,"victory":false,"max_hp_per_floor":[66,66,66,66,66,66,71,71,71,71],"card_choices":[{"not_picked":["Deflect","Flying Knee","Crippling Poison"],"picked":"SKIP","floor":1},{"not_picked":["Expertise","Bane"],"picked":"Dagger Spray","floor":2},{"not_picked":["Bane","Quick Slash","Acrobatics"],"picked":"SKIP","floor":3},{"not_picked":["Quick Slash","Poisoned Stab"],"picked":"Choke","floor":8}],"player_experience":2061894,"relics_obtained":[{"floor":9,"key":"Ornamental Fan"}],"event_choices":[{"cards_removed":["Strike_G"],"damage_healed":0,"gold_gain":0,"player_choice":"Card Removal","damage_taken":7,"max_hp_gain":0,"max_hp_loss":0,"event_name":"Golden Wing","floor":5,"gold_loss":0},{"damage_healed":0,"gold_gain":0,"player_choice":"Donut","damage_taken":0,"max_hp_gain":5,"max_hp_loss":0,"event_name":"Big Fish","floor":7,"gold_loss":0}],"is_beta":false,"boss_relics":[],"items_purged_floors":[],"is_endless":false,"potions_floor_spawned":[2,3],"killed_by":"Lagavulin","ascension_level":20}