{"gold_per_floor":[115,115,135,135,148,148,166,166,166,197,372,382,69,69,69,166,166,182,182,198,210,229,260,260,260,260,260,285,285,81,116,116,116],"floor_reached":33,"playtime":1071,"items_purged":["Doubt"],"score":512,"play_id":"84917545-7a21-4dc0-bbc3-3c675e7e6294","local_time":"20190627230506","is_ascension_mode":true,"campfire_choices":[{"data":"Perfected Strike","floor":6,"key":"SMITH"},{"data":"Perfected Strike","floor":8,"key":"SMITH"},{"floor":15,"key":"REST"},{"floor":24,"key":"REST"},{"data":"Flex","floor":27,"key":"SMITH"},{"floor":29,"key":"REST"},{"floor":32,"key":"REST"}],"neow_cost":"NONE","seed_source_timestamp":130312110893252,"circlet_count":0,"master_deck":["Strike_R+1","Strike_R+1","Strike_R+1","Strike_R+1","Strike_R+1","Defend_R+1","Defend_R+1","Defend_R+1","Defend_R+1","Bash","Perfected Strike+1","Perfected Strike+1","Pummel","Twin Strike","Flex+1","Wild Strike","Offering","Pommel Strike+1","Wild Strike+1"],"relics":["Burning Blood","NeowsBlessing","Dead Branch","Turnip","Gremlin Horn","Omamori","Philosopher\u0027s Stone","Paper Frog","Vajra","Question Card","Ice Cream","Membership Card","Smiling Mask"],"potions_floor_usage":[10,16,16,23,28,33,33],"damage_taken":[{"damage":0,"enemies":"2 Louse","floor":1,"turns":1},{"damage":0,"enemies":"Cultist","floor":3,"turns":1},{"damage":0,"enemies":"Jaw Worm","floor":5,"turns":1},{"damage":0,"enemies":"Exordium Wildlife","floor":7,"turns":2},{"damage":0,"enemies":"Gremlin Nob","floor":10,"turns":2},{"damage":17,"enemies":"3 Louse","floor":12,"turns":4},{"damage":56,"enemies":"The Guardian","floor":16,"turns":9},{"damage":4,"enemies":"Chosen","floor":18,"turns":3},{"damage":8,"enemies":"3 Byrds","floor":20,"turns":3},{"damage":28,"enemies":"Snecko","floor":21,"turns":4},{"damage":33,"enemies":"Chosen and Byrds","floor":22,"turns":6},{"damage":16,"enemies":"Slavers","floor":23,"turns":4},{"damage":6,"enemies":"Gremlin Leader","floor":28,"turns":3},{"damage":25,"enemies":"Book of Stabbing","floor":31,"turns":3},{"damage":87,"enemies":"Champ","floor":33,"turns":6}],"seed_played":"-6569999202276035141","potions_obtained":[{"floor":2,"key":"AttackPotion"},{"floor":2,"key":"Ancient Potion"},{"floor":2,"key":"EssenceOfSteel"},{"floor":10,"key":"Block Potion"},{"floor":16,"key":"SteroidPotion"},{"floor":22,"key":"SkillPotion"},{"floor":23,"key":"PowerPotion"}],"is_trial":false,"path_per_floor":["M","?","M","?","M","R","M","R","T","E","?","M","$","?","R","B",null,"M","?","M","M","M","E","R","?","T","R","E","R","$","E","R","B"],"character_chosen":"IRONCLAD","items_purchased":["Gremlin Horn","Membership Card"],"campfire_rested":4,"item_purchase_floors":[13,30],"current_hp_per_floor":[78,78,80,80,80,80,80,80,80,80,80,69,69,62,80,30,68,70,70,68,46,19,9,33,33,33,33,33,57,57,38,62,0],"gold":116,"neow_bonus":"THREE_ENEMY_KILL","is_prod":false,"is_daily":false,"chose_seed":false,"campfire_upgraded":3,"win_rate":0,"timestamp":1561691106,"path_taken":["M","?","?","?","?","R","M","R","T","E","?","M","$","?","R","BOSS","M","?","M","M","M","E","R","?","T","R","E","R","$","E","R","BOSS"],"build_version":"2019-01-23","purchased_purges":1,"victory":false,"max_hp_per_floor":[80,80,80,80,80,80,80,80,80,80,80,80,80,80,80,80,80,80,80,80,80,80,80,80,80,80,80,80,80,80,80,80,80],"card_choices":[{"not_picked":["True Grit","Heavy Blade"],"picked":"Perfected Strike","floor":1},{"not_picked":["Seeing Red","Cleave"],"picked":"Perfected Strike","floor":3},{"not_picked":["Iron Wave","Disarm"],"picked":"Pummel","floor":5},{"not_picked":["Heavy Blade","Whirlwind"],"picked":"Twin Strike","floor":7},{"not_picked":["Iron Wave","Warcry"],"picked":"Flex","floor":10},{"not_picked":["Fiend Fire","Searing Blow"],"picked":"Wild Strike","floor":12},{"not_picked":["Brutality","Limit Break"],"picked":"Offering","floor":16},{"not_picked":["Anger+1","Sentinel+1"],"picked":"Pommel Strike+1","floor":18},{"not_picked":["Heavy Blade","Havoc"],"picked":"Wild Strike+1","floor":20},{"not_picked":["Havoc","Clash","Body Slam+1"],"picked":"SKIP","floor":21},{"not_picked":["Headbutt","Body Slam","Warcry"],"picked":"SKIP","floor":22},{"not_picked":["Entrench","Fire Breathing","Feed"],"picked":"SKIP","floor":23},{"not_picked":["Heavy Blade","Sword Boomerang","Bloodletting+1","Fire Breathing"],"picked":"SKIP","floor":28},{"not_picked":["Cleave","Dark Embrace","Havoc","Burning Pact"],"picked":"SKIP","floor":31}],"player_experience":1076367,"relics_obtained":[{"floor":9,"key":"Dead Branch"},{"floor":10,"key":"Turnip"},{"floor":23,"key":"Vajra"},{"floor":26,"key":"Question Card"},{"floor":28,"key":"Ice Cream"},{"floor":31,"key":"Smiling Mask"}],"event_choices":[{"damage_healed":0,"gold_gain":0,"player_choice":"Got Potions","damage_taken":0,"max_hp_gain":0,"max_hp_loss":0,"event_name":"Lab","floor":2,"gold_loss":0},{"damage_healed":0,"gold_gain":0,"player_choice":"Bought 0 Potions","damage_taken":0,"max_hp_gain":0,"max_hp_loss":0,"event_name":"The Woman in Blue","floor":4,"gold_loss":0},{"damage_healed":0,"gold_gain":175,"player_choice":"AGREE","damage_taken":0,"max_hp_gain":0,"max_hp_loss":0,"event_name":"Liars Game","floor":11,"gold_loss":0,"cards_obtained":["Doubt"]},{"damage_healed":0,"gold_gain":0,"player_choice":"Success","damage_taken":7,"relics_obtained":["Omamori"],"max_hp_gain":0,"max_hp_loss":0,"event_name":"Scrap Ooze","floor":14,"gold_loss":0},{"damage_healed":0,"gold_gain":0,"player_choice":"Opened","damage_taken":0,"relics_obtained":["Paper Frog"],"max_hp_gain":0,"max_hp_loss":0,"event_name":"The Mausoleum","floor":19,"gold_loss":0},{"damage_healed":0,"gold_gain":0,"player_choice":"Simplicity","damage_taken":0,"max_hp_gain":0,"max_hp_loss":0,"event_name":"Back to Basics","floor":25,"gold_loss":0,"cards_upgraded":["Strike_R","Strike_R","Strike_R","Strike_R","Strike_R","Defend_R","Defend_R","Defend_R","Defend_R"]}],"is_beta":false,"boss_relics":[{"not_picked":["Pandora\u0027s Box","Velvet Choker"],"picked":"Philosopher\u0027s Stone"}],"items_purged_floors":[13],"is_endless":false,"potions_floor_spawned":[7,10,16,22,23],"killed_by":"Champ","ascension_level":9}