{"gold_per_floor":[117,192,209,209,220,250,270,270,270,270,280,280,455,472,472,575,575,563,581,581],"floor_reached":20,"playtime":839,"items_purged":[],"score":176,"play_id":"80f802da-ffc8-4e10-99a7-6289f0107c23","local_time":"20190406104218","is_ascension_mode":false,"campfire_choices":[{"floor":8,"key":"REST"},{"floor":10,"key":"REST"},{"floor":12,"key":"REST"},{"data":"Consume","floor":15,"key":"SMITH"}],"neow_cost":"NONE","seed_source_timestamp":89034715928931,"circlet_count":0,"master_deck":["Strike_B","Strike_B","Strike_B","Strike_B","Defend_B","Defend_B+1","Defend_B+1","Defend_B","Zap","Dualcast","Blizzard+1","Cold Snap","Capacitor","Steam","Streamline","Doubt","Consume+1","Buffer","Cold Snap"],"relics":["Cracked Core","NeowsBlessing","War Paint","Philosopher\u0027s Stone"],"potions_floor_usage":[6],"damage_taken":[{"damage":0,"enemies":"2 Louse","floor":1,"turns":1},{"damage":0,"enemies":"Jaw Worm","floor":3,"turns":1},{"damage":0,"enemies":"Cultist","floor":5,"turns":1},{"damage":54,"enemies":"Gremlin Nob","floor":6,"turns":6},{"damage":7,"enemies":"3 Louse","floor":7,"turns":3},{"damage":1,"enemies":"2 Fungi Beasts","floor":11,"turns":3},{"damage":8,"enemies":"Looter","floor":14,"turns":2},{"damage":23,"enemies":"Slime Boss","floor":16,"turns":12},{"damage":29,"enemies":"2 Thieves","floor":18,"turns":4},{"damage":16,"enemies":"Chosen","floor":19,"turns":5},{"damage":33,"enemies":"3 Cultists","floor":20,"turns":4}],"seed_played":"7493777674673717961","potions_obtained":[{"floor":1,"key":"Swift Potion"},{"floor":14,"key":"Energy Potion"}],"is_trial":false,"path_per_floor":["M","?","M","?","M","E","M","R","T","R","M","R","?","M","R","B",null,"M","M","M"],"character_chosen":"DEFECT","items_purchased":[],"campfire_rested":3,"item_purchase_floors":[],"current_hp_per_floor":[75,64,64,64,64,10,3,25,25,47,46,68,68,60,60,37,75,46,30,0],"gold":581,"neow_bonus":"THREE_ENEMY_KILL","is_prod":false,"is_daily":false,"chose_seed":false,"campfire_upgraded":1,"win_rate":0,"timestamp":1554561738,"path_taken":["M","?","M","?","M","E","M","R","T","R","M","R","?","M","R","BOSS","M","M","M"],"build_version":"2019-01-23","purchased_purges":0,"victory":false,"max_hp_per_floor":[75,75,75,75,75,75,75,75,75,75,75,75,75,75,75,75,75,75,75,75],"card_choices":[{"not_picked":["Beam Cell","Sweeping Beam"],"picked":"Blizzard","floor":1},{"not_picked":["Leap","Rebound"],"picked":"Cold Snap","floor":3},{"not_picked":["Sweeping Beam","Stack"],"picked":"Capacitor","floor":5},{"not_picked":["Chaos","Static Discharge"],"picked":"Steam","floor":6},{"not_picked":["Reboot","Go for the Eyes","Barrage"],"picked":"SKIP","floor":7},{"not_picked":["Turbo","Beam Cell"],"picked":"Streamline","floor":11},{"not_picked":["Tempest","Barrage"],"picked":"Consume","floor":14},{"not_picked":["Machine Learning","Electrodynamics"],"picked":"Buffer","floor":16},{"not_picked":["Coolheaded","Sweeping Beam"],"picked":"Cold Snap","floor":18},{"not_picked":["Static Discharge","Hello World","Sweeping Beam"],"picked":"SKIP","floor":19}],"player_experience":759284,"relics_obtained":[{"floor":6,"key":"War Paint"}],"event_choices":[{"damage_healed":0,"gold_gain":75,"player_choice":"Gather Gold","damage_taken":11,"max_hp_gain":0,"max_hp_loss":0,"event_name":"World of Goop","floor":2,"gold_loss":0},{"damage_healed":0,"gold_gain":0,"player_choice":"Grow","damage_taken":0,"max_hp_gain":0,"max_hp_loss":0,"event_name":"Living Wall","floor":4,"gold_loss":0,"cards_upgraded":["Blizzard"]},{"damage_healed":0,"gold_gain":175,"player_choice":"AGREE","damage_taken":0,"max_hp_gain":0,"max_hp_loss":0,"event_name":"Liars Game","floor":13,"gold_loss":0,"cards_obtained":["Doubt"]}],"is_beta":false,"boss_relics":[{"not_picked":["Empty Cage","Nuclear Battery"],"picked":"Philosopher\u0027s Stone"}],"items_purged_floors":[],"is_endless":false,"potions_floor_spawned":[1,14],"killed_by":"3 Cultists","ascension_level":0}