{"gold_per_floor":[112,112,112,33,53,53,81,81,81,6,6,24,24,41,41,118,118,132,160,60,60,77,77,106,106,132,143,178,178,178,211,211,284,284,299,299,314,325,372,407,407,442,442,469,515,737,756,782,782,782,782,782,782,109,140,140],"floor_reached":57,"playtime":1878,"items_purged":["Strike_G","Defend_G","Survivor"],"score":3619,"play_id":"621ad542-f808-4d24-b33c-e99b62f350cc","local_time":"20190608191943","is_ascension_mode":true,"campfire_choices":[{"data":"Neutralize","floor":6.0,"key":"SMITH"},{"data":"Terror","floor":8.0,"key":"SMITH"},{"data":"Acrobatics","floor":15.0,"key":"SMITH"},{"data":"Doppelganger","floor":23.0,"key":"SMITH"},{"data":"Tactician","floor":32.0,"key":"SMITH"},{"data":"Grand Finale","floor":41.0,"key":"SMITH"},{"floor":49.0,"key":"RECALL"},{"data":"Doppelganger","floor":53.0,"key":"SMITH"}],"neow_cost":"NONE","seed_source_timestamp":530626316273112,"circlet_count":0,"master_deck":["AscendersBane","Neutralize+1","Deflect+1","Escape Plan+1","Terror+1","Backflip+1","Acrobatics+1","Doppelganger+1","Grand Finale+1","Tactician+1","Doppelganger+1","Caltrops+1"],"special_seed":0,"relics":["Astrolabe","Question Card","Ancient Tea Set","Frozen Egg 2","Empty Cage","Red Mask","Letter Opener","Bag of Preparation","Bottled Flame","Darkstone Periapt","Coffee Dripper","Torii","Singing Bowl","Potion Belt","Paper Crane","Vajra","Snake Skull","Toy Ornithopter","Gremlin Horn","Blood Vial"],"potions_floor_usage":[56,56,56,56],"damage_taken":[{"damage":2.0,"enemies":"2 Louse","floor":1.0,"turns":4.0},{"damage":0.0,"enemies":"Small Slimes","floor":5.0,"turns":4.0},{"damage":29.0,"enemies":"Gremlin Nob","floor":7.0,"turns":4.0},{"damage":0.0,"enemies":"Jaw Worm","floor":12.0,"turns":3.0},{"damage":0.0,"enemies":"Gremlin Gang","floor":14.0,"turns":6.0},{"damage":3.0,"enemies":"The Guardian","floor":16.0,"turns":10.0},{"damage":2.0,"enemies":"Shell Parasite","floor":18.0,"turns":4.0},{"damage":0.0,"enemies":"Masked Bandits","floor":19.0,"turns":2.0},{"damage":1.0,"enemies":"Chosen","floor":22.0,"turns":7.0},{"damage":9.0,"enemies":"Slavers","floor":24.0,"turns":4.0},{"damage":10.0,"enemies":"Snake Plant","floor":27.0,"turns":2.0},{"damage":0.0,"enemies":"Gremlin Leader","floor":28.0,"turns":2.0},{"damage":0.0,"enemies":"Slavers","floor":31.0,"turns":1.0},{"damage":0.0,"enemies":"Collector","floor":33.0,"turns":2.0},{"damage":0.0,"enemies":"3 Darklings","floor":35.0,"turns":1.0},{"damage":0.0,"enemies":"Orb Walker","floor":37.0,"turns":1.0},{"damage":0.0,"enemies":"Jaw Worm Horde","floor":38.0,"turns":2.0},{"damage":25.0,"enemies":"2 Orb Walkers","floor":39.0,"turns":4.0},{"damage":0.0,"enemies":"Nemesis","floor":40.0,"turns":3.0},{"damage":1.0,"enemies":"Giant Head","floor":42.0,"turns":2.0},{"damage":0.0,"enemies":"Nemesis","floor":44.0,"turns":3.0},{"damage":0.0,"enemies":"4 Shapes","floor":47.0,"turns":1.0},{"damage":0.0,"enemies":"Giant Head","floor":48.0,"turns":2.0},{"damage":0.0,"enemies":"Awakened One","floor":50.0,"turns":3.0},{"damage":0.0,"enemies":"Time Eater","floor":51.0,"turns":6.0},{"damage":0,"enemies":"Shield and Spear","floor":55,"turns":1},{"damage":24,"enemies":"The Heart","floor":56,"turns":5}],"seed_played":"-4391263688578193156","potions_obtained":[{"floor":1.0,"key":"Regen Potion"},{"floor":5.0,"key":"LiquidBronze"},{"floor":24.0,"key":"AttackPotion"},{"floor":25.0,"key":"Ancient Potion"},{"floor":42.0,"key":"PowerPotion"},{"floor":44.0,"key":"Weak Potion"}],"is_trial":false,"path_per_floor":["M","?","?","$","M","R","E","R","T","$","?","M","T","M","R","B",null,"M","?","$","?","M","R","E","?","T","M","E","?","?","E","R","B",null,"M","?","M","M","?","E","R","E","T","E","T","?","M","E","R","B","B",null,"R","$","E","B",null],"character_chosen":"THE_SILENT","items_purchased":["Terror","Toy Ornithopter","Gremlin Horn","PowerPotion"],"campfire_rested":0,"item_purchase_floors":[4,54,54,54],"current_hp_per_floor":[57,57,62,62,62,62,33,33,33,33,33,33,33,33,33,45,65,63,63,63,63,62,62,53,53,53,43,43,43,43,43,43,43,64,64,64,64,64,39,41,41,42,42,44,44,44,46,48,48,48,48,73,73,73,75,69],"gold":140,"neow_bonus":"BOSS_RELIC","is_prod":false,"is_daily":false,"chose_seed":false,"campfire_upgraded":7,"win_rate":0,"timestamp":1559992783,"path_taken":["M","?","?","?","?","R","E","R","T","$","?","?","?","M","R","BOSS","M","?","$","?","?","R","E","?","T","?","E","?","?","E","R","BOSS","M","?","M","?","?","E","R","E","T","E","?","?","M","E","R","BOSS","BOSS","R","$","E","BOSS"],"build_version":"2019-01-23","purchased_purges":3,"victory":true,"max_hp_per_floor":[66,66,71,71,71,71,71,71,71,71,71,71,71,71,71,71,71,71,71,71,71,71,71,71,71,71,71,71,71,71,71,71,71,71,71,71,71,71,71,73,73,75,75,77,77,77,79,81,81,81,81,81,81,81,83,83],"card_choices":[{"not_picked":["Riddle With Holes","Outmaneuver","Blade Dance"],"picked":"SKIP","floor":1.0},{"not_picked":["Deflect","Concentrate"],"picked":"Backflip","floor":5.0},{"not_picked":["Heel Hook","Finisher","Deflect"],"picked":"SKIP","floor":7.0},{"not_picked":["Deadly Poison","Poisoned Stab","Skewer"],"picked":"Acrobatics","floor":12.0},{"not_picked":["Doppelganger","Infinite Blades+1","Quick Slash","Dodge and Roll"],"picked":"SKIP","floor":14.0},{"not_picked":["Infinite Blades+1","Quick Slash","Dodge and Roll"],"picked":"Doppelganger","floor":14.0},{"not_picked":["Burst","Bullet Time","Glass Knife"],"picked":"Grand Finale","floor":16.0},{"not_picked":["Blade Dance","Slice","Outmaneuver","Cloak And Dagger"],"picked":"SKIP","floor":18.0},{"not_picked":["Deadly Poison","Poisoned Stab","Die Die Die","Prepared"],"picked":"SKIP","floor":22.0},{"not_picked":["Outmaneuver+1","Poisoned Stab","Quick Slash+1","Riddle With Holes"],"picked":"SKIP","floor":24.0},{"not_picked":["Quick Slash","Underhanded Strike","Deadly Poison","Flying Knee"],"picked":"SKIP","floor":27.0},{"not_picked":["Grand Finale","Poisoned Stab","Flying Knee"],"picked":"Tactician","floor":28.0},{"not_picked":["Concentrate","Predator","Distraction","Deflect"],"picked":"SKIP","floor":31.0},{"not_picked":["Outmaneuver","Deflect","Choke+1","Catalyst+1"],"picked":"SKIP","floor":35.0},{"not_picked":["Bane","Quick Slash","Backstab","Riddle With Holes"],"picked":"SKIP","floor":37.0},{"not_picked":["Quick Slash","PiercingWail","Prepared","Poisoned Stab"],"picked":"SKIP","floor":38.0},{"not_picked":["Underhanded Strike","Riddle With Holes+1","Phantasmal Killer","Caltrops+1"],"picked":"Singing Bowl","floor":40.0},{"not_picked":["Riddle With Holes","Storm of Steel","Cloak And Dagger","Dagger Spray"],"picked":"Singing Bowl","floor":42.0},{"not_picked":["Dash+1","Terror","Slice","Flying Knee"],"picked":"Singing Bowl","floor":44.0},{"not_picked":["Calculated Gamble+1","Outmaneuver","Caltrops+1","Noxious Fumes+1"],"picked":"Singing Bowl","floor":47.0},{"not_picked":["Blur","Outmaneuver","Deadly Poison","Sucker Punch"],"picked":"Singing Bowl","floor":48.0},{"not_picked":["Leg Sweep","Slice","Poisoned Stab","Bane"],"picked":"Singing Bowl","floor":55}],"player_experience":1906502,"relics_obtained":[{"floor":7.0,"key":"Question Card"},{"floor":9.0,"key":"Ancient Tea Set"},{"floor":13.0,"key":"Frozen Egg 2"},{"floor":19.0,"key":"Red Mask"},{"floor":24.0,"key":"Letter Opener"},{"floor":26.0,"key":"Bag of Preparation"},{"floor":28.0,"key":"Bottled Flame"},{"floor":31.0,"key":"Darkstone Periapt"},{"floor":39.0,"key":"Torii"},{"floor":40.0,"key":"Singing Bowl"},{"floor":42.0,"key":"Potion Belt"},{"floor":44.0,"key":"Paper Crane"},{"floor":45.0,"key":"Vajra"},{"floor":48.0,"key":"Snake Skull"},{"floor":55,"key":"Blood Vial"}],"event_choices":[{"damage_healed":0.0,"max_hp_gain":0.0,"max_hp_loss":0.0,"gold_gain":0.0,"event_name":"Liars Game","player_choice":"Ignored","floor":2.0,"gold_loss":0.0,"damage_taken":0.0},{"damage_healed":0.0,"max_hp_gain":5.0,"max_hp_loss":0.0,"gold_gain":0.0,"event_name":"Big Fish","player_choice":"Donut","floor":3.0,"gold_loss":0.0,"damage_taken":0.0},{"damage_healed":0.0,"max_hp_gain":0.0,"max_hp_loss":0.0,"gold_gain":0.0,"event_name":"Accursed Blacksmith","player_choice":"Forge","floor":11.0,"gold_loss":0.0,"damage_taken":0.0,"cards_upgraded":["Backflip"]},{"damage_healed":0.0,"max_hp_gain":0.0,"max_hp_loss":0.0,"gold_gain":0.0,"event_name":"Masked Bandits","player_choice":"Fought Bandits","floor":19.0,"gold_loss":0.0,"damage_taken":0.0},{"cards_removed":["Defend_G"],"damage_healed":0.0,"max_hp_gain":0.0,"max_hp_loss":0.0,"gold_gain":0.0,"event_name":"Purifier","player_choice":"Purged","floor":21.0,"gold_loss":0.0,"damage_taken":0.0},{"damage_healed":0.0,"max_hp_gain":0.0,"max_hp_loss":0.0,"gold_gain":0.0,"event_name":"Lab","player_choice":"Got Potions","floor":25.0,"gold_loss":0.0,"damage_taken":0.0},{"damage_healed":0.0,"max_hp_gain":0.0,"max_hp_loss":0.0,"gold_gain":0.0,"cards_transformed":["Defend_G","Defend_G"],"event_name":"Drug Dealer","player_choice":"Became Test Subject","floor":29.0,"gold_loss":0.0,"damage_taken":0.0,"cards_obtained":["Cloak And Dagger","Doppelganger"]},{"cards_removed":["Flechettes"],"damage_healed":0.0,"max_hp_gain":0.0,"max_hp_loss":0.0,"gold_gain":0.0,"event_name":"Back to Basics","player_choice":"Elegance","floor":30.0,"gold_loss":0.0,"damage_taken":0.0},{"damage_healed":0.0,"max_hp_gain":0.0,"max_hp_loss":0.0,"gold_gain":0.0,"cards_transformed":["Cloak And Dagger"],"event_name":"Transmorgrifier","player_choice":"Transformed","floor":36.0,"gold_loss":0.0,"damage_taken":0.0,"cards_obtained":["Caltrops"]},{"damage_healed":0.0,"max_hp_gain":0.0,"max_hp_loss":0.0,"gold_gain":0.0,"event_name":"Mysterious Sphere","player_choice":"Fight","floor":39.0,"gold_loss":0.0,"damage_taken":0.0},{"damage_healed":0.0,"max_hp_gain":0.0,"max_hp_loss":0.0,"gold_gain":222.0,"event_name":"Tomb of Lord Red Mask","player_choice":"Wore Mask","floor":46.0,"gold_loss":0.0,"damage_taken":0.0}],"is_beta":false,"boss_relics":[{"not_picked":["Cursed Key","WristBlade"],"picked":"Empty Cage"},{"not_picked":["Velvet Choker","Busted Crown"],"picked":"Coffee Dripper"}],"items_purged_floors":[10,20,54],"is_endless":false,"potions_floor_spawned":[1,5,12,24,28,31,33,35,42,44,48],"ascension_level":20}