{"gold_per_floor":[115,43,118,118,129,129,145,158,183,183,200,200,216,228,228,332,332,351,351,18,18,18,18],"floor_reached":23,"playtime":1862,"items_purged":["Strike_B"],"score":181,"play_id":"7ba3af30-fd46-45c4-8f56-cb1f6106d6b1","local_time":"20190803105816","is_ascension_mode":false,"campfire_choices":[{"data":"Capacitor","floor":6,"key":"SMITH"},{"data":"Self Repair","floor":10,"key":"SMITH"},{"data":"Glacier","floor":12,"key":"SMITH"},{"data":"Chaos","floor":15,"key":"SMITH"}],"neow_cost":"TEN_PERCENT_HP_LOSS","seed_source_timestamp":121776737061280,"circlet_count":0,"master_deck":["Strike_B","Defend_B","Defend_B","Defend_B","Zap","Dualcast","BootSequence","Capacitor","Capacitor+1","Chaos+1","Self Repair+1","Glacier+1","Capacitor","Gash","Seek","Gash","Master of Strategy","Bandage Up"],"relics":["Cracked Core","Orichalcum","Black Star","Calipers"],"potions_floor_usage":[],"damage_taken":[{"damage":2,"enemies":"2 Louse","floor":1,"turns":4},{"damage":4,"enemies":"Jaw Worm","floor":5,"turns":4},{"damage":2,"enemies":"Cultist","floor":7,"turns":5},{"damage":15,"enemies":"Red Slaver","floor":8,"turns":5},{"damage":16,"enemies":"Exordium Wildlife","floor":11,"turns":6},{"damage":0,"enemies":"Blue Slaver","floor":13,"turns":4},{"damage":5,"enemies":"Looter","floor":14,"turns":4},{"damage":34,"enemies":"Slime Boss","floor":16,"turns":13},{"damage":3,"enemies":"Shell Parasite","floor":18,"turns":9},{"damage":80,"enemies":"Gremlin Leader","floor":23,"turns":7}],"seed_played":"-3858411338788183712","potions_obtained":[{"floor":5,"key":"GamblersBrew"},{"floor":8,"key":"SkillPotion"},{"floor":18,"key":"Poison Potion"}],"is_trial":false,"path_per_floor":["M","$","?","?","M","R","M","M","T","R","M","R","M","M","R","B",null,"M","T","$","?","$","E"],"character_chosen":"DEFECT","items_purchased":["Capacitor","Master of Strategy","Bandage Up"],"campfire_rested":0,"item_purchase_floors":[2,20,20],"current_hp_per_floor":[66,66,55,55,51,51,49,34,34,34,28,28,38,43,43,19,68,68,68,68,68,68,0],"gold":18,"neow_bonus":"REMOVE_TWO","is_prod":false,"is_daily":false,"chose_seed":false,"campfire_upgraded":4,"win_rate":0.0,"timestamp":1564822696,"path_taken":["M","$","?","?","M","R","M","M","T","R","M","R","?","M","R","BOSS","M","?","$","?","?","E"],"build_version":"2019-07-17","purchased_purges":1,"victory":false,"max_hp_per_floor":[68,68,68,68,68,68,68,68,68,68,68,68,68,68,68,68,68,68,68,68,68,68,68],"card_choices":[{"not_picked":["Stack","Steam"],"picked":"BootSequence","floor":1},{"not_picked":["Darkness","Stack"],"picked":"Capacitor","floor":5},{"not_picked":["Sweeping Beam","White Noise"],"picked":"Chaos","floor":7},{"not_picked":["Barrage","Stack"],"picked":"Self Repair","floor":8},{"not_picked":["Heatsinks","Aggregate"],"picked":"Glacier","floor":11},{"not_picked":["Steam","Leap"],"picked":"Capacitor","floor":13},{"not_picked":["Redo","Steam Power"],"picked":"Gash","floor":14},{"not_picked":["Echo Form","Creative AI"],"picked":"Seek","floor":16},{"not_picked":["Ball Lightning","Tempest"],"picked":"Gash","floor":18}],"player_experience":51128,"relics_obtained":[{"floor":9,"key":"Orichalcum"},{"floor":19,"key":"Calipers"}],"event_choices":[{"damage_healed":0,"gold_gain":75,"player_choice":"Gather Gold","damage_taken":11,"max_hp_gain":0,"max_hp_loss":0,"event_name":"World of Goop","floor":3,"gold_loss":0},{"cards_removed":["Defend_B"],"damage_healed":0,"gold_gain":0,"player_choice":"Offered Basic","damage_taken":0,"max_hp_gain":0,"max_hp_loss":0,"event_name":"Bonfire Elementals","floor":4,"gold_loss":0},{"damage_healed":0,"gold_gain":0,"player_choice":"Ignored","damage_taken":0,"max_hp_gain":0,"max_hp_loss":0,"event_name":"The Mausoleum","floor":21,"gold_loss":0}],"is_beta":false,"boss_relics":[{"not_picked":["Philosopher\u0027s Stone","Fusion Hammer"],"picked":"Black Star"}],"items_purged_floors":[20],"is_endless":false,"potions_floor_spawned":[5,8,18],"killed_by":"Gremlin Leader","ascension_level":0}