{"gold_per_floor":[109,120,133,133,133,133,154,198,198,198,216,216,291,331,331,422,422,447,471,89,14,32,75,3,3,81,81,121,121,121,136,136,136],"floor_reached":33,"playtime":1391,"items_purged":["Strike_R"],"score":600,"play_id":"c6d9f61b-6424-4c63-989f-d3ea4e08178c","local_time":"20190717193310","is_ascension_mode":true,"campfire_choices":[{"data":"Cleave","floor":6,"key":"SMITH"},{"data":"Pommel Strike","floor":10,"key":"SMITH"},{"data":"Combust","floor":12,"key":"SMITH"},{"data":"Clothesline","floor":15,"key":"SMITH"},{"data":"Armaments","floor":25,"key":"SMITH"},{"floor":27,"key":"REST"},{"data":"Feel No Pain","floor":29,"key":"SMITH"},{"data":"True Grit","floor":32,"key":"SMITH"}],"neow_cost":"TEN_PERCENT_HP_LOSS","seed_source_timestamp":4415793494259569,"circlet_count":0,"master_deck":["AscendersBane","Strike_R","Strike_R","Strike_R","Defend_R","Defend_R","Defend_R","Defend_R","Bash+1","Cleave+1","Pommel Strike+1","Flame Barrier","Carnage","Armaments+1","Combust+1","Clothesline+1","Feed","Thunderclap","Inflame+1","Shrug It Off","Burning Pact","Feel No Pain+1","Shockwave","True Grit+1"],"relics":["Burning Blood","Ginger","Golden Idol","Self Forming Clay","Question Card","Dodecahedron","Sozu","WingedGreaves","Lantern","Singing Bowl","Thread and Needle","Ice Cream"],"potions_floor_usage":[8,16,28],"damage_taken":[{"damage":11,"enemies":"Cultist","floor":1,"turns":4},{"damage":9,"enemies":"Jaw Worm","floor":2,"turns":5},{"damage":2,"enemies":"2 Louse","floor":3,"turns":2},{"damage":0,"enemies":"Large Slime","floor":7,"turns":5},{"damage":30,"enemies":"3 Sentries","floor":8,"turns":8},{"damage":7,"enemies":"Exordium Thugs","floor":11,"turns":4},{"damage":16,"enemies":"Lagavulin","floor":14,"turns":5},{"damage":5,"enemies":"Slime Boss","floor":16,"turns":6},{"damage":7,"enemies":"Chosen","floor":18,"turns":4},{"damage":15,"enemies":"Shell Parasite","floor":19,"turns":6},{"damage":16,"enemies":"Centurion and Healer","floor":22,"turns":6},{"damage":15,"enemies":"Gremlin Leader","floor":23,"turns":8},{"damage":34,"enemies":"Book of Stabbing","floor":28,"turns":7},{"damage":3,"enemies":"Snake Plant","floor":31,"turns":5},{"damage":66,"enemies":"Automaton","floor":33,"turns":12}],"seed_played":"9068009632804546551","potions_obtained":[{"floor":1,"key":"BloodPotion"},{"floor":11,"key":"SneckoOil"},{"floor":14,"key":"AttackPotion"},{"floor":16,"key":"Fire Potion"}],"is_trial":false,"path_per_floor":["M","M","M","?","?","R","M","E","T","R","M","R","?","E","R","B",null,"M","M","$","?","M","E","$","R","T","R","E","R","?","M","R","B"],"character_chosen":"IRONCLAD","items_purchased":["WingedGreaves","Feel No Pain"],"campfire_rested":1,"item_purchase_floors":[20,24],"current_hp_per_floor":[63,60,64,41,41,41,47,40,40,40,39,39,28,18,18,19,56,55,46,46,46,39,33,33,33,33,55,31,31,31,37,37,0],"gold":136,"neow_bonus":"ONE_RARE_RELIC","is_prod":false,"is_daily":false,"chose_seed":false,"campfire_upgraded":7,"win_rate":0,"timestamp":1563406390,"path_taken":["M","M","M","?","?","R","M","E","T","R","M","R","?","E","R","BOSS","M","M","$","?","M","E","?","R","T","R","E","R","?","M","R","BOSS"],"build_version":"2019-07-05","purchased_purges":1,"victory":false,"max_hp_per_floor":[68,68,68,68,68,68,68,68,68,68,68,68,68,68,68,68,68,68,68,68,68,71,74,74,74,74,74,78,78,78,81,81,81],"card_choices":[{"not_picked":["Power Through","Warcry"],"picked":"Cleave","floor":1},{"not_picked":["Flex","Thunderclap"],"picked":"Pommel Strike","floor":2},{"not_picked":["Pummel","Whirlwind"],"picked":"Flame Barrier","floor":3},{"not_picked":["Searing Blow","Sword Boomerang"],"picked":"Carnage","floor":7},{"not_picked":["Warcry","Headbutt"],"picked":"Armaments","floor":8},{"not_picked":["Clash","Infernal Blade","Thunderclap"],"picked":"Combust","floor":11},{"not_picked":["Sword Boomerang","Wild Strike","Seeing Red"],"picked":"Clothesline","floor":14},{"not_picked":["Berserk","Exhume","Fiend Fire"],"picked":"Feed","floor":16},{"not_picked":["Whirlwind","Heavy Blade","Clothesline"],"picked":"Thunderclap","floor":18},{"not_picked":["Headbutt","Perfected Strike","True Grit+1"],"picked":"Inflame+1","floor":19},{"not_picked":["Fire Breathing","Demon Form","Wild Strike"],"picked":"Shrug It Off","floor":22},{"not_picked":["Pommel Strike","Bloodletting","Headbutt"],"picked":"Burning Pact","floor":23},{"not_picked":["Reckless Charge","Rage","Heavy Blade"],"picked":"Shockwave","floor":28},{"not_picked":["Perfected Strike+1","Clothesline","Headbutt"],"picked":"True Grit","floor":31}],"player_experience":1509854,"relics_obtained":[{"floor":8,"key":"Self Forming Clay"},{"floor":9,"key":"Question Card"},{"floor":14,"key":"Dodecahedron"},{"floor":23,"key":"Lantern"},{"floor":26,"key":"Singing Bowl"},{"floor":28,"key":"Thread and Needle"}],"event_choices":[{"damage_healed":0,"gold_gain":0,"player_choice":"Take Damage","damage_taken":23,"relics_obtained":["Golden Idol"],"max_hp_gain":0,"max_hp_loss":0,"event_name":"Golden Idol","floor":4,"gold_loss":0},{"damage_healed":0,"gold_gain":0,"player_choice":"Grow","damage_taken":0,"max_hp_gain":0,"max_hp_loss":0,"event_name":"Living Wall","floor":5,"gold_loss":0,"cards_upgraded":["Bash"]},{"damage_healed":0,"gold_gain":75,"player_choice":"Gather Gold","damage_taken":11,"max_hp_gain":0,"max_hp_loss":0,"event_name":"World of Goop","floor":13,"gold_loss":0},{"cards_removed":["Strike_R"],"damage_healed":0,"gold_gain":0,"player_choice":"Gave Gold","damage_taken":0,"max_hp_gain":0,"max_hp_loss":0,"event_name":"Beggar","floor":21,"gold_loss":75},{"damage_healed":0,"gold_gain":0,"player_choice":"Gave Potion","damage_taken":0,"relics_obtained":["Ice Cream"],"max_hp_gain":0,"max_hp_loss":0,"event_name":"WeMeetAgain","floor":30,"gold_loss":0}],"is_beta":false,"boss_relics":[{"not_picked":["Philosopher\u0027s Stone","Tiny House"],"picked":"Sozu"}],"items_purged_floors":[20],"is_endless":false,"potions_floor_spawned":[1,11,14,16,18,19,31],"killed_by":"Automaton","ascension_level":15}