{"gold_per_floor":[117,128,52,71,91,116,116,129,129,129,142,142,142,107,107,206,256,238,238,250,250,264,264,282,282,282,282,41,118,128,146,146,146],"floor_reached":33,"playtime":4636,"items_purged":["Strike_R"],"score":274,"play_id":"868b1093-96c5-475e-8e8b-f69d4c181bc8","local_time":"20190802101045","is_ascension_mode":false,"campfire_choices":[{"floor":7.0,"key":"REST"},{"floor":12.0,"key":"REST"},{"data":"Anger","floor":15.0,"key":"SMITH"},{"data":"Armaments","floor":23,"key":"SMITH"},{"floor":25,"key":"REST"},{"data":"Searing Blow","floor":27,"key":"SMITH"},{"floor":32,"key":"REST"}],"neow_cost":"","seed_source_timestamp":0,"circlet_count":0,"master_deck":["Strike_R","Strike_R","Strike_R","Strike_R+1","Defend_R","Defend_R","Defend_R","Defend_R+1","Bash","Second Wind","Warcry+1","Iron Wave","Cleave","Shrug It Off","Iron Wave","Iron Wave","Anger+1","Armaments+1","Feed","Seeing Red","Armaments+1","Anger+1","Armaments+1","Searing Blow+1","Combust","Pummel","Panacea","Anger","Thunderclap"],"special_seed":0,"relics":["Burning Blood","Bag of Preparation","StoneCalendar","Tiny House","Centennial Puzzle","Bottled Tornado"],"potions_floor_usage":[24,31],"damage_taken":[{"damage":4.0,"enemies":"Cultist","floor":1.0,"turns":4.0},{"damage":10.0,"enemies":"Small Slimes","floor":2.0,"turns":3.0},{"damage":13.0,"enemies":"Jaw Worm","floor":4.0,"turns":3.0},{"damage":5.0,"enemies":"Lots of Slimes","floor":5.0,"turns":3.0},{"damage":47.0,"enemies":"Lagavulin","floor":6.0,"turns":11.0},{"damage":4.0,"enemies":"Blue Slaver","floor":8.0,"turns":5.0},{"damage":13.0,"enemies":"Exordium Thugs","floor":11.0,"turns":6.0},{"damage":53.0,"enemies":"The Guardian","floor":16.0,"turns":14.0},{"damage":11,"enemies":"2 Thieves","floor":18,"turns":4},{"damage":15,"enemies":"3 Byrds","floor":20,"turns":7},{"damage":30,"enemies":"Centurion and Healer","floor":22,"turns":6},{"damage":46,"enemies":"Chosen and Byrds","floor":24,"turns":7},{"damage":26,"enemies":"Shelled Parasite and Fungi","floor":30,"turns":7},{"damage":19,"enemies":"3 Cultists","floor":31,"turns":5},{"damage":96,"enemies":"Champ","floor":33,"turns":9}],"seed_played":"-1475912080178661212","potions_obtained":[{"floor":5.0,"key":"EssenceOfSteel"},{"floor":11.0,"key":"Regen Potion"},{"floor":16.0,"key":"Weak Potion"},{"floor":17,"key":"BloodPotion"},{"floor":22,"key":"PowerPotion"},{"floor":30,"key":"SpeedPotion"}],"is_trial":false,"path_per_floor":["M","M","$","M","M","E","R","M","T","?","M","R","?","?","R","B",null,"M","?","M","?","M","R","M","R","T","R","$","T","M","M","R","B"],"character_chosen":"IRONCLAD","items_purchased":["Iron Wave","Cleave","Pummel","Panacea"],"campfire_rested":4,"item_purchase_floors":[3,3,28,28],"current_hp_per_floor":[80,76,76,69,70,29,53,55,55,39,32,56,56,76,76,29,85,83,83,78,78,57,57,40,68,68,68,68,68,48,49,77,0],"gold":146,"neow_bonus":"","is_prod":false,"is_daily":false,"chose_seed":false,"campfire_upgraded":3,"win_rate":0.0,"timestamp":1564733445,"path_taken":["M","M","?","M","M","E","R","M","T","?","M","R","?","?","R","BOSS","M","?","?","?","M","R","M","R","T","R","$","?","M","M","R","BOSS"],"build_version":"2019-07-17","purchased_purges":1,"victory":false,"max_hp_per_floor":[80,80,80,80,80,80,80,80,80,80,80,80,80,80,80,80,85,88,88,92,92,95,95,95,95,95,95,95,95,95,95,95,95],"card_choices":[{"not_picked":["Twin Strike","Body Slam"],"picked":"Second Wind","floor":1.0},{"not_picked":["Fire Breathing","Metallicize"],"picked":"Warcry","floor":2.0},{"not_picked":["Perfected Strike","Disarm"],"picked":"Shrug It Off","floor":4.0},{"not_picked":["Shrug It Off","Flex"],"picked":"Iron Wave","floor":5.0},{"not_picked":["Headbutt","Warcry"],"picked":"Iron Wave","floor":6.0},{"not_picked":["Dual Wield","Brutality"],"picked":"Anger","floor":8.0},{"not_picked":["Clash","Sword Boomerang"],"picked":"Armaments","floor":11.0},{"not_picked":["Brutality","Berserk"],"picked":"Feed","floor":16.0},{"not_picked":["Headbutt","Armaments"],"picked":"Seeing Red","floor":17},{"not_picked":["Brutality","Clash"],"picked":"Armaments","floor":18},{"not_picked":["Twin Strike","Clothesline+1"],"picked":"Anger+1","floor":20},{"not_picked":["Thunderclap","Flex+1"],"picked":"Searing Blow","floor":22},{"not_picked":["Clash","Fire Breathing"],"picked":"Combust","floor":24},{"not_picked":["Thunderclap","Clash"],"picked":"Anger","floor":30},{"not_picked":["Entrench","Clothesline"],"picked":"Thunderclap","floor":31}],"player_experience":0,"relics_obtained":[{"floor":6.0,"key":"Bag of Preparation"},{"floor":9.0,"key":"StoneCalendar"},{"floor":26,"key":"Centennial Puzzle"},{"floor":29,"key":"Bottled Tornado"}],"event_choices":[{"damage_healed":0.0,"max_hp_gain":0.0,"max_hp_loss":0.0,"gold_gain":0.0,"event_name":"Shining Light","player_choice":"Entered Light","floor":10.0,"gold_loss":0.0,"damage_taken":16.0,"cards_upgraded":["Warcry","Strike_R"]},{"damage_healed":0.0,"max_hp_gain":0.0,"max_hp_loss":0.0,"gold_gain":0.0,"event_name":"Golden Idol","player_choice":"Ignored","floor":13.0,"gold_loss":0.0,"damage_taken":0.0},{"damage_healed":20.0,"max_hp_gain":0.0,"max_hp_loss":0.0,"gold_gain":0.0,"event_name":"The Cleric","player_choice":"Healed","floor":14.0,"gold_loss":35.0,"damage_taken":0.0},{"damage_healed":0,"gold_gain":0,"player_choice":"Upgraded","damage_taken":0,"max_hp_gain":0,"max_hp_loss":0,"event_name":"Upgrade Shrine","floor":19,"gold_loss":0,"cards_upgraded":["Armaments"]},{"damage_healed":0,"gold_gain":0,"player_choice":"Copied","damage_taken":0,"max_hp_gain":0,"max_hp_loss":0,"event_name":"Duplicator","floor":21,"gold_loss":0,"cards_obtained":["Armaments"]}],"is_beta":false,"boss_relics":[{"not_picked":["Fusion Hammer","Lizard Tail"],"picked":"Tiny House"}],"items_purged_floors":[28],"is_endless":false,"potions_floor_spawned":[5,11,16,18,22,30],"killed_by":"Champ","ascension_level":0}