{"gold_per_floor":[111,111,126,126,2,2,2,2,72,147,159,7,33,45,45,147,147,164,114,133,145,179,179,213,213,213,213,213,243,243,269,269,269],"floor_reached":33,"playtime":1799,"items_purged":["Barricade","Regret"],"score":399,"play_id":"9b4b4c62-4caa-4420-acc1-c8e56710ca96","local_time":"20190725022002","is_ascension_mode":true,"campfire_choices":[{"data":"Pommel Strike","floor":6,"key":"SMITH"},{"data":"Seeing Red","floor":8,"key":"SMITH"},{"floor":15,"key":"REST"},{"data":"Immolate","floor":23,"key":"SMITH"},{"floor":28,"key":"REST"},{"floor":32,"key":"REST"}],"neow_cost":"NONE","seed_source_timestamp":1221899259496200,"circlet_count":0,"master_deck":["Defend_R","Defend_R","Defend_R","Bash","Pommel Strike+1","Seeing Red+1","Uppercut","Flex","Rage","Intimidate","Immolate+1","Cleave+1","Armaments+1","Spot Weakness+1","Cleave","Ghostly Armor","RitualDagger","Writhe","Rampage+1","Thunderclap+1","Bite","Bite","Bite","Bite","Bite","Dual Wield+1","Cleave+1"],"relics":["Burning Blood","Ice Cream","Oddly Smooth Stone","Question Card","Red Skull","Empty Cage","Red Mask","Dream Catcher","Toxic Egg 2","Dodecahedron","Regal Pillow","Sundial"],"potions_floor_usage":[13,13,16,20,21,24,29,33],"damage_taken":[{"damage":2,"enemies":"2 Louse","floor":1,"turns":2},{"damage":26,"enemies":"Jaw Worm","floor":3,"turns":4},{"damage":3,"enemies":"Small Slimes","floor":11,"turns":3},{"damage":32,"enemies":"3 Sentries","floor":13,"turns":6},{"damage":0,"enemies":"2 Fungi Beasts","floor":14,"turns":2},{"damage":39,"enemies":"Slime Boss","floor":16,"turns":8},{"damage":30,"enemies":"2 Thieves","floor":18,"turns":4},{"damage":2,"enemies":"Chosen","floor":20,"turns":4},{"damage":3,"enemies":"Snecko","floor":21,"turns":4},{"damage":19,"enemies":"Masked Bandits","floor":22,"turns":4},{"damage":44,"enemies":"Book of Stabbing","floor":24,"turns":5},{"damage":23,"enemies":"Slavers","floor":29,"turns":4},{"damage":19,"enemies":"Gremlin Leader","floor":31,"turns":5},{"damage":76,"enemies":"Collector","floor":33,"turns":7}],"seed_played":"-5733076628481594340","potions_obtained":[{"floor":3,"key":"LiquidBronze"},{"floor":14,"key":"GamblersBrew"},{"floor":16,"key":"Strength Potion"},{"floor":20,"key":"AttackPotion"},{"floor":22,"key":"BloodPotion"},{"floor":24,"key":"EssenceOfSteel"},{"floor":31,"key":"EssenceOfSteel"}],"is_trial":false,"path_per_floor":["M","?","M","T","$","R","?","R","T","?","M","$","E","M","R","B",null,"M","?","M","M","?","R","E","?","T","?","R","E","?","E","R","B"],"character_chosen":"IRONCLAD","items_purchased":["SteroidPotion","Flex"],"campfire_rested":3,"item_purchase_floors":[5,12],"current_hp_per_floor":[88,88,68,68,68,68,68,68,68,60,63,63,37,43,69,36,75,51,51,55,58,45,45,29,23,23,23,49,32,32,29,61,0],"gold":269,"neow_bonus":"TEN_PERCENT_HP_BONUS","is_prod":false,"is_daily":false,"chose_seed":false,"campfire_upgraded":3,"win_rate":0,"timestamp":1564039202,"path_taken":["M","?","M","?","$","R","?","R","T","?","?","$","E","M","R","BOSS","M","?","?","M","?","R","E","?","T","?","R","E","?","E","R","BOSS"],"build_version":"2019-07-17","purchased_purges":2,"victory":false,"max_hp_per_floor":[88,88,88,88,88,88,88,88,88,88,88,88,88,88,88,88,88,88,88,88,88,88,88,88,88,88,88,88,88,61,61,61,61],"card_choices":[{"not_picked":["Shrug It Off","Clothesline"],"picked":"Pommel Strike","floor":1},{"not_picked":["True Grit","Searing Blow"],"picked":"Seeing Red","floor":3},{"not_picked":["Corruption","Blood for Blood","Shrug It Off"],"picked":"Uppercut","floor":11},{"not_picked":["Body Slam","Uppercut","Warcry"],"picked":"Rage","floor":13},{"not_picked":["Rage","Combust","Blood for Blood"],"picked":"Intimidate","floor":14},{"not_picked":["Reaper","Berserk","Bludgeon"],"picked":"Immolate","floor":16},{"not_picked":["Thunderclap+1","Blood for Blood","Sword Boomerang"],"picked":"Cleave+1","floor":18},{"not_picked":["Perfected Strike","Disarm","Hemokinesis"],"picked":"Armaments+1","floor":20},{"not_picked":["Shrug It Off","Heavy Blade","Sword Boomerang"],"picked":"Spot Weakness+1","floor":21},{"not_picked":["Fiend Fire","Thunderclap","Metallicize"],"picked":"Cleave","floor":22},{"not_picked":["Demon Form","True Grit","Hemokinesis"],"picked":"Ghostly Armor","floor":24},{"not_picked":["Ghostly Armor+1","Havoc+1","Metallicize+1"],"picked":"Rampage+1","floor":28},{"not_picked":["Rupture","Spot Weakness+1","Combust"],"picked":"Thunderclap+1","floor":29},{"not_picked":["Evolve","Thunderclap","Anger"],"picked":"Dual Wield+1","floor":31},{"not_picked":["True Grit+1","Warcry+1","Body Slam+1"],"picked":"Cleave+1","floor":32}],"player_experience":146254,"relics_obtained":[{"floor":4,"key":"Ice Cream"},{"floor":9,"key":"Question Card"},{"floor":13,"key":"Red Skull"},{"floor":22,"key":"Red Mask"},{"floor":24,"key":"Dream Catcher"},{"floor":26,"key":"Toxic Egg 2"},{"floor":29,"key":"Regal Pillow"},{"floor":31,"key":"Sundial"}],"event_choices":[{"damage_healed":0,"gold_gain":0,"cards_transformed":["Strike_R"],"player_choice":"Change","damage_taken":0,"max_hp_gain":0,"max_hp_loss":0,"event_name":"Living Wall","floor":2,"gold_loss":0,"cards_obtained":["Barricade"]},{"damage_healed":0,"gold_gain":0,"player_choice":"Box","damage_taken":0,"relics_obtained":["Oddly Smooth Stone"],"max_hp_gain":0,"max_hp_loss":0,"event_name":"Big Fish","floor":7,"gold_loss":0,"cards_obtained":["Regret"]},{"damage_healed":0,"gold_gain":75,"player_choice":"Touch","damage_taken":8,"max_hp_gain":0,"max_hp_loss":0,"event_name":"FaceTrader","floor":10,"gold_loss":0},{"damage_healed":0,"gold_gain":0,"player_choice":"Bet on Murderer","damage_taken":0,"max_hp_gain":0,"max_hp_loss":0,"event_name":"The Joust","floor":19,"gold_loss":50},{"damage_healed":0,"gold_gain":0,"player_choice":"Fought Bandits","damage_taken":0,"max_hp_gain":0,"max_hp_loss":0,"event_name":"Masked Bandits","floor":22,"gold_loss":0},{"damage_healed":0,"gold_gain":0,"player_choice":"Joined the Cult","damage_taken":6,"max_hp_gain":0,"max_hp_loss":0,"event_name":"Nest","floor":25,"gold_loss":0,"cards_obtained":["RitualDagger"]},{"damage_healed":0,"gold_gain":0,"player_choice":"Opened","damage_taken":0,"relics_obtained":["Dodecahedron"],"max_hp_gain":0,"max_hp_loss":0,"event_name":"The Mausoleum","floor":27,"gold_loss":0,"cards_obtained":["Writhe"]},{"damage_healed":0,"gold_gain":0,"player_choice":"Became a vampire","damage_taken":0,"max_hp_gain":0,"max_hp_loss":27,"event_name":"Vampires","floor":30,"gold_loss":0,"cards_obtained":["Bite","Bite","Bite","Bite","Bite"]}],"is_beta":false,"boss_relics":[{"not_picked":["Coffee Dripper","Runic Pyramid"],"picked":"Empty Cage"}],"items_purged_floors":[5,12],"is_endless":false,"potions_floor_spawned":[3,14,16,20,22,24,31],"killed_by":"Collector","ascension_level":5}