{"gold_per_floor":[111,111,131,142,157,157,31,58,58,93,103,103],"floor_reached":12,"playtime":998,"items_purged":[],"score":90,"play_id":"f912a570-fb0d-4574-8c29-04cb1e126bb5","local_time":"20190730231116","is_ascension_mode":false,"campfire_choices":[{"data":"Redo","floor":6,"key":"SMITH"}],"neow_cost":"NONE","seed_source_timestamp":428848027783400,"circlet_count":0,"master_deck":["Strike_B","Strike_B","Strike_B","Strike_B","Defend_B","Defend_B","Defend_B","Defend_B","Zap","Dualcast","Ball Lightning","Redo+1","Steam","Sweeping Beam","Leap","Streamline","Fusion","Gash","Gash"],"relics":["Cracked Core","Peace Pipe","Nunchaku","Calipers"],"potions_floor_usage":[4,4,4,4,5,5,8,8,10,11],"damage_taken":[{"damage":1,"enemies":"2 Louse","floor":1,"turns":2},{"damage":1,"enemies":"Cultist","floor":3,"turns":3},{"damage":0,"enemies":"Jaw Worm","floor":4,"turns":2},{"damage":24,"enemies":"Gremlin Gang","floor":5,"turns":5},{"damage":22,"enemies":"Gremlin Nob","floor":8,"turns":4},{"damage":23,"enemies":"Lagavulin","floor":10,"turns":5},{"damage":8,"enemies":"Red Slaver","floor":11,"turns":2},{"damage":12,"enemies":"Exordium Thugs","floor":12,"turns":1}],"seed_played":"-8036730345777361988","potions_obtained":[{"floor":0,"key":"EssenceOfSteel"},{"floor":0,"key":"Poison Potion"},{"floor":0,"key":"EntropicBrew"},{"floor":5,"key":"Regen Potion"},{"floor":8,"key":"EssenceOfSteel"},{"floor":10,"key":"Strength Potion"}],"is_trial":false,"path_per_floor":["M","?","M","M","M","R","$","E","T","E","M","M"],"character_chosen":"DEFECT","items_purchased":["Leap","Energy Potion","Streamline"],"campfire_rested":0,"item_purchase_floors":[7,7,7],"current_hp_per_floor":[74,74,73,73,49,49,49,36,36,13,5,0],"gold":103,"neow_bonus":"THREE_SMALL_POTIONS","is_prod":false,"is_daily":false,"chose_seed":false,"campfire_upgraded":1,"win_rate":0,"timestamp":1564546276,"path_taken":["M","?","M","M","M","R","$","E","T","E","M","M"],"build_version":"2019-07-17","purchased_purges":0,"victory":false,"max_hp_per_floor":[75,75,75,75,75,75,75,75,75,75,75,75],"card_choices":[{"not_picked":["Undo","Consume"],"picked":"Ball Lightning","floor":1},{"not_picked":["Genetic Algorithm","Auto Shields"],"picked":"Redo","floor":3},{"not_picked":["Force Field","Ball Lightning"],"picked":"Steam","floor":4},{"not_picked":["Biased Cognition","Barrage"],"picked":"Sweeping Beam","floor":5},{"not_picked":["Rebound","Ball Lightning"],"picked":"Fusion","floor":8},{"not_picked":["Stack","Streamline"],"picked":"Gash","floor":10},{"not_picked":["Fusion","Compile Driver"],"picked":"Gash","floor":11}],"player_experience":198143,"relics_obtained":[{"floor":8,"key":"Peace Pipe"},{"floor":9,"key":"Nunchaku"},{"floor":10,"key":"Calipers"}],"event_choices":[{"damage_healed":0,"gold_gain":0,"player_choice":"Bought 0 Potions","damage_taken":0,"max_hp_gain":0,"max_hp_loss":0,"event_name":"The Woman in Blue","floor":2,"gold_loss":0}],"is_beta":false,"boss_relics":[],"items_purged_floors":[],"is_endless":false,"potions_floor_spawned":[5,8,10],"killed_by":"Exordium Thugs","ascension_level":0}