{"gold_per_floor":[115,134,146,146,166,166,197,197,221,186,233,233,264,108,108,108],"floor_reached":16,"playtime":715,"items_purged":["Injury"],"score":119,"play_id":"f86380b5-7c63-424b-b2a4-25fa3ed68af2","local_time":"20181124164227","is_ascension_mode":true,"campfire_choices":[{"floor":6,"key":"RECALL"},{"floor":8,"key":"REST"},{"data":"Power Through","floor":12,"key":"SMITH"},{"floor":15,"key":"REST"}],"neow_cost":"NONE","seed_source_timestamp":103098306742450,"circlet_count":0,"master_deck":["Strike_R","Strike_R","Strike_R","Strike_R","Strike_R","Defend_R","Defend_R","Defend_R","Defend_R","Bash","Body Slam","Body Slam","Seeing Red","Seeing Red","Power Through+1","Evolve","Metallicize"],"relics":["Burning Blood","NeowsBlessing","Golden Idol","Bronze Scales","Regal Pillow","Juzu Bracelet"],"potions_floor_usage":[7,7],"damage_taken":[{"damage":0,"enemies":"Jaw Worm","floor":1,"turns":1},{"damage":0,"enemies":"2 Louse","floor":2,"turns":1},{"damage":0,"enemies":"Small Slimes","floor":3,"turns":1},{"damage":4,"enemies":"Exordium Wildlife","floor":5,"turns":3},{"damage":101,"enemies":"Lagavulin","floor":7,"turns":12},{"damage":37,"enemies":"Gremlin Nob","floor":13,"turns":5},{"damage":51,"enemies":"Slime Boss","floor":16,"turns":10}],"seed_played":"3530706670442666618","potions_obtained":[{"floor":1,"key":"Regen Potion"},{"floor":5,"key":"BloodPotion"}],"is_trial":false,"path_per_floor":["M","M","M","?","M","R","E","R","T","?","T","R","E","$","R","B"],"character_chosen":"IRONCLAD","items_purchased":["Metallicize"],"campfire_rested":2,"item_purchase_floors":[14],"current_hp_per_floor":[80,80,80,80,80,80,8,32,32,52,52,52,21,21,60,9],"gold":108,"neow_bonus":"THREE_ENEMY_KILL","is_prod":false,"is_daily":false,"chose_seed":false,"campfire_upgraded":1,"win_rate":0,"timestamp":1543095747,"path_taken":["M","M","M","?","M","R","E","R","T","?","?","R","E","$","R","BOSS"],"build_version":"2018-11-15","purchased_purges":1,"victory":false,"max_hp_per_floor":[80,80,80,80,80,80,80,80,80,80,80,80,80,80,80,80],"card_choices":[{"not_picked":["Evolve","Sever Soul"],"picked":"Body Slam","floor":1},{"not_picked":["Intimidate","Sword Boomerang"],"picked":"Body Slam","floor":2},{"not_picked":["Wild Strike","Flex"],"picked":"Seeing Red","floor":3},{"not_picked":["Heavy Blade","Warcry"],"picked":"Seeing Red","floor":5},{"not_picked":["Fiend Fire","Shrug It Off"],"picked":"Power Through","floor":7},{"not_picked":["Fire Breathing","Sentinel"],"picked":"Evolve","floor":13}],"player_experience":366160,"relics_obtained":[{"floor":7,"key":"Bronze Scales"},{"floor":11,"key":"Regal Pillow"},{"floor":13,"key":"Juzu Bracelet"}],"event_choices":[{"damage_healed":0,"gold_gain":0,"player_choice":"Take Wound","damage_taken":0,"relics_obtained":["Golden Idol"],"max_hp_gain":0,"max_hp_loss":0,"event_name":"Golden Idol","floor":4,"gold_loss":0,"cards_obtained":["Injury"]},{"damage_healed":20,"gold_gain":0,"player_choice":"Healed","damage_taken":0,"max_hp_gain":0,"max_hp_loss":0,"event_name":"The Cleric","floor":10,"gold_loss":35}],"is_beta":false,"boss_relics":[],"items_purged_floors":[14],"is_endless":false,"potions_floor_spawned":[1,5],"killed_by":"Slime Boss","ascension_level":2}