{"gold_per_floor":[368,378,378,378,303,303,303,330,384,384,403,9,68,68,68,147,197,211,70,80,90,90,109,109,137,161,161,177,40,40,58,58,130,130,145,45,64,76,96,96,96,96,96,96,131,143,172,188,188,188],"floor_reached":50,"playtime":1988,"items_purged":["Strike_B","Defend_B"],"score":1190,"play_id":"ff176ece-0844-4864-b7b1-20996c42c18e","local_time":"20190524180322","is_ascension_mode":true,"campfire_choices":[{"data":"Chaos","floor":6.0,"key":"SMITH"},{"data":"Zap","floor":10.0,"key":"SMITH"},{"data":"Buffer","floor":15.0,"key":"SMITH"},{"data":"Darkness","floor":24.0,"key":"SMITH"},{"data":"Coolheaded","floor":30.0,"key":"SMITH"},{"data":"Dualcast","floor":32.0,"key":"SMITH"},{"data":"Skim","floor":40.0,"key":"SMITH"},{"data":"Panacea","floor":42.0,"key":"SMITH"},{"floor":49.0,"key":"RECALL"}],"neow_cost":"PERCENT_DAMAGE","seed_source_timestamp":56176862309831,"circlet_count":0,"master_deck":["AscendersBane","Defend_B","Defend_B","Defend_B","Zap+1","Dualcast+1","Chaos+1","Turbo+1","Buffer+1","Echo Form","Ball Lightning","Defragment+1","Meteor Strike","Reinforced Body+1","Coolheaded+1","Self Repair+1","Darkness+1","Undo","Conserve Battery+1","Defragment+1","Panacea+1","Ball Lightning+1","All For One","Turbo+1","Capacitor+1","Skim+1","White Noise","Creative AI+1","Recycle"],"special_seed":0,"relics":["Cracked Core","Singing Bowl","Strawberry","Frozen Egg 2","Orichalcum","Vajra","Tiny House","Lantern","Blood Vial","Inserter","Letter Opener","PreservedInsect"],"potions_floor_usage":[],"damage_taken":[{"damage":7.0,"enemies":"Jaw Worm","floor":1.0,"turns":4.0},{"damage":3.0,"enemies":"2 Louse","floor":2.0,"turns":3.0},{"damage":48.0,"enemies":"Gremlin Nob","floor":8.0,"turns":5.0},{"damage":0.0,"enemies":"Small Slimes","floor":11.0,"turns":5.0},{"damage":0.0,"enemies":"3 Sentries","floor":13.0,"turns":11.0},{"damage":0.0,"enemies":"The Guardian","floor":16.0,"turns":10.0},{"damage":0.0,"enemies":"Chosen","floor":18.0,"turns":5.0},{"damage":11.0,"enemies":"3 Byrds","floor":20.0,"turns":5.0},{"damage":24.0,"enemies":"Sentry and Sphere","floor":21.0,"turns":9.0},{"damage":13.0,"enemies":"Centurion and Healer","floor":23.0,"turns":10.0},{"damage":11.0,"enemies":"Gremlin Leader","floor":25.0,"turns":8.0},{"damage":23.0,"enemies":"Shelled Parasite and Fungi","floor":28.0,"turns":7.0},{"damage":18.0,"enemies":"Cultist and Chosen","floor":31.0,"turns":7.0},{"damage":49.0,"enemies":"Automaton","floor":33.0,"turns":12.0},{"damage":63.0,"enemies":"3 Darklings","floor":35.0,"turns":6.0},{"damage":5.0,"enemies":"3 Shapes","floor":37.0,"turns":6.0},{"damage":33.0,"enemies":"Spire Growth","floor":38.0,"turns":5.0},{"damage":23.0,"enemies":"4 Shapes","floor":39.0,"turns":6.0},{"damage":35.0,"enemies":"Reptomancer","floor":45.0,"turns":7.0},{"damage":41.0,"enemies":"Transient","floor":46.0,"turns":6.0},{"damage":0.0,"enemies":"Nemesis","floor":47.0,"turns":9.0},{"damage":12.0,"enemies":"Sphere and 2 Shapes","floor":48.0,"turns":7.0},{"damage":57,"enemies":"Awakened One","floor":50,"turns":8}],"seed_played":"-6302787364020077738","potions_obtained":[{"floor":1.0,"key":"GamblersBrew"},{"floor":11.0,"key":"SkillPotion"},{"floor":17.0,"key":"Fire Potion"},{"floor":20.0,"key":"FearPotion"},{"floor":21.0,"key":"EssenceOfSteel"},{"floor":23.0,"key":"AttackPotion"},{"floor":31.0,"key":"Poison Potion"},{"floor":38.0,"key":"Poison Potion"},{"floor":44.0,"key":"Weak Potion"},{"floor":44.0,"key":"EntropicBrew"},{"floor":46.0,"key":"Swift Potion"},{"floor":47.0,"key":"FearPotion"}],"is_trial":false,"path_per_floor":["M","M","?","?","?","R","?","E","T","R","M","$","?","T","R","B",null,"M","$","M","M","?","M","R","E","T","?","M","$","R","M","R","B",null,"M","$","M","M","M","R","?","R","T","?","E","M","E","M","R","B"],"character_chosen":"DEFECT","items_purchased":["Ball Lightning","Frozen Egg 2","Coolheaded","Self Repair+1","Defragment+1","Panacea"],"campfire_rested":0,"item_purchase_floors":[12,12,19,19,29,29],"current_hp_per_floor":[39,36,59,59,59,59,52,4,11,11,13,13,13,13,13,13,70,70,70,69,55,55,54,54,53,53,53,54,54,54,48,48,11,71,30,30,37,26,25,25,75,75,75,75,50,23,45,57,57,2],"gold":188,"neow_bonus":"TWO_FIFTY_GOLD","is_prod":false,"is_daily":false,"chose_seed":false,"campfire_upgraded":8,"win_rate":0,"timestamp":1558692202,"path_taken":["M","M","?","?","?","R","?","E","T","R","?","$","?","?","R","BOSS","M","$","M","M","?","M","R","E","T","?","M","?","R","M","R","BOSS","M","$","M","M","M","R","?","R","T","?","E","M","E","M","R","BOSS"],"build_version":"2019-01-23","purchased_purges":2,"victory":false,"max_hp_per_floor":[71,71,71,71,71,71,71,71,78,78,80,80,80,80,80,80,87,87,87,87,87,87,89,89,89,89,89,91,91,91,91,91,91,91,91,91,91,91,91,91,75,75,75,75,75,77,77,79,79,79],"card_choices":[{"not_picked":["Barrage","Steam Power"],"picked":"Chaos","floor":1.0},{"not_picked":["Doom and Gloom","Coolheaded"],"picked":"Turbo","floor":2.0},{"not_picked":["Leap","BootSequence"],"picked":"Echo Form","floor":8.0},{"not_picked":["Redo","Sweeping Beam","Stack"],"picked":"Singing Bowl","floor":11.0},{"not_picked":["Hologram","Go for the Eyes"],"picked":"Defragment+1","floor":13.0},{"not_picked":["Hyperbeam","Thunder Strike"],"picked":"Meteor Strike","floor":16.0},{"not_picked":["Leap","Steam","Barrage"],"picked":"Singing Bowl","floor":17.0},{"not_picked":["Beam Cell","FTL"],"picked":"Reinforced Body+1","floor":18.0},{"not_picked":["Turbo","Stack"],"picked":"Darkness","floor":20.0},{"not_picked":["Compile Driver","Hologram"],"picked":"Undo","floor":21.0},{"not_picked":["Rip and Tear","Go for the Eyes","Redo"],"picked":"Singing Bowl","floor":23.0},{"not_picked":["Machine Learning+1","Hologram"],"picked":"Conserve Battery+1","floor":25.0},{"not_picked":["Steam Power","Barrage","Reprogram"],"picked":"Singing Bowl","floor":28.0},{"not_picked":["Hologram","Self Repair+1"],"picked":"Ball Lightning+1","floor":31.0},{"not_picked":["Hyperbeam","Creative AI+1"],"picked":"All For One","floor":33.0},{"not_picked":["Leap","Auto Shields+1"],"picked":"Turbo+1","floor":35.0},{"not_picked":["Beam Cell","Redo"],"picked":"Capacitor+1","floor":37.0},{"not_picked":["Go for the Eyes","Hello World+1"],"picked":"Skim","floor":38.0},{"not_picked":["Streamline","Go for the Eyes"],"picked":"White Noise","floor":39.0},{"not_picked":["Hologram","Conserve Battery"],"picked":"Creative AI+1","floor":45.0},{"not_picked":["Undo","Capacitor+1","Rebound"],"picked":"Singing Bowl","floor":46.0},{"not_picked":["Defragment+1","Redo+1"],"picked":"Recycle","floor":47.0},{"not_picked":["Ball Lightning+1","Blizzard","Steam"],"picked":"Singing Bowl","floor":48.0}],"player_experience":1758122,"relics_obtained":[{"floor":8.0,"key":"Singing Bowl"},{"floor":9.0,"key":"Strawberry"},{"floor":13.0,"key":"Orichalcum"},{"floor":14.0,"key":"Vajra"},{"floor":25.0,"key":"Lantern"},{"floor":26.0,"key":"Blood Vial"},{"floor":45.0,"key":"Letter Opener"},{"floor":47.0,"key":"PreservedInsect"}],"event_choices":[{"damage_healed":23.0,"max_hp_gain":0.0,"max_hp_loss":0.0,"gold_gain":0.0,"event_name":"Big Fish","player_choice":"Banana","floor":3.0,"gold_loss":0.0,"damage_taken":0.0},{"damage_healed":0.0,"max_hp_gain":0.0,"max_hp_loss":0.0,"gold_gain":0.0,"cards_transformed":["Strike_B"],"event_name":"Living Wall","player_choice":"Change","floor":4.0,"gold_loss":0.0,"damage_taken":0.0,"cards_obtained":["Buffer"]},{"cards_removed":["Strike_B"],"damage_healed":0.0,"max_hp_gain":0.0,"max_hp_loss":0.0,"gold_gain":0.0,"event_name":"The Cleric","player_choice":"Card Removal","floor":5.0,"gold_loss":75.0,"damage_taken":0.0},{"cards_removed":["Strike_B"],"damage_healed":0.0,"max_hp_gain":0.0,"max_hp_loss":0.0,"gold_gain":0.0,"event_name":"Golden Wing","player_choice":"Card Removal","floor":7.0,"gold_loss":0.0,"damage_taken":7.0},{"damage_healed":0.0,"max_hp_gain":0.0,"max_hp_loss":0.0,"gold_gain":0.0,"event_name":"Dead Adventurer","player_choice":"Searched \u00271\u0027 times","floor":13.0,"gold_loss":0.0,"damage_taken":0.0},{"damage_healed":0.0,"max_hp_gain":0.0,"max_hp_loss":0.0,"gold_gain":0.0,"event_name":"The Mausoleum","player_choice":"Ignored","floor":22.0,"gold_loss":0.0,"damage_taken":0.0},{"damage_healed":0.0,"max_hp_gain":0.0,"max_hp_loss":0.0,"gold_gain":0.0,"event_name":"Vampires","player_choice":"Ignored","floor":27.0,"gold_loss":0.0,"damage_taken":0.0},{"damage_healed":75.0,"max_hp_gain":0.0,"max_hp_loss":16.0,"gold_gain":0.0,"event_name":"The Moai Head","player_choice":"Heal","floor":41.0,"gold_loss":0.0,"damage_taken":0.0},{"damage_healed":0.0,"max_hp_gain":0.0,"max_hp_loss":0.0,"gold_gain":0.0,"event_name":"Lab","player_choice":"Got Potions","floor":44.0,"gold_loss":0.0,"damage_taken":0.0}],"is_beta":false,"boss_relics":[{"not_picked":["Calling Bell","Eternal Feather"],"picked":"Tiny House"},{"not_picked":["Velvet Choker","Fusion Hammer"],"picked":"Inserter"}],"items_purged_floors":[12,36],"is_endless":false,"potions_floor_spawned":[1,11,20,21,23,31,38,46,47],"killed_by":"Awakened One","ascension_level":20}