{"gold_per_floor":[115,115,129,154,174,204,218,71,96,96,116,146,146,146,146,248,248,259,279,202,227,24,24,55,55,55,55,82,135,135,150,150,254,254,274,496,496,510,18,18,32,32,32,32,46,56,67,83,83,83],"floor_reached":51,"playtime":7045,"items_purged":["Regret","Writhe"],"score":695,"play_id":"33abb121-017e-495f-9b8d-97d512c78133","local_time":"20180723165722","is_ascension_mode":false,"campfire_choices":[{"data":"Flame Barrier","floor":10,"key":"SMITH"},{"data":"Barricade","floor":13,"key":"SMITH"},{"data":"Heavy Blade","floor":15,"key":"SMITH"},{"floor":23,"key":"REST"},{"data":"Double Tap","floor":25,"key":"SMITH"},{"floor":27,"key":"REST"},{"floor":32,"key":"REST"},{"data":"1","floor":40,"key":"LIFT"},{"data":"Flex","floor":42,"key":"SMITH"},{"data":"2","floor":44,"key":"LIFT"},{"data":"3","floor":49,"key":"LIFT"}],"neow_cost":"NONE","seed_source_timestamp":161107032819340,"circlet_count":0,"master_deck":["Strike_R","Strike_R+1","Strike_R+1","Strike_R","Defend_R","Defend_R","Defend_R","Defend_R","Bash","Pommel Strike","Anger","Pommel Strike","Shockwave","Cleave","Flame Barrier+1","Heavy Blade+1","Barricade+1","Double Tap+1","Armaments+1","Spot Weakness+1","J.A.X.","Power Through","Bandage Up","Flame Barrier","Iron Wave+1","Injury","Body Slam","Double Tap","Perfected Strike+1","Madness","Madness","Flex+1","Transmutation","Evolve","Armaments+1"],"relics":["Burning Blood","Gremlin Horn","Whetstone","Omamori","Vajra","Lantern","Calling Bell","Bag of Preparation","Question Card","Gambling Chip","Red Mask","Happy Flower","Kunai","Oddly Smooth Stone","Ancient Tea Set","Coffee Dripper","Girya","Bag of Marbles"],"potions_floor_usage":[6,12,12,28,28,33,47,50,50],"damage_taken":[{"damage":3,"enemies":"Jaw Worm","floor":1,"turns":4},{"damage":3,"enemies":"2 Louse","floor":3,"turns":2},{"damage":8,"enemies":"Small Slimes","floor":5,"turns":3},{"damage":21,"enemies":"Gremlin Nob","floor":6,"turns":4},{"damage":5,"enemies":"Looter","floor":7,"turns":3},{"damage":8,"enemies":"Large Slime","floor":11,"turns":2},{"damage":9,"enemies":"3 Sentries","floor":12,"turns":5},{"damage":30,"enemies":"The Guardian","floor":16,"turns":15},{"damage":25,"enemies":"Shell Parasite","floor":18,"turns":5},{"damage":16,"enemies":"Spheric Guardian","floor":19,"turns":5},{"damage":5,"floor":21,"turns":3},{"damage":39,"enemies":"Book of Stabbing","floor":24,"turns":5},{"damage":39,"enemies":"Slavers","floor":28,"turns":7},{"damage":3,"enemies":"Snake Plant","floor":31,"turns":2},{"damage":20,"enemies":"Collector","floor":33,"turns":9},{"damage":0,"enemies":"3 Shapes","floor":35,"turns":2},{"damage":3,"enemies":"3 Darklings","floor":38,"turns":5},{"damage":3,"enemies":"Maw","floor":41,"turns":7},{"damage":0,"enemies":"Spire Growth","floor":45,"turns":2},{"damage":6,"enemies":"4 Shapes","floor":46,"turns":5},{"damage":7,"enemies":"3 Darklings","floor":47,"turns":3},{"damage":3,"enemies":"Flame Bruiser 2 Orb","floor":48,"turns":1},{"damage":69,"enemies":"Time Eater","floor":50,"turns":11}],"seed_played":"-7172168869159291152","potions_obtained":[{"floor":3,"key":"PowerPotion"},{"floor":7,"key":"AttackPotion"},{"floor":11,"key":"Strength Potion"},{"floor":19,"key":"GamblersBrew"},{"floor":24,"key":"Weak Potion"},{"floor":28,"key":"Fire Potion"},{"floor":35,"key":"LiquidBronze"},{"floor":38,"key":"AttackPotion"},{"floor":41,"key":"LiquidBronze"}],"is_trial":false,"path_per_floor":["M","?","M","T","M","E","M","$","T","R","M","E","R","?","R","B",null,"M","M","?","?","$","R","E","R","T","R","E","T","?","M","R","B",null,"M","?","?","M","$","R","M","R","T","R","M","M","M","M","R","B"],"character_chosen":"IRONCLAD","items_purchased":["Flame Barrier","Bandage Up","Girya","Transmutation"],"campfire_rested":3,"item_purchase_floors":[8,22,39,39],"current_hp_per_floor":[80,80,80,80,78,63,64,64,64,64,62,59,59,52,52,28,80,61,51,51,52,52,76,47,47,47,71,42,42,42,45,69,59,80,80,80,70,77,77,77,80,80,80,80,80,80,80,80,80,21],"gold":83,"neow_bonus":"THREE_CARDS","is_prod":false,"is_daily":false,"chose_seed":false,"campfire_upgraded":5,"win_rate":0,"timestamp":1532379442,"path_taken":["M","?","M","?","M","E","M","?","T","R","?","E","R","?","R","BOSS","M","M","?","?","$","R","E","R","T","R","E","?","?","M","R","BOSS","M","?","?","?","$","R","M","R","T","R","M","?","M","M","R","BOSS"],"build_version":"2018-07-19v2","purchased_purges":2,"victory":true,"max_hp_per_floor":[80,80,80,80,80,80,80,80,80,80,80,80,80,80,80,80,80,80,80,80,80,80,80,80,80,80,80,80,80,80,80,80,80,80,80,80,80,80,80,80,80,80,80,80,80,80,80,80,80,80],"card_choices":[{"not_picked":["Bloodletting","Intimidate"],"picked":"Pommel Strike","floor":0},{"not_picked":["Disarm","Havoc"],"picked":"Anger","floor":1},{"not_picked":["Clothesline","Shrug It Off"],"picked":"Pommel Strike","floor":3},{"not_picked":["Sever Soul","Clash"],"picked":"Shockwave","floor":5},{"not_picked":["Sword Boomerang","Pummel","Thunderclap"],"picked":"SKIP","floor":6},{"not_picked":["Twin Strike","True Grit"],"picked":"Cleave","floor":7},{"not_picked":["Clash","Clothesline"],"picked":"Heavy Blade","floor":11},{"not_picked":["Anger","Rupture"],"picked":"Barricade","floor":12},{"not_picked":["Feed","Berserk"],"picked":"Double Tap","floor":16},{"not_picked":["Sever Soul","Rage+1","Twin Strike"],"picked":"Armaments","floor":18},{"not_picked":["Uppercut+1","Clash","Headbutt"],"picked":"Spot Weakness+1","floor":19},{"not_picked":["Sever Soul","Battle Trance+1","Rampage"],"picked":"Power Through","floor":21},{"not_picked":["Rage","Wild Strike","Burning Pact"],"picked":"Flame Barrier","floor":24},{"not_picked":["Feed","Shrug It Off","Pummel+1"],"picked":"Iron Wave+1","floor":28},{"not_picked":["Headbutt","Armaments","Second Wind"],"picked":"Body Slam","floor":31},{"not_picked":["Fiend Fire","Dark Embrace","Juggernaut"],"picked":"Double Tap","floor":33},{"not_picked":["Sentinel+1","Feel No Pain+1","Clash"],"picked":"Perfected Strike+1","floor":35},{"not_picked":["Second Wind","Headbutt","Reckless Charge"],"picked":"Flex","floor":38},{"not_picked":["Iron Wave","Cleave+1","Armaments","Anger+1"],"picked":"SKIP","floor":41},{"not_picked":["Rage","Clothesline","Second Wind"],"picked":"Evolve","floor":45},{"not_picked":["Clash+1","Sword Boomerang+1","Dark Embrace","Iron Wave"],"picked":"SKIP","floor":46},{"not_picked":["True Grit","Shockwave","Sword Boomerang","Searing Blow"],"picked":"SKIP","floor":47},{"not_picked":["Bloodletting","Intimidate","Sword Boomerang"],"picked":"Armaments+1","floor":48}],"player_experience":89906,"relics_obtained":[{"floor":4,"key":"Whetstone"},{"floor":6,"key":"Omamori"},{"floor":9,"key":"Vajra"},{"floor":12,"key":"Lantern"},{"floor":17,"key":"Bag of Preparation"},{"floor":17,"key":"Question Card"},{"floor":17,"key":"Gambling Chip"},{"floor":21,"key":"Red Mask"},{"floor":24,"key":"Happy Flower"},{"floor":26,"key":"Kunai"},{"floor":28,"key":"Oddly Smooth Stone"},{"floor":29,"key":"Ancient Tea Set"},{"floor":43,"key":"Bag of Marbles"}],"event_choices":[{"event_name":"Big Fish","player_choice":"Box","floor":2,"damage_taken":0},{"event_name":"Golden Wing","player_choice":"Card Removal","floor":14,"damage_taken":0},{"event_name":"Drug Dealer","player_choice":"Got JAXXED","floor":20,"damage_taken":0},{"event_name":"Masked Bandits","player_choice":"Fought over 202 gold","floor":21,"damage_taken":0},{"event_name":"Accursed Blacksmith","player_choice":"Forge","floor":30,"damage_taken":0},{"event_name":"Tomb of Lord Red Mask","player_choice":"Wore Mask","floor":36,"damage_taken":0},{"event_name":"Winding Halls","player_choice":"Embrace Madness","floor":37,"damage_taken":0}],"is_beta":false,"boss_relics":[{"not_picked":["Fusion Hammer","Black Star"],"picked":"Calling Bell"},{"not_picked":["Black Blood","Philosopher\u0027s Stone"],"picked":"Coffee Dripper"}],"items_purged_floors":[8,22],"is_endless":false,"potions_floor_spawned":[3,7,11,19,24,28,35,38,41,45],"ascension_level":0}