{"gold_per_floor":[112,122,47,47,47,75,75,75,75,104,123,141,141,141],"floor_reached":14,"playtime":232,"items_purged":["Strike_R"],"score":246,"play_id":"a2b410eb-189b-49d8-997d-553d04511e20","local_time":"20190625004106","is_ascension_mode":true,"campfire_choices":[{"data":"Armaments","floor":7,"key":"SMITH"},{"data":"Uppercut","floor":13,"key":"SMITH"}],"neow_cost":"NONE","seed_source_timestamp":1934535452737175,"circlet_count":0,"master_deck":["AscendersBane","Strike_R","Strike_R","Strike_R","Strike_R","Defend_R","Defend_R","Defend_R","Defend_R","Bash","Armaments+1","Spot Weakness","Decay","Uppercut+1","Bloodletting","Pommel Strike+1"],"special_seed":0,"relics":["Burning Blood","NeowsBlessing","Ornamental Fan","Molten Egg 2","Regal Pillow"],"potions_floor_usage":[14],"damage_taken":[{"damage":0.0,"enemies":"Cultist","floor":1.0,"turns":1.0},{"damage":0.0,"enemies":"Jaw Worm","floor":2.0,"turns":1.0},{"damage":0,"enemies":"Gremlin Nob","floor":6,"turns":1},{"damage":37,"enemies":"Lagavulin","floor":10,"turns":6},{"damage":10,"enemies":"Small Slimes","floor":11,"turns":5},{"damage":19,"enemies":"Blue Slaver","floor":12,"turns":4},{"damage":13,"enemies":"Gremlin Nob","floor":14,"turns":3}],"seed_played":"1317418963824647973","potions_obtained":[{"floor":6,"key":"Swift Potion"},{"floor":10,"key":"Explosive Potion"}],"is_trial":false,"path_per_floor":["M","M","$","?","?","E","R","$","T","E","M","M","R","E"],"character_chosen":"IRONCLAD","items_purchased":[],"campfire_rested":0,"item_purchase_floors":[],"current_hp_per_floor":[74,75,75,75,75,75,75,75,75,44,40,27,27,14],"gold":141,"neow_bonus":"THREE_ENEMY_KILL","is_prod":false,"is_daily":false,"chose_seed":false,"campfire_upgraded":2,"win_rate":0,"timestamp":1561394466,"path_taken":["M","M","$","?","?","E","R","$","T","E","M","M","R","E"],"build_version":"2019-01-23","purchased_purges":1,"victory":false,"max_hp_per_floor":[75,75,75,75,75,75,75,75,75,75,75,75,75,75],"card_choices":[{"not_picked":["Clothesline","Thunderclap"],"picked":"Armaments","floor":1.0},{"not_picked":["Whirlwind","Headbutt"],"picked":"Spot Weakness","floor":2.0},{"not_picked":["Corruption","Sever Soul"],"picked":"Uppercut","floor":6},{"not_picked":["Flex","Disarm"],"picked":"Bloodletting","floor":10},{"not_picked":["Headbutt+1","Warcry","Spot Weakness"],"picked":"SKIP","floor":11},{"not_picked":["Warcry","Twin Strike+1"],"picked":"Pommel Strike+1","floor":12}],"player_experience":1989820,"relics_obtained":[{"floor":6,"key":"Ornamental Fan"},{"floor":9,"key":"Molten Egg 2"},{"floor":10,"key":"Regal Pillow"}],"event_choices":[{"damage_healed":0.0,"max_hp_gain":0.0,"max_hp_loss":0.0,"gold_gain":0.0,"event_name":"Liars Game","player_choice":"Ignored","floor":4.0,"gold_loss":0.0,"damage_taken":0.0},{"damage_healed":0,"gold_gain":0,"player_choice":"Cursed","damage_taken":0,"max_hp_gain":0,"max_hp_loss":0,"event_name":"Wheel of Change","floor":5,"gold_loss":0,"cards_obtained":["Decay"]}],"is_beta":false,"boss_relics":[],"items_purged_floors":[3],"is_endless":false,"potions_floor_spawned":[6,10,12],"killed_by":"Gremlin Nob","ascension_level":20}