{"gold_per_floor":[118,68,343,359,359,359,375,375,401,435,144,144,193,228,228,332,332,350,330,330,330,346,346,346],"floor_reached":24,"playtime":971,"items_purged":[],"score":194,"play_id":"d44f2138-77f9-4dd6-b684-5be4ead95709","local_time":"20190306003055","is_ascension_mode":false,"campfire_choices":[{"data":"Sucker Punch","floor":6,"key":"SMITH"},{"data":"HandOfGreed","floor":12,"key":"SMITH"},{"floor":15,"key":"REST"},{"floor":23,"key":"REST"}],"neow_cost":"NONE","seed_source_timestamp":371720767961212,"circlet_count":0,"master_deck":["Defend_G","Defend_G","Defend_G","Defend_G","Strike_G","Strike_G","Strike_G","Strike_G","Strike_G","Survivor","Neutralize","Sucker Punch+1","Caltrops+1","Outmaneuver","Deadly Poison","Noxious Fumes","Deadly Poison","HandOfGreed+1","Poisoned Stab","Dagger Spray","Burst","Footwork","Bane+1"],"relics":["Ring of the Snake","NeowsBlessing","Orichalcum","Odd Mushroom","Black Star","Nilry\u0027s Codex","Molten Egg 2"],"potions_floor_usage":[10,10,24,24],"damage_taken":[{"damage":0,"enemies":"2 Louse","floor":1,"turns":1},{"damage":0,"enemies":"Small Slimes","floor":4,"turns":1},{"damage":0,"enemies":"Cultist","floor":7,"turns":1},{"damage":14,"enemies":"3 Sentries","floor":10,"turns":8},{"damage":18,"enemies":"The Mushroom Lair","floor":13,"turns":4},{"damage":9,"enemies":"Exordium Wildlife","floor":14,"turns":4},{"damage":15,"enemies":"Hexaghost","floor":16,"turns":9},{"damage":2,"enemies":"Chosen","floor":18,"turns":4},{"damage":20,"enemies":"2 Thieves","floor":19,"turns":4},{"damage":19,"enemies":"Snake Plant","floor":22,"turns":4},{"damage":35,"enemies":"Gremlin Leader","floor":24,"turns":4}],"seed_played":"-6158448653786396573","potions_obtained":[{"floor":1,"key":"Strength Potion"},{"floor":4,"key":"Energy Potion"},{"floor":16,"key":"GhostInAJar"},{"floor":22,"key":"Strength Potion"}],"is_trial":false,"path_per_floor":["M","?","?","M","?","R","M","?","T","E","$","R","?","M","R","B",null,"M","M","?","T","M","R","E"],"character_chosen":"THE_SILENT","items_purchased":["Noxious Fumes","Deadly Poison","HandOfGreed"],"campfire_rested":2,"item_purchase_floors":[11,11,11],"current_hp_per_floor":[70,70,70,70,70,70,70,63,63,49,49,49,31,22,43,28,70,68,48,32,32,13,34,0],"gold":346,"neow_bonus":"THREE_ENEMY_KILL","is_prod":false,"is_daily":false,"chose_seed":false,"campfire_upgraded":2,"win_rate":0,"timestamp":1551850255,"path_taken":["M","?","?","?","?","R","?","?","T","E","$","R","?","M","R","BOSS","M","M","?","?","?","R","E"],"build_version":"2019-01-23","purchased_purges":0,"victory":false,"max_hp_per_floor":[70,70,70,70,70,70,70,70,70,70,70,70,70,70,70,70,70,70,70,70,70,70,70,70],"card_choices":[{"not_picked":["Heel Hook","PiercingWail"],"picked":"Sucker Punch","floor":1},{"not_picked":["Heel Hook","Riddle With Holes"],"picked":"Caltrops","floor":4},{"not_picked":["Slice","Doppelganger"],"picked":"Outmaneuver","floor":7},{"not_picked":["Phantasmal Killer","Dodge and Roll"],"picked":"Deadly Poison","floor":10},{"not_picked":["Tactician","Sucker Punch"],"picked":"Poisoned Stab","floor":13},{"not_picked":["Poisoned Stab","Backflip"],"picked":"Dagger Spray","floor":14},{"not_picked":["Storm of Steel","Glass Knife"],"picked":"Burst","floor":16},{"not_picked":["Quick Slash","Acrobatics+1"],"picked":"Footwork","floor":18},{"not_picked":["PiercingWail","Choke","Tactician"],"picked":"SKIP","floor":19},{"not_picked":["Finisher+1","Blade Dance"],"picked":"Bane+1","floor":22}],"player_experience":636407,"relics_obtained":[{"floor":10,"key":"Orichalcum"},{"floor":13,"key":"Odd Mushroom"},{"floor":20,"key":"Nilry\u0027s Codex"},{"floor":21,"key":"Molten Egg 2"}],"event_choices":[{"cards_removed":["Defend_G"],"damage_healed":0,"gold_gain":0,"player_choice":"Card Removal","damage_taken":0,"max_hp_gain":0,"max_hp_loss":0,"event_name":"The Cleric","floor":2,"gold_loss":50},{"damage_healed":0,"gold_gain":275,"player_choice":"Desecrate","damage_taken":0,"max_hp_gain":0,"max_hp_loss":0,"event_name":"Golden Shrine","floor":3,"gold_loss":0,"cards_obtained":["Regret"]},{"damage_healed":0,"gold_gain":0,"player_choice":"Upgraded","damage_taken":0,"max_hp_gain":0,"max_hp_loss":0,"event_name":"Upgrade Shrine","floor":5,"gold_loss":0,"cards_upgraded":["Caltrops"]},{"cards_removed":["Regret"],"damage_healed":0,"gold_gain":0,"player_choice":"Card Removal","damage_taken":7,"max_hp_gain":0,"max_hp_loss":0,"event_name":"Golden Wing","floor":8,"gold_loss":0},{"damage_healed":0,"gold_gain":0,"player_choice":"Fought Mushrooms","damage_taken":0,"max_hp_gain":0,"max_hp_loss":0,"event_name":"Mushrooms","floor":13,"gold_loss":0},{"damage_healed":0,"gold_gain":0,"player_choice":"Obtained Book","damage_taken":16,"max_hp_gain":0,"max_hp_loss":0,"event_name":"Cursed Tome","floor":20,"gold_loss":0}],"is_beta":false,"boss_relics":[{"not_picked":["HoveringKite","Tiny House"],"picked":"Black Star"}],"items_purged_floors":[],"is_endless":false,"potions_floor_spawned":[1,4,16,22],"killed_by":"Gremlin Leader","ascension_level":0}