{"gold_per_floor":[360,374,1,20,37,37,53,72,72,97,97,109,109,139,139,139],"floor_reached":16,"playtime":833,"items_purged":[],"score":148,"play_id":"0dde4053-6536-42e1-81be-7b9d7142e162","local_time":"20180724004050","is_ascension_mode":true,"campfire_choices":[{"data":"Zap","floor":11,"key":"SMITH"},{"floor":13,"key":"REST"},{"data":"Dualcast","floor":15,"key":"SMITH"}],"neow_cost":"FIFTY_PERCENT_DAMAGE","seed_source_timestamp":208605199999365,"circlet_count":0,"master_deck":["Strike_B","Strike_B","Strike_B","Strike_B","Defend_B","Defend_B","Defend_B","Defend_B","Zap+1","Dualcast+1","Turbo","Streamline","Sunder","Cold Snap","Ball Lightning","Hologram","Streamline","Hologram","Defragment","Seek","Coolheaded","Compile Driver","Hologram","Ball Lightning"],"relics":["Cracked Core","Prayer Wheel","Strawberry","Dead Branch","Happy Flower"],"potions_floor_usage":[10,14,16],"damage_taken":[{"damage":0,"enemies":"Cultist","floor":1,"turns":3},{"damage":2,"enemies":"Jaw Worm","floor":2,"turns":3},{"damage":0,"enemies":"2 Louse","floor":4,"turns":1},{"damage":5,"enemies":"Looter","floor":5,"turns":3},{"damage":0,"enemies":"3 Louse","floor":7,"turns":2},{"damage":7,"enemies":"Blue Slaver","floor":8,"turns":3},{"damage":13,"enemies":"Lagavulin","floor":10,"turns":6},{"damage":17,"enemies":"Exordium Thugs","floor":12,"turns":3},{"damage":14,"enemies":"Gremlin Nob","floor":14,"turns":3},{"damage":33,"enemies":"The Guardian","floor":16,"turns":8}],"seed_played":"-6834468020620115338","potions_obtained":[{"floor":4,"key":"PowerPotion"},{"floor":5,"key":"Explosive Potion"},{"floor":14,"key":"SteroidPotion"}],"is_trial":false,"path_per_floor":["M","M","$","M","M","?","M","M","T","E","R","M","R","E","R"],"character_chosen":"DEFECT","items_purchased":["Sunder","Prayer Wheel"],"campfire_rested":1,"item_purchase_floors":[3,3],"current_hp_per_floor":[34,32,32,32,27,52,52,45,52,39,39,22,46,32,32,0],"gold":139,"neow_bonus":"TWO_FIFTY_GOLD","is_prod":false,"is_daily":false,"chose_seed":false,"campfire_upgraded":2,"win_rate":0,"timestamp":1532407250,"path_taken":["M","M","$","M","M","?","M","M","T","E","R","M","R","E","R","BOSS"],"build_version":"2018-07-19v2","purchased_purges":0,"victory":false,"max_hp_per_floor":[75,75,75,75,75,75,75,75,82,82,82,82,82,82,82,82],"card_choices":[{"not_picked":["Hello World","Compile Driver"],"picked":"Turbo","floor":1},{"not_picked":["Tempest","Turbo"],"picked":"Streamline","floor":2},{"not_picked":["Undo","Turbo"],"picked":"Cold Snap","floor":4},{"not_picked":["BootSequence","Coolheaded"],"picked":"Ball Lightning","floor":4},{"not_picked":["Chaos","Beam Cell"],"picked":"Hologram","floor":5},{"not_picked":["Force Field","Scrape"],"picked":"Streamline","floor":5},{"not_picked":["Hello World","Beam Cell"],"picked":"Hologram","floor":7},{"not_picked":["Redo","Barrage","Tempest"],"picked":"SKIP","floor":7},{"not_picked":["Loop","Redo"],"picked":"Defragment","floor":8},{"not_picked":["Loop","Rebound"],"picked":"Seek","floor":8},{"not_picked":["Gash","Darkness"],"picked":"Coolheaded","floor":10},{"not_picked":["Barrage","Turbo"],"picked":"Compile Driver","floor":12},{"not_picked":["FTL","Genetic Algorithm"],"picked":"Hologram","floor":12},{"not_picked":["Go for the Eyes","Beam Cell"],"picked":"Ball Lightning","floor":14}],"player_experience":278075,"relics_obtained":[{"floor":9,"key":"Strawberry"},{"floor":10,"key":"Dead Branch"},{"floor":14,"key":"Happy Flower"}],"event_choices":[{"event_name":"Big Fish","player_choice":"Banana","floor":6,"damage_taken":0}],"is_beta":false,"boss_relics":[],"items_purged_floors":[],"is_endless":false,"potions_floor_spawned":[4,5,14],"killed_by":"The Guardian","ascension_level":6}