{"gold_per_floor":[13,13,78,94,111,111,137,137,190,190,210,243,243,255,255,350,350],"floor_reached":17,"playtime":637,"items_purged":[],"score":248,"play_id":"998c1a0c-d6c4-4d09-b843-dcaf38500264","local_time":"20190725095432","is_ascension_mode":true,"campfire_choices":[{"data":"Body Slam","floor":6,"key":"SMITH"},{"data":"Flame Barrier","floor":8,"key":"SMITH"},{"floor":10,"key":"REST"},{"floor":15,"key":"REST"}],"neow_cost":"NO_GOLD","seed_source_timestamp":78814904298165,"circlet_count":0,"master_deck":["AscendersBane","Strike_R","Strike_R","Strike_R","Strike_R","Strike_R","Defend_R","Defend_R","Defend_R","Defend_R","Bash","Bludgeon+1","Fire Breathing+1","Body Slam+1","Flame Barrier+1","Metallicize","Armaments","Shrug It Off","Bludgeon"],"relics":["Burning Blood","Centennial Puzzle","Smiling Mask","Dream Catcher","Eternal Feather"],"potions_floor_usage":[16],"damage_taken":[{"damage":7,"enemies":"Jaw Worm","floor":1,"turns":4},{"damage":0,"enemies":"Small Slimes","floor":4,"turns":3},{"damage":15,"enemies":"2 Louse","floor":5,"turns":3},{"damage":15,"enemies":"3 Sentries","floor":7,"turns":6},{"damage":13,"enemies":"Lots of Slimes","floor":11,"turns":4},{"damage":34,"enemies":"Lagavulin","floor":12,"turns":6},{"damage":0,"enemies":"Large Slime","floor":14,"turns":4},{"damage":62,"enemies":"Hexaghost","floor":16,"turns":12}],"seed_played":"6223452553222437878","potions_obtained":[{"floor":4,"key":"Explosive Potion"},{"floor":7,"key":"Block Potion"},{"floor":12,"key":"FearPotion"},{"floor":14,"key":"PowerPotion"}],"is_trial":false,"path_per_floor":["M","?","?","M","M","R","E","R","T","R","M","E","?","M","R","B",null],"character_chosen":"IRONCLAD","items_purchased":[],"campfire_rested":2,"item_purchase_floors":[],"current_hp_per_floor":[71,71,71,77,68,68,59,59,59,80,73,45,45,51,75,19,65],"gold":350,"neow_bonus":"THREE_RARE_CARDS","is_prod":false,"is_daily":false,"chose_seed":false,"campfire_upgraded":2,"win_rate":0,"timestamp":1564062872,"path_taken":["M","?","?","M","M","R","E","R","T","R","M","E","?","?","R","BOSS"],"build_version":"2019-07-17","purchased_purges":0,"victory":false,"max_hp_per_floor":[80,80,80,80,80,80,80,80,80,80,80,80,80,80,80,80,80],"card_choices":[{"not_picked":["Impervious","Fiend Fire"],"picked":"Bludgeon","floor":0},{"not_picked":["Warcry","Anger"],"picked":"Fire Breathing","floor":1},{"not_picked":["Havoc","Sever Soul"],"picked":"Body Slam","floor":4},{"not_picked":["Cleave","Heavy Blade"],"picked":"Flame Barrier","floor":5},{"not_picked":["Iron Wave","Reckless Charge","Corruption"],"picked":"SKIP","floor":7},{"not_picked":["Sword Boomerang","Uppercut"],"picked":"Metallicize","floor":11},{"not_picked":["Anger","Havoc","Spot Weakness"],"picked":"SKIP","floor":12},{"not_picked":["Demon Form","Battle Trance"],"picked":"Armaments","floor":14},{"not_picked":["Body Slam","Feel No Pain"],"picked":"Shrug It Off","floor":15},{"not_picked":["Berserk","Fiend Fire"],"picked":"Bludgeon","floor":16}],"player_experience":1105877,"relics_obtained":[{"floor":7,"key":"Centennial Puzzle"},{"floor":9,"key":"Smiling Mask"},{"floor":12,"key":"Dream Catcher"}],"event_choices":[{"damage_healed":0,"gold_gain":0,"player_choice":"Grow","damage_taken":0,"max_hp_gain":0,"max_hp_loss":0,"event_name":"Living Wall","floor":2,"gold_loss":0,"cards_upgraded":["Bludgeon"]},{"damage_healed":0,"gold_gain":65,"player_choice":"Gained Gold","damage_taken":0,"max_hp_gain":0,"max_hp_loss":0,"event_name":"Golden Wing","floor":3,"gold_loss":0},{"damage_healed":0,"gold_gain":0,"player_choice":"Upgraded","damage_taken":0,"max_hp_gain":0,"max_hp_loss":0,"event_name":"Upgrade Shrine","floor":13,"gold_loss":0,"cards_upgraded":["Fire Breathing"]}],"is_beta":false,"boss_relics":[{"not_picked":["White Beast Statue","Black Blood"],"picked":"Eternal Feather"}],"items_purged_floors":[],"is_endless":false,"potions_floor_spawned":[4,7,12,14],"ascension_level":10}