{"gold_per_floor":[111,129,142,142,142,142,172,0,0,29,29,61,61,77,77,182,182,200,210,210,222,222,222],"floor_reached":23,"playtime":1268,"items_purged":["Strike_R"],"score":234,"play_id":"589c62e4-dd21-4107-9840-08edeab7325b","local_time":"20190525234150","is_ascension_mode":false,"campfire_choices":[{"data":"Bash","floor":6,"key":"SMITH"},{"data":"Armaments","floor":11,"key":"SMITH"},{"data":"Inflame","floor":13,"key":"SMITH"},{"data":"Rampage","floor":15,"key":"SMITH"}],"neow_cost":"NONE","seed_source_timestamp":3558300839193,"circlet_count":0,"master_deck":["Defend_R+1","Defend_R+1","Defend_R+1","Defend_R+1","Bash+1","Power Through","Armaments+1","True Grit+1","Shrug It Off","Inflame+1","Rampage+1","Spot Weakness","Barricade","Shrug It Off","Shockwave","Shockwave","Bite","Bite","Bite","Bite","Bite"],"special_seed":0,"relics":["Burning Blood","Pantograph","Darkstone Periapt","PreservedInsect","Snecko Eye"],"potions_floor_usage":[7,23,23],"damage_taken":[{"damage":1.0,"enemies":"Jaw Worm","floor":1.0,"turns":3.0},{"damage":0.0,"enemies":"Small Slimes","floor":2.0,"turns":5.0},{"damage":2.0,"enemies":"2 Louse","floor":3.0,"turns":3.0},{"damage":29,"enemies":"Lagavulin","floor":7,"turns":8},{"damage":15,"enemies":"3 Sentries","floor":10,"turns":19},{"damage":11,"enemies":"Gremlin Nob","floor":12,"turns":5},{"damage":0,"enemies":"Looter","floor":14,"turns":4},{"damage":17,"enemies":"The Guardian","floor":16,"turns":15},{"damage":1,"enemies":"Chosen","floor":18,"turns":6},{"damage":0,"enemies":"Shell Parasite","floor":19,"turns":8},{"damage":0,"enemies":"Snake Plant","floor":21,"turns":5},{"damage":115,"enemies":"Gremlin Leader","floor":23,"turns":9}],"seed_played":"-8883576318995686020","potions_obtained":[{"floor":1.0,"key":"SkillPotion"},{"floor":7,"key":"Energy Potion"},{"floor":10,"key":"SkillPotion"},{"floor":12,"key":"Poison Potion"},{"floor":14,"key":"Ancient Potion"}],"is_trial":false,"path_per_floor":["M","M","M","?","?","R","E","$","T","E","R","E","R","M","R","B",null,"M","M","?","M","?","E"],"character_chosen":"IRONCLAD","items_purchased":["Shrug It Off","Inflame"],"campfire_rested":0,"item_purchase_floors":[8,8],"current_hp_per_floor":[88,88,88,88,81,81,58,58,58,49,49,46,46,54,54,70,88,88,88,88,88,88,0],"gold":222,"neow_bonus":"TEN_PERCENT_HP_BONUS","is_prod":false,"is_daily":false,"chose_seed":false,"campfire_upgraded":4,"win_rate":0,"timestamp":1558842110,"path_taken":["M","M","M","?","?","R","E","$","T","E","R","E","R","M","R","BOSS","M","M","?","M","?","E"],"build_version":"2019-01-23","purchased_purges":1,"victory":false,"max_hp_per_floor":[88,88,88,88,88,88,88,88,88,88,88,88,88,88,88,88,88,88,88,88,88,88,88],"card_choices":[{"not_picked":["Flex","Twin Strike"],"picked":"Power Through","floor":1.0},{"not_picked":["Sword Boomerang","Twin Strike"],"picked":"Armaments","floor":2.0},{"not_picked":["Burning Pact","Feel No Pain"],"picked":"True Grit","floor":3.0},{"not_picked":["Armaments","Wild Strike","Dropkick"],"picked":"SKIP","floor":7},{"not_picked":["Flex","Cleave"],"picked":"Rampage","floor":10},{"not_picked":["Wild Strike","Infernal Blade","Havoc"],"picked":"SKIP","floor":12},{"not_picked":["Clothesline","Seeing Red"],"picked":"Spot Weakness","floor":14},{"not_picked":["Double Tap","Berserk"],"picked":"Barricade","floor":16},{"not_picked":["Power Through","Twin Strike"],"picked":"Shrug It Off","floor":18},{"not_picked":["Perfected Strike","Flex"],"picked":"Shockwave","floor":19},{"not_picked":["Wild Strike","Anger"],"picked":"Shockwave","floor":21}],"player_experience":1009208,"relics_obtained":[{"floor":7,"key":"Pantograph"},{"floor":9,"key":"Darkstone Periapt"},{"floor":10,"key":"Blood Vial"},{"floor":12,"key":"PreservedInsect"}],"event_choices":[{"damage_healed":0,"gold_gain":0,"player_choice":"Grow","damage_taken":0,"max_hp_gain":0,"max_hp_loss":0,"event_name":"Living Wall","floor":4,"gold_loss":0,"cards_upgraded":["True Grit"]},{"cards_removed":["Strike_R"],"damage_healed":0,"gold_gain":0,"player_choice":"Card Removal","damage_taken":7,"max_hp_gain":0,"max_hp_loss":0,"event_name":"Golden Wing","floor":5,"gold_loss":0},{"damage_healed":0,"gold_gain":0,"player_choice":"Simplicity","damage_taken":0,"max_hp_gain":0,"max_hp_loss":0,"event_name":"Back to Basics","floor":20,"gold_loss":0,"cards_upgraded":["Strike_R","Strike_R","Strike_R","Defend_R","Defend_R","Defend_R","Defend_R"]},{"damage_healed":0,"gold_gain":0,"player_choice":"Became a vampire (Vial)","damage_taken":0,"max_hp_gain":0,"max_hp_loss":0,"event_name":"Vampires","floor":22,"relics_lost":["Blood Vial"],"gold_loss":0,"cards_obtained":["Bite","Bite","Bite","Bite","Bite"]}],"is_beta":false,"boss_relics":[{"not_picked":["Fusion Hammer","Black Star"],"picked":"Snecko Eye"}],"items_purged_floors":[8],"is_endless":false,"potions_floor_spawned":[1,7,10,12,14,16,21],"killed_by":"Gremlin Leader","ascension_level":0}