{"gold_per_floor":[114,289,289,27,46,46,61,73,73,108,127,127,127,27,27,128,128,117,127,137,137],"floor_reached":21,"playtime":895,"items_purged":["Regret","Doubt"],"score":235,"play_id":"7974e44e-74e2-48f9-bbb9-548af8ad2246","local_time":"20190522093025","is_ascension_mode":true,"campfire_choices":[{"data":"Apotheosis","floor":6.0,"key":"SMITH"},{"data":"Metallicize","floor":13.0,"key":"SMITH"},{"data":"Juggernaut","floor":15.0,"key":"SMITH"}],"neow_cost":"NONE","seed_source_timestamp":41465050359867,"circlet_count":0,"master_deck":["Strike_R+1","Strike_R","Strike_R","Strike_R","Strike_R","Defend_R","Defend_R","Defend_R","Defend_R","Bash+1","Flame Barrier","Apotheosis+1","Pommel Strike","Flex","Juggernaut+1","Corruption","Metallicize+1","Barricade"],"special_seed":0,"relics":["Burning Blood","NeowsBlessing","Ornamental Fan","Whetstone","FossilizedHelix","Pear","Black Star"],"potions_floor_usage":[],"damage_taken":[{"damage":0.0,"enemies":"Small Slimes","floor":1.0,"turns":1.0},{"damage":0.0,"enemies":"2 Louse","floor":5.0,"turns":1.0},{"damage":0.0,"enemies":"Jaw Worm","floor":7.0,"turns":1.0},{"damage":15.0,"enemies":"Gremlin Gang","floor":8.0,"turns":4.0},{"damage":16.0,"enemies":"Gremlin Nob","floor":10.0,"turns":3.0},{"damage":0.0,"enemies":"2 Fungi Beasts","floor":11.0,"turns":4.0},{"damage":42,"enemies":"Hexaghost","floor":16,"turns":10},{"damage":13,"enemies":"2 Thieves","floor":18,"turns":4},{"damage":6,"enemies":"Chosen","floor":19,"turns":7},{"damage":0,"enemies":"Snecko","floor":20,"turns":6},{"damage":91,"enemies":"Cultist and Chosen","floor":21,"turns":5}],"seed_played":"1111344192340604736","potions_obtained":[{"floor":5.0,"key":"SpeedPotion"},{"floor":8.0,"key":"AttackPotion"},{"floor":16,"key":"GamblersBrew"},{"floor":18,"key":"Dexterity Potion"}],"is_trial":false,"path_per_floor":["M","?","?","$","M","R","M","M","T","E","M","?","R","$","R","B",null,"M","M","M","M"],"character_chosen":"IRONCLAD","items_purchased":["Apotheosis"],"campfire_rested":0,"item_purchase_floors":[4],"current_hp_per_floor":[78,78,78,78,80,80,80,71,71,61,67,74,74,74,74,38,77,70,70,76,0],"gold":137,"neow_bonus":"THREE_ENEMY_KILL","is_prod":false,"is_daily":false,"chose_seed":false,"campfire_upgraded":3,"win_rate":0,"timestamp":1558531825,"path_taken":["M","?","?","$","M","R","M","M","T","E","M","?","R","?","R","BOSS","M","?","M","M"],"build_version":"2019-01-23","purchased_purges":2,"victory":false,"max_hp_per_floor":[80,80,80,80,80,80,80,80,80,80,80,90,90,90,90,90,90,90,90,90,90],"card_choices":[{"not_picked":["Armaments","Metallicize"],"picked":"Flame Barrier","floor":1.0},{"not_picked":["Iron Wave","Wild Strike"],"picked":"Pommel Strike","floor":5.0},{"not_picked":["Armaments","Hemokinesis"],"picked":"Flex","floor":7.0},{"not_picked":["Dropkick","Clothesline"],"picked":"Juggernaut","floor":8.0},{"not_picked":["Clash","Cleave"],"picked":"Corruption","floor":10.0},{"not_picked":["Flex","Uppercut"],"picked":"Metallicize","floor":11.0},{"not_picked":["Impervious","Brutality"],"picked":"Barricade","floor":16},{"not_picked":["Carnage","Second Wind+1","Clash+1"],"picked":"SKIP","floor":18},{"not_picked":["Searing Blow","Perfected Strike","Twin Strike+1"],"picked":"SKIP","floor":19},{"not_picked":["Wild Strike","Heavy Blade","Clash+1"],"picked":"SKIP","floor":20}],"player_experience":1017511,"relics_obtained":[{"floor":9.0,"key":"Whetstone"},{"floor":10.0,"key":"FossilizedHelix"}],"event_choices":[{"damage_healed":0.0,"max_hp_gain":0.0,"max_hp_loss":0.0,"gold_gain":175.0,"event_name":"Liars Game","player_choice":"AGREE","floor":2.0,"gold_loss":0.0,"damage_taken":0.0,"cards_obtained":["Doubt"]},{"damage_healed":0.0,"max_hp_gain":0.0,"max_hp_loss":0.0,"gold_gain":0.0,"event_name":"Big Fish","player_choice":"Box","floor":3.0,"gold_loss":0.0,"damage_taken":0.0,"relics_obtained":["Ornamental Fan"],"cards_obtained":["Regret"]},{"damage_healed":0.0,"max_hp_gain":0.0,"max_hp_loss":0.0,"gold_gain":0.0,"event_name":"Scrap Ooze","player_choice":"Success","floor":12.0,"gold_loss":0.0,"damage_taken":3.0,"relics_obtained":["Pear"]}],"is_beta":false,"boss_relics":[{"not_picked":["Snecko Eye","Astrolabe"],"picked":"Black Star"}],"items_purged_floors":[4,14],"is_endless":false,"potions_floor_spawned":[5,8,16,18],"killed_by":"Cultist and Chosen","ascension_level":6}