{"gold_per_floor":[19,19,19,33,33,33,64,76,88,133,164,176,200,223,235,321,333,359,388,243,263,78,109,122,122,122,47,47,47,110,141,141,219,219,234,284,385,435,503,503,152,183,183,183,233,83,133,1,1,1,1,1,1,1,36,36],"floor_reached":57,"playtime":2618,"items_purged":["Pain","Strike_B","Decay","Defend_B"],"score":2723,"play_id":"979ede1b-0929-4222-aee6-b30e69c2d07b","local_time":"20190524231951","is_ascension_mode":true,"campfire_choices":[{"data":"Zap","floor":6.0,"key":"SMITH"},{"floor":8.0,"key":"REST"},{"data":"Defragment","floor":12.0,"key":"SMITH"},{"floor":15.0,"key":"REST"},{"floor":25.0,"key":"REST"},{"data":"Defragment","floor":28.0,"key":"SMITH"},{"floor":32.0,"key":"REST"},{"data":"Heatsinks","floor":40.0,"key":"SMITH"},{"data":"Dualcast","floor":44.0,"key":"SMITH"},{"floor":49.0,"key":"RECALL"},{"data":"Defragment","floor":53.0,"key":"SMITH"}],"neow_cost":"NO_GOLD","seed_source_timestamp":12328364009264,"circlet_count":0,"master_deck":["AscendersBane","Defend_B","Defend_B","Zap+1","Dualcast+1","Echo Form","Undo+1","Ball Lightning","Genetic Algorithm","Heatsinks+1","Defragment+1","Go for the Eyes","White Noise+1","Echo Form","Defragment+1","BootSequence","Coolheaded","Coolheaded+1","Chill+1","Chaos+1","Redo+1","Hologram+1","All For One","Coolheaded+1","Double Energy+1","Dark Shackles+1","Turbo+1","Defragment+1","Aggregate+1"],"special_seed":0,"relics":["Cracked Core","WarpedTongs","MawBank","Mercury Hourglass","Runic Pyramid","Toxic Egg 2","Matryoshka","SsserpentHead","Mummified Hand","Empty Cage","WingedGreaves","ClockworkSouvenir","Bag of Preparation","Oddly Smooth Stone","Shuriken","War Paint"],"potions_floor_usage":[56],"damage_taken":[{"damage":14.0,"enemies":"Small Slimes","floor":1.0,"turns":3.0},{"damage":11.0,"enemies":"Cultist","floor":4.0,"turns":5.0},{"damage":23.0,"enemies":"3 Sentries","floor":7.0,"turns":9.0},{"damage":14.0,"enemies":"Lagavulin","floor":10.0,"turns":7.0},{"damage":6.0,"enemies":"Jaw Worm","floor":11.0,"turns":4.0},{"damage":1.0,"enemies":"3 Louse","floor":13.0,"turns":3.0},{"damage":11.0,"enemies":"Red Slaver","floor":14.0,"turns":3.0},{"damage":27.0,"enemies":"Hexaghost","floor":16.0,"turns":10.0},{"damage":29.0,"enemies":"3 Byrds","floor":18.0,"turns":4.0},{"damage":24.0,"enemies":"Shell Parasite","floor":19.0,"turns":6.0},{"damage":0.0,"enemies":"Cultist and Chosen","floor":21.0,"turns":5.0},{"damage":0.0,"enemies":"Book of Stabbing","floor":23.0,"turns":5.0},{"damage":0.0,"enemies":"Snecko","floor":24.0,"turns":8.0},{"damage":10.0,"enemies":"Shelled Parasite and Fungi","floor":30.0,"turns":6.0},{"damage":2.0,"enemies":"Slavers","floor":31.0,"turns":5.0},{"damage":4.0,"enemies":"Champ","floor":33.0,"turns":9.0},{"damage":1.0,"enemies":"3 Darklings","floor":35.0,"turns":6.0},{"damage":13.0,"enemies":"2 Orb Walkers","floor":37.0,"turns":5.0},{"damage":0.0,"enemies":"3 Shapes","floor":39.0,"turns":4.0},{"damage":20.0,"enemies":"Reptomancer","floor":42.0,"turns":7.0},{"damage":4.0,"enemies":"Donu and Deca","floor":50.0,"turns":7.0},{"damage":19.0,"enemies":"Time Eater","floor":51.0,"turns":12.0},{"damage":12.0,"enemies":"Shield and Spear","floor":55.0,"turns":8.0},{"damage":25,"enemies":"The Heart","floor":56,"turns":10}],"seed_played":"-2163785247878399880","potions_obtained":[{"floor":1.0,"key":"Weak Potion"},{"floor":4.0,"key":"Strength Potion"},{"floor":7.0,"key":"FairyPotion"},{"floor":16.0,"key":"PowerPotion"},{"floor":18.0,"key":"Swift Potion"},{"floor":23.0,"key":"Strength Potion"},{"floor":33.0,"key":"EssenceOfSteel"},{"floor":35.0,"key":"FearPotion"}],"is_trial":false,"path_per_floor":["M","?","$","M","?","R","E","R","T","E","M","R","M","M","R","B",null,"M","M","$","M","$","E","M","R","T","?","R","?","M","E","R","B",null,"M","?","?","?","M","R","$","E","T","R","?","$","?","$","R","B","B",null,"R","$","E","B",null],"character_chosen":"DEFECT","items_purchased":["Coolheaded","Swift Potion","GamblersBrew","ClockworkSouvenir","Turbo+1","AttackPotion","Defragment"],"campfire_rested":4,"item_purchase_floors":[20,20,22,41,48,48,48],"current_hp_per_floor":[50,50,50,39,39,39,16,37,37,23,17,17,16,5,26,7,55,26,2,2,2,2,2,2,23,23,23,23,23,13,11,32,28,60,59,59,46,46,46,46,46,26,26,26,26,26,58,58,58,54,35,52,52,52,40,15],"gold":36,"neow_bonus":"THREE_RARE_CARDS","is_prod":false,"is_daily":false,"chose_seed":false,"campfire_upgraded":6,"win_rate":0,"timestamp":1558711191,"path_taken":["M","?","?","M","?","R","E","R","T","E","?","R","M","M","R","BOSS","M","M","$","M","$","E","M","R","T","?","R","?","?","E","R","BOSS","M","?","?","?","?","R","$","E","T","R","?","$","?","?","R","BOSS","BOSS","R","$","E","BOSS"],"build_version":"2019-01-23","purchased_purges":4,"victory":true,"max_hp_per_floor":[71,71,71,71,71,71,71,71,71,71,71,71,71,71,71,71,71,71,71,71,71,71,71,71,71,71,71,71,71,71,71,71,71,71,71,71,71,71,71,71,71,71,71,71,71,71,58,58,58,58,58,58,58,58,58,58],"card_choices":[{"not_picked":["All For One","Biased Cognition"],"picked":"Echo Form","floor":0.0},{"not_picked":["Gash","Compile Driver"],"picked":"Undo","floor":1.0},{"not_picked":["Compile Driver","Darkness"],"picked":"Ball Lightning","floor":4.0},{"not_picked":["Redo","Stack","Leap"],"picked":"SKIP","floor":7.0},{"not_picked":["Streamline","Conserve Battery"],"picked":"Heatsinks","floor":10.0},{"not_picked":["Barrage","Go for the Eyes"],"picked":"Defragment","floor":11.0},{"not_picked":["Redo","Conserve Battery"],"picked":"Go for the Eyes","floor":13.0},{"not_picked":["Hello World","Turbo"],"picked":"White Noise","floor":14.0},{"not_picked":["Multi-Cast","Machine Learning"],"picked":"Echo Form","floor":16.0},{"not_picked":["Lockon","Ball Lightning"],"picked":"Defragment","floor":18.0},{"not_picked":["Go for the Eyes","Lockon"],"picked":"BootSequence","floor":19.0},{"not_picked":["Streamline","Leap"],"picked":"Coolheaded+1","floor":21.0},{"not_picked":["Hologram","Undo+1"],"picked":"Chill+1","floor":23.0},{"not_picked":["Defragment","Streamline+1"],"picked":"Chaos+1","floor":24.0},{"not_picked":["Coolheaded+1","Beam Cell+1"],"picked":"Redo+1","floor":30.0},{"not_picked":["Defragment","Rebound"],"picked":"Hologram+1","floor":31.0},{"not_picked":["Hyperbeam","Creative AI"],"picked":"All For One","floor":33.0},{"not_picked":["Hologram+1","Go for the Eyes"],"picked":"Coolheaded+1","floor":35.0},{"not_picked":["Doom and Gloom+1","Rebound","Redo+1"],"picked":"SKIP","floor":39.0},{"not_picked":["Sweeping Beam+1","Hello World+1"],"picked":"Double Energy+1","floor":42.0},{"not_picked":["The Bomb+1","Transmutation+1"],"picked":"Dark Shackles+1","floor":45.0},{"not_picked":["Gash+1","Tempest+1"],"picked":"Aggregate+1","floor":55.0}],"player_experience":1768806,"relics_obtained":[{"floor":7.0,"key":"MawBank"},{"floor":10.0,"key":"Mercury Hourglass"},{"floor":23.0,"key":"Toxic Egg 2"},{"floor":26.0,"key":"Matryoshka"},{"floor":31.0,"key":"Mummified Hand"},{"floor":37.0,"key":"WingedGreaves"},{"floor":42.0,"key":"Bag of Preparation"},{"floor":43.0,"key":"Oddly Smooth Stone"},{"floor":43.0,"key":"Shuriken"},{"floor":55.0,"key":"War Paint"}],"event_choices":[{"damage_healed":0.0,"max_hp_gain":0.0,"max_hp_loss":0.0,"gold_gain":0.0,"event_name":"Accursed Blacksmith","player_choice":"Rummage","floor":2.0,"gold_loss":0.0,"damage_taken":0.0,"relics_obtained":["WarpedTongs"],"cards_obtained":["Pain"]},{"damage_healed":0.0,"max_hp_gain":0.0,"max_hp_loss":0.0,"gold_gain":0.0,"cards_transformed":["Strike_B"],"event_name":"Transmorgrifier","player_choice":"Transformed","floor":5.0,"gold_loss":0.0,"damage_taken":0.0,"cards_obtained":["Genetic Algorithm"]},{"cards_removed":["Strike_B"],"damage_healed":0.0,"max_hp_gain":0.0,"max_hp_loss":0.0,"gold_gain":0.0,"event_name":"Beggar","player_choice":"Gave Gold","floor":27.0,"gold_loss":75.0,"damage_taken":0.0},{"damage_healed":0.0,"max_hp_gain":0.0,"max_hp_loss":0.0,"gold_gain":0.0,"event_name":"FaceTrader","player_choice":"Trade","floor":29.0,"gold_loss":0.0,"damage_taken":0.0,"relics_obtained":["SsserpentHead"]},{"damage_healed":0.0,"max_hp_gain":0.0,"max_hp_loss":0.0,"gold_gain":0.0,"event_name":"Tomb of Lord Red Mask","player_choice":"Ignored","floor":36.0,"gold_loss":0.0,"damage_taken":0.0},{"damage_healed":0.0,"max_hp_gain":0.0,"max_hp_loss":0.0,"gold_gain":0.0,"event_name":"Mysterious Sphere","player_choice":"Fight","floor":37.0,"gold_loss":0.0,"damage_taken":0.0},{"damage_healed":0.0,"max_hp_gain":0.0,"max_hp_loss":0.0,"gold_gain":0.0,"event_name":"Wheel of Change","player_choice":"Cursed","floor":38.0,"gold_loss":0.0,"damage_taken":0.0,"cards_obtained":["Decay"]},{"damage_healed":0.0,"max_hp_gain":0.0,"max_hp_loss":0.0,"gold_gain":0.0,"event_name":"SensoryStone","player_choice":"Memory 1","floor":45.0,"gold_loss":0.0,"damage_taken":0.0},{"damage_healed":58.0,"max_hp_gain":0.0,"max_hp_loss":13.0,"gold_gain":0.0,"event_name":"The Moai Head","player_choice":"Heal","floor":47.0,"gold_loss":0.0,"damage_taken":0.0}],"is_beta":false,"boss_relics":[{"not_picked":["White Beast Statue","Astrolabe"],"picked":"Runic Pyramid"},{"not_picked":["Calling Bell","Sozu"],"picked":"Empty Cage"}],"items_purged_floors":[20,22,41,46],"is_endless":false,"potions_floor_spawned":[1,4,7,16,18,23,24,33,35],"ascension_level":20}