{"gold_per_floor":[115,115,132,132,132,157,157,188,188,221,221,221,248,248,248,324,324,335,348,348,368,380,413,413,338,362,389,419,438,453,25,25,99,99,111,111,111,111,128,157,171,171,171,46,66,66,84,136,136,136,136,136,1,26,26],"floor_reached":56,"playtime":2721,"items_purged":["Strike_G","Strike_G","Escape Plan"],"score":2097,"play_id":"87cb4cd2-ca70-46aa-913b-0302589a8297","local_time":"20190730215910","is_ascension_mode":true,"campfire_choices":[{"data":"Neutralize","floor":7,"key":"SMITH"},{"floor":12,"key":"REST"},{"data":"Catalyst","floor":15,"key":"SMITH"},{"floor":24,"key":"REST"},{"data":"Well Laid Plans","floor":32,"key":"SMITH"},{"floor":42,"key":"RECALL"},{"floor":49,"key":"DIG"},{"floor":52,"key":"DIG"}],"neow_cost":"NONE","seed_source_timestamp":335096533035465,"circlet_count":0,"master_deck":["AscendersBane","Defend_G+1","Defend_G","Defend_G","Defend_G","Defend_G+1","Survivor","Neutralize+1","Noxious Fumes+1","Deadly Poison","Catalyst+1","Crippling Poison","Adrenaline","Acrobatics","Envenom","After Image","Deadly Poison","Underhanded Strike+1","Leg Sweep","Acrobatics+1","Flechettes+1","PiercingWail","Well Laid Plans+1","After Image","Acrobatics+1","Masterful Stab+1","Footwork+1","Predator+1","PiercingWail","Bullet Time"],"special_seed":0,"relics":["Ring of the Snake","NeowsBlessing","War Paint","Letter Opener","Anchor","Mummified Hand","Bronze Scales","Molten Egg 2","Kunai","Snecko Eye","Bottled Lightning","Bird Faced Urn","Red Mask","Question Card","Busted Crown","Bag of Preparation","Shovel","Nunchaku","Ninja Scroll","Sundial","Art of War"],"potions_floor_usage":[10,29,33,50,50,55,55],"damage_taken":[{"damage":0,"enemies":"Jaw Worm","floor":1,"turns":1},{"damage":0,"enemies":"2 Louse","floor":3,"turns":1},{"damage":0,"enemies":"Lagavulin","floor":6,"turns":1},{"damage":17,"enemies":"Gremlin Nob","floor":8,"turns":5},{"damage":7,"enemies":"3 Sentries","floor":10,"turns":8},{"damage":12,"enemies":"Lagavulin","floor":13,"turns":6},{"damage":0,"enemies":"Hexaghost","floor":16,"turns":7},{"damage":20,"enemies":"Shell Parasite","floor":18,"turns":7},{"damage":0,"enemies":"Chosen","floor":19,"turns":4},{"damage":0,"enemies":"Shelled Parasite and Fungi","floor":21,"turns":4},{"damage":9,"enemies":"Centurion and Healer","floor":22,"turns":7},{"damage":7,"enemies":"Slavers","floor":23,"turns":5},{"damage":3,"enemies":"Gremlin Leader","floor":27,"turns":5},{"damage":0,"enemies":"Masked Bandits","floor":28,"turns":3},{"damage":5,"enemies":"Sentry and Sphere","floor":29,"turns":5},{"damage":8,"enemies":"Snecko","floor":30,"turns":4},{"damage":31,"enemies":"Collector","floor":33,"turns":7},{"damage":0,"enemies":"Orb Walker","floor":35,"turns":3},{"damage":0,"enemies":"3 Shapes","floor":39,"turns":3},{"damage":0,"enemies":"Nemesis","floor":40,"turns":7},{"damage":6,"enemies":"Writhing Mass","floor":41,"turns":5},{"damage":0,"enemies":"Sphere and 2 Shapes","floor":45,"turns":4},{"damage":3,"enemies":"Spire Growth","floor":47,"turns":4},{"damage":0,"enemies":"2 Orb Walkers","floor":48,"turns":4},{"damage":21,"enemies":"Time Eater","floor":50,"turns":11},{"damage":15,"enemies":"Shield and Spear","floor":54,"turns":6},{"damage":39,"enemies":"The Heart","floor":55,"turns":11}],"seed_played":"-4132026203961129259","potions_obtained":[{"floor":1,"key":"Energy Potion"},{"floor":8,"key":"GhostInAJar"},{"floor":16,"key":"SneckoOil"},{"floor":21,"key":"Energy Potion"},{"floor":23,"key":"Block Potion"},{"floor":40,"key":"Explosive Potion"},{"floor":41,"key":"EntropicBrew"}],"is_trial":false,"path_per_floor":["M","?","M","?","?","E","R","E","T","E","?","R","E","T","R","B",null,"M","M","?","M","M","E","R","$","T","E","?","M","M","$","R","B",null,"M","?","$","?","M","E","M","R","T","$","M","?","M","?","R","B",null,"R","$","E","B",null],"character_chosen":"THE_SILENT","items_purchased":["Question Card","PiercingWail","Well Laid Plans","Bullet Time"],"campfire_rested":2,"item_purchase_floors":[31,31,31,53],"current_hp_per_floor":[59,41,41,34,34,34,34,17,17,10,10,29,17,17,17,17,54,34,34,34,34,25,18,37,37,37,34,40,41,39,39,39,14,53,63,76,76,76,76,76,74,74,74,74,76,72,72,72,72,57,68,68,68,65,38],"gold":26,"neow_bonus":"THREE_ENEMY_KILL","is_prod":false,"is_daily":false,"chose_seed":false,"campfire_upgraded":3,"win_rate":0,"timestamp":1564538350,"path_taken":["M","?","M","?","?","E","R","E","T","E","?","R","E","?","R","BOSS","M","M","?","M","M","E","R","$","T","E","?","M","M","$","R","BOSS","M","?","?","?","?","E","M","R","T","$","M","?","M","?","R","BOSS","R","$","E","BOSS"],"build_version":"2019-07-17","purchased_purges":3,"victory":true,"max_hp_per_floor":[66,66,66,66,66,66,66,66,66,66,66,66,66,66,66,66,66,66,66,66,66,66,66,66,66,66,66,66,66,66,66,66,66,66,66,76,76,76,76,76,76,76,76,76,76,72,72,72,72,72,72,72,72,72,72],"card_choices":[{"not_picked":["Slice","Outmaneuver"],"picked":"Noxious Fumes","floor":1},{"not_picked":["Underhanded Strike","Outmaneuver"],"picked":"Deadly Poison","floor":3},{"not_picked":["Reflex","Flechettes"],"picked":"Escape Plan","floor":6},{"not_picked":["Prepared","Unload","Bane"],"picked":"SKIP","floor":8},{"not_picked":["Prepared","Bane"],"picked":"Unload","floor":8},{"not_picked":["Endless Agony","Dagger Throw"],"picked":"Catalyst","floor":10},{"not_picked":["Dodge and Roll","Cloak And Dagger"],"picked":"Crippling Poison","floor":13},{"not_picked":["Bullet Time","Doppelganger"],"picked":"Adrenaline","floor":16},{"not_picked":["Deflect","Bane+1"],"picked":"Acrobatics","floor":18},{"not_picked":["Backflip","Bane+1"],"picked":"Envenom","floor":19},{"not_picked":["Setup","Bane+1"],"picked":"Underhanded Strike+1","floor":21},{"not_picked":["Accuracy","Flying Knee+1","Poisoned Stab+1"],"picked":"SKIP","floor":22},{"not_picked":["Deadly Poison","Concentrate"],"picked":"Leg Sweep","floor":23},{"not_picked":["Dodge and Roll","Outmaneuver","Dagger Throw+1"],"picked":"SKIP","floor":27},{"not_picked":["Backflip","Flechettes+1"],"picked":"Acrobatics+1","floor":28},{"not_picked":["Dodge and Roll+1","Endless Agony+1"],"picked":"Flechettes+1","floor":29},{"not_picked":["Unload+1","Bouncing Flask","Setup"],"picked":"SKIP","floor":30},{"not_picked":["A Thousand Cuts","Bullet Time","Doppelganger"],"picked":"After Image","floor":33},{"not_picked":["Blade Dance+1"],"picked":"Acrobatics+1","floor":35},{"not_picked":["PiercingWail+1"],"picked":"Footwork+1","floor":39},{"not_picked":["Dagger Spray+1","Prepared"],"picked":"SKIP","floor":40},{"not_picked":["Dodge and Roll"],"picked":"Predator+1","floor":41},{"not_picked":["Dagger Spray+1"],"picked":"PiercingWail","floor":45},{"not_picked":["Cloak And Dagger","Outmaneuver"],"picked":"SKIP","floor":47},{"not_picked":["Slice+1","Dagger Throw+1"],"picked":"SKIP","floor":54}],"player_experience":1614517,"relics_obtained":[{"floor":6,"key":"Letter Opener"},{"floor":8,"key":"Anchor"},{"floor":9,"key":"Mummified Hand"},{"floor":10,"key":"Bronze Scales"},{"floor":13,"key":"Molten Egg 2"},{"floor":14,"key":"Kunai"},{"floor":23,"key":"Bottled Lightning"},{"floor":27,"key":"Bird Faced Urn"},{"floor":28,"key":"Red Mask"},{"floor":40,"key":"Bag of Preparation"},{"floor":43,"key":"Shovel"},{"floor":48,"key":"Nunchaku"},{"floor":49,"key":"Ninja Scroll"},{"floor":52,"key":"Sundial"},{"floor":54,"key":"Art of War"}],"event_choices":[{"damage_healed":0,"gold_gain":0,"player_choice":"Success","damage_taken":18,"relics_obtained":["War Paint"],"max_hp_gain":0,"max_hp_loss":0,"event_name":"Scrap Ooze","floor":2,"gold_loss":0},{"cards_removed":["Strike_G"],"damage_healed":0,"gold_gain":0,"player_choice":"Card Removal","damage_taken":7,"max_hp_gain":0,"max_hp_loss":0,"event_name":"Golden Wing","floor":4,"gold_loss":0},{"damage_healed":0,"gold_gain":0,"player_choice":"Ignored","damage_taken":0,"max_hp_gain":0,"max_hp_loss":0,"event_name":"Liars Game","floor":5,"gold_loss":0},{"damage_healed":0,"gold_gain":0,"player_choice":"Grow","damage_taken":0,"max_hp_gain":0,"max_hp_loss":0,"event_name":"Living Wall","floor":11,"gold_loss":0,"cards_upgraded":["Noxious Fumes"]},{"damage_healed":0,"gold_gain":0,"cards_transformed":["Strike_G","Strike_G"],"player_choice":"Became Test Subject","damage_taken":0,"max_hp_gain":0,"max_hp_loss":0,"event_name":"Drug Dealer","floor":20,"gold_loss":0,"cards_obtained":["After Image","Deadly Poison"]},{"damage_healed":0,"gold_gain":0,"player_choice":"Fought Bandits","damage_taken":0,"max_hp_gain":0,"max_hp_loss":0,"event_name":"Masked Bandits","floor":28,"gold_loss":0},{"cards_removed":["Unload"],"damage_healed":3,"gold_gain":0,"player_choice":"Offered Rare","damage_taken":0,"max_hp_gain":10,"max_hp_loss":0,"event_name":"Bonfire Elementals","floor":36,"gold_loss":0},{"damage_healed":0,"gold_gain":0,"player_choice":"1 cards matched","damage_taken":0,"max_hp_gain":0,"max_hp_loss":0,"event_name":"Match and Keep!","floor":38,"gold_loss":0,"cards_obtained":["Masterful Stab"]},{"damage_healed":0,"gold_gain":0,"player_choice":"Max HP","damage_taken":0,"max_hp_gain":0,"max_hp_loss":4,"event_name":"Winding Halls","floor":46,"gold_loss":0},{"damage_healed":0,"gold_gain":0,"player_choice":"Fight","damage_taken":0,"max_hp_gain":0,"max_hp_loss":0,"event_name":"Mysterious Sphere","floor":48,"gold_loss":0}],"is_beta":false,"boss_relics":[{"not_picked":["Sozu","Ectoplasm"],"picked":"Snecko Eye"},{"not_picked":["Calling Bell","Tiny House"],"picked":"Busted Crown"}],"items_purged_floors":[25,31,44],"is_endless":false,"potions_floor_spawned":[1,8,16,21,23,40,41],"ascension_level":15}