{"gold_per_floor":[114,129,129,148,148,148,161,161,212,247,247,260,50,119,119,193,193,212,262,280,343,393,393,427,427,484,82,132,132,143,172,172,247,247,265,315,334,345,17,42,42,92,92,142,142,263,263,280,280,280,280,280,280,11,42,42],"floor_reached":57,"playtime":2836,"items_purged":["Decay"],"score":2711,"play_id":"0f00b784-26d2-41a9-8536-6aee626caac3","local_time":"20190715224716","is_ascension_mode":true,"campfire_choices":[{"data":"Beam Cell","floor":6.0,"key":"SMITH"},{"data":"Sunder","floor":8.0,"key":"SMITH"},{"data":"Turbo","floor":15.0,"key":"SMITH"},{"floor":23.0,"key":"REST"},{"floor":25.0,"key":"REST"},{"data":"Steam Power","floor":29.0,"key":"SMITH"},{"data":"Coolheaded","floor":32.0,"key":"SMITH"},{"data":"Coolheaded","floor":41.0,"key":"SMITH"},{"data":"Blizzard","floor":45.0,"key":"SMITH"},{"data":"Go for the Eyes","floor":47.0,"key":"SMITH"},{"floor":49.0,"key":"RECALL"},{"data":"Biased Cognition","floor":53.0,"key":"SMITH"}],"neow_cost":"NONE","seed_source_timestamp":0,"circlet_count":0,"master_deck":["AscendersBane","Zap","Steam","Sunder+1","Amplify","Auto Shields","Meteor Strike","Go for the Eyes+1","Turbo+1","Beam Cell+1","Coolheaded+1","Hologram","Tempest","Machine Learning","Capacitor","Multi-Cast","Glacier","Darkness+1","Steam Power+1","Coolheaded+1","Hologram","Biased Cognition+1","Hologram+1","Coolheaded+1","Coolheaded+1","Blizzard+1","White Noise+1","Compile Driver","Recycle+1","Skim+1","Fusion+1"],"special_seed":0,"relics":["Pandora\u0027s Box","Regal Pillow","SsserpentHead","Medical Kit","Inserter","Du-Vu Doll","Tiny Chest","OrangePellets","Shuriken","Peace Pipe","Eternal Feather","Bottled Lightning","Ancient Tea Set","Toxic Egg 2","Pear","Mummified Hand"],"potions_floor_usage":[56,56],"damage_taken":[{"damage":1.0,"enemies":"Jaw Worm","floor":1.0,"turns":3.0},{"damage":0.0,"enemies":"Cultist","floor":2.0,"turns":4.0},{"damage":4.0,"enemies":"Small Slimes","floor":4.0,"turns":6.0},{"damage":1.0,"enemies":"Red Slaver","floor":7.0,"turns":3.0},{"damage":7.0,"enemies":"3 Sentries","floor":10.0,"turns":5.0},{"damage":5.0,"enemies":"Looter","floor":12.0,"turns":3.0},{"damage":2.0,"enemies":"Blue Slaver","floor":14.0,"turns":3.0},{"damage":16.0,"enemies":"Slime Boss","floor":16.0,"turns":4.0},{"damage":18.0,"enemies":"Chosen","floor":18.0,"turns":7.0},{"damage":18.0,"enemies":"Spheric Guardian","floor":20.0,"turns":5.0},{"damage":14.0,"enemies":"Cultist and Chosen","floor":21.0,"turns":5.0},{"damage":41.0,"enemies":"Slavers","floor":24.0,"turns":7.0},{"damage":0.0,"enemies":"Centurion and Healer","floor":30.0,"turns":7.0},{"damage":1.0,"enemies":"Book of Stabbing","floor":31.0,"turns":3.0},{"damage":31.0,"enemies":"Automaton","floor":33.0,"turns":9.0},{"damage":20.0,"enemies":"3 Darklings","floor":35.0,"turns":6.0},{"damage":8.0,"enemies":"3 Shapes","floor":37.0,"turns":2.0},{"damage":23.0,"enemies":"Transient","floor":38.0,"turns":6.0},{"damage":1.0,"enemies":"Nemesis","floor":40.0,"turns":9.0},{"damage":0.0,"enemies":"Maw","floor":48.0,"turns":6.0},{"damage":20.0,"enemies":"Awakened One","floor":50.0,"turns":10.0},{"damage":11.0,"enemies":"Donu and Deca","floor":51.0,"turns":11.0},{"damage":1,"enemies":"Shield and Spear","floor":55,"turns":2},{"damage":54,"enemies":"The Heart","floor":56,"turns":7}],"seed_played":"-3266091028711451100","potions_obtained":[{"floor":2.0,"key":"Swift Potion"},{"floor":4.0,"key":"Explosive Potion"},{"floor":10.0,"key":"AttackPotion"},{"floor":16.0,"key":"Ancient Potion"},{"floor":30.0,"key":"EssenceOfSteel"},{"floor":33.0,"key":"Dexterity Potion"},{"floor":35.0,"key":"Energy Potion"},{"floor":48.0,"key":"EssenceOfSteel"},{"floor":55,"key":"AttackPotion"}],"is_trial":false,"path_per_floor":["M","M","$","M","?","R","M","R","T","E","?","M","$","M","R","B",null,"M","?","M","M","?","R","E","R","T","$","T","R","M","E","R","B",null,"M","?","M","M","$","E","R","?","T","?","R","T","R","M","R","B","B",null,"R","$","E","B",null],"character_chosen":"DEFECT","items_purchased":["Medical Kit","Coolheaded","OrangePellets","SkillPotion","Bottled Lightning","Blizzard","Recycle+1","Skim+1","Swift Potion","FearPotion"],"campfire_rested":2,"item_purchase_floors":[13,27,27,27,39,39,54,54,54,54],"current_hp_per_floor":[63,63,63,59,59,59,58,58,58,51,51,46,46,44,44,28,60,42,42,24,10,10,46,5,41,41,41,41,41,41,40,40,9,56,36,36,28,5,5,4,19,55,55,55,55,65,65,65,65,45,34,57,65,65,64,10],"gold":42,"neow_bonus":"BOSS_RELIC","is_prod":false,"is_daily":false,"chose_seed":false,"campfire_upgraded":9,"win_rate":0,"timestamp":1563202036,"path_taken":["M","M","$","M","?","R","?","R","T","E","?","M","$","?","R","BOSS","M","?","M","?","?","R","E","R","T","$","?","R","M","E","R","BOSS","M","?","M","M","$","E","R","?","T","?","R","?","R","M","R","BOSS","BOSS","R","$","E","BOSS"],"build_version":"2019-07-05","purchased_purges":1,"victory":true,"max_hp_per_floor":[71,71,71,71,71,71,71,71,71,71,71,71,71,71,71,71,71,71,71,71,71,71,71,71,71,71,71,71,71,71,71,71,71,71,71,67,67,67,67,67,67,55,55,55,55,65,65,65,65,65,65,65,65,65,65,65],"card_choices":[{"not_picked":["Ball Lightning","Steam"],"picked":"Coolheaded","floor":1.0},{"not_picked":["Barrage","Cold Snap","Redo"],"picked":"SKIP","floor":2.0},{"not_picked":["Lockon","Sweeping Beam"],"picked":"Hologram","floor":4.0},{"not_picked":["Streamline","Hologram"],"picked":"Tempest","floor":7.0},{"not_picked":["Reinforced Body","Sweeping Beam","Hologram"],"picked":"SKIP","floor":10.0},{"not_picked":["Static Discharge","Scrape"],"picked":"Machine Learning","floor":12.0},{"not_picked":["Stack","Chill"],"picked":"Capacitor","floor":14.0},{"not_picked":["Buffer","Fission"],"picked":"Multi-Cast","floor":16.0},{"not_picked":["Beam Cell","Go for the Eyes"],"picked":"Glacier","floor":18.0},{"not_picked":["Beam Cell","Go for the Eyes","Streamline"],"picked":"SKIP","floor":20.0},{"not_picked":["Storm","Steam+1"],"picked":"Darkness+1","floor":21.0},{"not_picked":["Gash","Auto Shields"],"picked":"Steam Power","floor":24.0},{"not_picked":["Darkness","Sweeping Beam"],"picked":"Hologram","floor":30.0},{"not_picked":["Sweeping Beam+1","Cold Snap+1","Tempest"],"picked":"SKIP","floor":31.0},{"not_picked":["Fission","Creative AI"],"picked":"Biased Cognition","floor":33.0},{"not_picked":["Auto Shields+1","Steam"],"picked":"Hologram+1","floor":35.0},{"not_picked":["Gash","Steam"],"picked":"Coolheaded","floor":37.0},{"not_picked":["Sunder","Tempest+1"],"picked":"Coolheaded+1","floor":38.0},{"not_picked":["Cold Snap+1","Hologram"],"picked":"White Noise+1","floor":40.0},{"not_picked":["Rainbow+1","Go for the Eyes"],"picked":"Compile Driver","floor":48.0},{"not_picked":["Creative AI","Barrage+1"],"picked":"Fusion+1","floor":55}],"player_experience":2019225,"relics_obtained":[{"floor":10.0,"key":"Regal Pillow"},{"floor":24.0,"key":"Du-Vu Doll"},{"floor":26.0,"key":"Tiny Chest"},{"floor":28.0,"key":"Shuriken"},{"floor":31.0,"key":"Peace Pipe"},{"floor":40.0,"key":"Ancient Tea Set"},{"floor":43.0,"key":"Toxic Egg 2"},{"floor":46.0,"key":"Pear"},{"floor":55,"key":"Mummified Hand"}],"event_choices":[{"damage_healed":0.0,"max_hp_gain":0.0,"max_hp_loss":0.0,"gold_gain":0.0,"event_name":"Lab","player_choice":"Got Potions","floor":5.0,"gold_loss":0.0,"damage_taken":0.0},{"damage_healed":0.0,"max_hp_gain":0.0,"max_hp_loss":0.0,"gold_gain":0.0,"event_name":"FaceTrader","player_choice":"Trade","floor":11.0,"gold_loss":0.0,"damage_taken":0.0,"relics_obtained":["SsserpentHead"]},{"damage_healed":0.0,"max_hp_gain":0.0,"max_hp_loss":0.0,"gold_gain":0.0,"event_name":"Accursed Blacksmith","player_choice":"Forge","floor":19.0,"gold_loss":0.0,"damage_taken":0.0,"cards_upgraded":["Coolheaded"]},{"damage_healed":0.0,"max_hp_gain":0.0,"max_hp_loss":0.0,"gold_gain":0.0,"event_name":"Forgotten Altar","player_choice":"Smashed Altar","floor":22.0,"gold_loss":0.0,"damage_taken":0.0,"cards_obtained":["Decay"]},{"damage_healed":0.0,"max_hp_gain":0.0,"max_hp_loss":4.0,"gold_gain":0.0,"event_name":"Winding Halls","player_choice":"Max HP","floor":36.0,"gold_loss":0.0,"damage_taken":0.0},{"damage_healed":55.0,"max_hp_gain":0.0,"max_hp_loss":12.0,"gold_gain":0.0,"event_name":"The Moai Head","player_choice":"Heal","floor":42.0,"gold_loss":0.0,"damage_taken":0.0},{"cards_removed":["Dualcast"],"damage_healed":0.0,"max_hp_gain":0.0,"max_hp_loss":0.0,"gold_gain":0.0,"event_name":"Falling","player_choice":"Removed Skill","floor":44.0,"gold_loss":0.0,"damage_taken":0.0}],"is_beta":false,"boss_relics":[{"not_picked":["White Beast Statue","Sozu"],"picked":"Inserter"},{"not_picked":["Velvet Choker","Fusion Hammer"],"picked":"Eternal Feather"}],"items_purged_floors":[27],"is_endless":false,"potions_floor_spawned":[2,4,10,16,18,30,33,35,48,55],"ascension_level":20}