{"gold_per_floor":[109,119,119,194,40,40,64,129,129,129,148,179,193,226,226,356,356,381,381,381,381,397,397,397],"floor_reached":24,"playtime":1130,"items_purged":[],"score":289,"play_id":"2eb54c40-6a62-444b-8fe2-62a11cdbbbc6","local_time":"20180726105633","is_ascension_mode":true,"campfire_choices":[{"data":"Noxious Fumes","floor":6,"key":"SMITH"},{"data":"Noxious Fumes","floor":10,"key":"SMITH"},{"floor":15,"key":"DIG"},{"floor":23,"key":"DIG"}],"neow_cost":"","seed_source_timestamp":418081488021977,"circlet_count":0,"master_deck":["Survivor","Neutralize","Noxious Fumes+1","Deflect","Noxious Fumes+1","Catalyst","Cloak And Dagger","Catalyst","Deadly Poison","Backflip","Envenom","Bouncing Flask","Calculated Gamble","Escape Plan","Flechettes","Cloak And Dagger","Blade Dance","PiercingWail","Dagger Spray","Skewer","Sucker Punch","Cloak And Dagger","Flying Knee"],"relics":["Golden Idol","Anchor","Tiny Chest","Meat on the Bone","Juzu Bracelet","Shovel","Girya","Pandora\u0027s Box","Nloth\u0027s Gift","Potion Belt"],"potions_floor_usage":[7,12,22,24],"damage_taken":[{"damage":3,"enemies":"2 Louse","floor":1,"turns":3},{"damage":7,"enemies":"Small Slimes","floor":2,"turns":4},{"damage":0,"enemies":"Cultist","floor":7,"turns":5},{"damage":12,"enemies":"3 Sentries","floor":8,"turns":6},{"damage":2,"enemies":"2 Fungi Beasts","floor":11,"turns":4},{"damage":23,"enemies":"Gremlin Nob","floor":12,"turns":5},{"damage":0,"enemies":"Large Slime","floor":13,"turns":5},{"damage":12,"enemies":"Lagavulin","floor":14,"turns":5},{"damage":18,"enemies":"Hexaghost","floor":16,"turns":5},{"damage":10,"enemies":"Spheric Guardian","floor":18,"turns":4},{"damage":8,"enemies":"2 Thieves","floor":22,"turns":5},{"damage":44,"enemies":"Slaver and Parasite","floor":24,"turns":3}],"seed_played":"6011187199440886002","potions_obtained":[{"floor":1,"key":"Ancient Potion"},{"floor":2,"key":"Fruit Juice"},{"floor":11,"key":"SteroidPotion"},{"floor":13,"key":"Fire Potion"},{"floor":22,"key":"Energy Potion"}],"is_trial":false,"path_per_floor":["M","M","?","?","$","R","M","E","T","R","M","E","M","E","R","B",null,"M","?","?","?","M","R"],"character_chosen":"THE_SILENT","items_purchased":["Anchor"],"campfire_rested":0,"item_purchase_floors":[5],"current_hp_per_floor":[60,53,36,25,25,25,30,18,18,18,28,17,29,29,29,23,62,52,52,52,52,44,44,0],"gold":397,"neow_bonus":"","is_prod":false,"is_daily":false,"chose_seed":false,"campfire_upgraded":2,"win_rate":0,"timestamp":1532616993,"path_taken":["M","M","?","?","$","R","M","E","T","R","M","E","M","E","R","BOSS","M","?","?","?","M","R","M"],"build_version":"2018-07-19v2","purchased_purges":0,"victory":false,"max_hp_per_floor":[70,70,70,70,70,70,75,75,75,75,75,75,75,75,75,75,75,75,75,75,75,75,75,75],"card_choices":[{"not_picked":["Expertise","Prepared"],"picked":"Noxious Fumes","floor":1},{"not_picked":["Deadly Poison","Predator"],"picked":"Deflect","floor":2},{"not_picked":["Underhanded Strike","Prepared"],"picked":"Noxious Fumes","floor":7},{"not_picked":["Poisoned Stab","Calculated Gamble"],"picked":"Catalyst","floor":8},{"not_picked":["Underhanded Strike","All Out Attack"],"picked":"Cloak And Dagger","floor":11},{"not_picked":["Calculated Gamble","Heel Hook"],"picked":"Catalyst","floor":12},{"not_picked":["Distraction","Concentrate"],"picked":"Deadly Poison","floor":13},{"not_picked":["Blade Dance","Dagger Spray"],"picked":"Backflip","floor":14},{"not_picked":["Night Terror","Corpse Explosion"],"picked":"Envenom","floor":16},{"not_picked":["Masterful Stab","Finisher+1"],"picked":"Cloak And Dagger","floor":18},{"not_picked":["Dagger Spray","Underhanded Strike"],"picked":"Flying Knee","floor":22}],"player_experience":335571,"relics_obtained":[{"floor":8,"key":"Tiny Chest"},{"floor":9,"key":"Meat on the Bone"},{"floor":12,"key":"Juzu Bracelet"},{"floor":14,"key":"Shovel"},{"floor":15,"key":"Girya"},{"floor":23,"key":"Potion Belt"}],"event_choices":[{"event_name":"Golden Idol","player_choice":"Take Damage","floor":3,"damage_taken":0},{"event_name":"World of Goop","player_choice":"Gather Gold","floor":4,"damage_taken":0},{"event_name":"N\u0027loth","player_choice":"Traded a Ring of the Snake","floor":19,"damage_taken":0},{"event_name":"Ghosts","player_choice":"Ignored","floor":20,"damage_taken":0},{"event_name":"Vampires","player_choice":"Ignored","floor":21,"damage_taken":0}],"is_beta":false,"boss_relics":[{"not_picked":["Ring of the Serpent","Runic Dome"],"picked":"Pandora\u0027s Box"}],"items_purged_floors":[],"is_endless":false,"potions_floor_spawned":[1,2,11,13,22],"killed_by":"Slaver and Parasite","ascension_level":7}