{"gold_per_floor":[118,118,137,150,162,189,189,218,241,241,0,0,15,35,35,140,140,154,174,174,174,190,190,216,20,20,20,20,20,40,51,51,51],"floor_reached":33,"playtime":1641,"items_purged":["Pain"],"score":360,"play_id":"a7e2b06b-ef24-4d4a-973d-1ed966b37a23","local_time":"20190805235750","is_ascension_mode":true,"campfire_choices":[{"data":"Reaper","floor":7,"key":"SMITH"},{"floor":10,"key":"REST"},{"floor":15,"key":"REST"},{"floor":23,"key":"REST"},{"floor":29,"key":"REST"},{"floor":32,"key":"REST"}],"neow_cost":"NONE","seed_source_timestamp":77943169867800,"circlet_count":0,"master_deck":["Strike_R+1","Strike_R","Strike_R+1","Strike_R","Defend_R","Defend_R","Defend_R","Defend_R","Bash","Iron Wave","Clothesline","Dropkick","Thunderclap","Reaper+1","Hemokinesis","Flex","The Bomb","Shrug It Off","Pommel Strike","Heavy Blade","Body Slam","Anger","Juggernaut","Armaments+1","Ghostly Armor","Rage","Whirlwind+1","Inflame+1","Clash","Thunderclap","Infernal Blade+1","Double Tap"],"relics":["Burning Blood","Whetstone","Dream Catcher","Vajra","Red Skull","WarpedTongs","Runic Pyramid","Oddly Smooth Stone","Kunai"],"potions_floor_usage":[4,5,8,13,18,22,30,30,31],"damage_taken":[{"damage":1,"enemies":"Small Slimes","floor":1,"turns":4},{"damage":1,"enemies":"Cultist","floor":3,"turns":4},{"damage":4,"enemies":"Jaw Worm","floor":4,"turns":3},{"damage":6,"enemies":"Gremlin Gang","floor":5,"turns":5},{"damage":45,"enemies":"3 Sentries","floor":6,"turns":7},{"damage":46,"enemies":"Lagavulin","floor":8,"turns":7},{"damage":10,"enemies":"2 Fungi Beasts","floor":13,"turns":2},{"damage":0,"enemies":"Exordium Wildlife","floor":14,"turns":2},{"damage":21,"enemies":"Slime Boss","floor":16,"turns":5},{"damage":30,"enemies":"Spheric Guardian","floor":18,"turns":4},{"damage":43,"enemies":"2 Thieves","floor":19,"turns":4},{"damage":9,"enemies":"Sentry and Sphere","floor":22,"turns":3},{"damage":63,"enemies":"Gremlin Leader","floor":24,"turns":6},{"damage":0,"enemies":"Snake Plant","floor":30,"turns":4},{"damage":26,"enemies":"Shelled Parasite and Fungi","floor":31,"turns":3},{"damage":96,"enemies":"Automaton","floor":33,"turns":8}],"seed_played":"2403744418375140651","potions_obtained":[{"floor":1,"key":"Explosive Potion"},{"floor":3,"key":"Swift Potion"},{"floor":6,"key":"SneckoOil"},{"floor":8,"key":"SkillPotion"},{"floor":16,"key":"GamblersBrew"},{"floor":19,"key":"Strength Potion"},{"floor":22,"key":"SpeedPotion"}],"is_trial":false,"path_per_floor":["M","?","M","M","M","E","R","E","T","R","$","?","M","M","R","B",null,"M","M","?","?","M","R","E","$","T","$","?","R","M","M","R","B"],"character_chosen":"IRONCLAD","items_purchased":["The Bomb","Shrug It Off","Pommel Strike","BloodPotion","Explosive Potion"],"campfire_rested":5,"item_purchase_floors":[11,11,11,25,25],"current_hp_per_floor":[77,77,80,80,80,41,41,8,8,32,32,32,28,34,58,61,75,51,32,32,32,40,64,13,13,13,13,13,37,43,68,80,0],"gold":51,"neow_bonus":"RANDOM_COMMON_RELIC","is_prod":false,"is_daily":false,"chose_seed":false,"campfire_upgraded":1,"win_rate":0,"timestamp":1565067470,"path_taken":["M","?","M","M","?","E","R","E","T","R","$","?","M","M","R","BOSS","M","?","?","?","M","R","E","$","T","?","?","R","?","M","R","BOSS"],"build_version":"2019-07-17","purchased_purges":1,"victory":false,"max_hp_per_floor":[80,80,80,80,80,80,80,80,80,80,80,80,80,80,80,80,80,80,80,80,80,80,80,80,80,80,80,80,80,80,80,80,80],"card_choices":[{"not_picked":["Corruption","Dual Wield"],"picked":"Iron Wave","floor":1},{"not_picked":["Twin Strike","Perfected Strike"],"picked":"Clothesline","floor":3},{"not_picked":["Heavy Blade","Carnage"],"picked":"Dropkick","floor":4},{"not_picked":["Body Slam","Twin Strike"],"picked":"Thunderclap","floor":5},{"not_picked":["True Grit","Pommel Strike"],"picked":"Reaper","floor":6},{"not_picked":["Whirlwind","Heavy Blade"],"picked":"Hemokinesis","floor":8},{"not_picked":["Blood for Blood","Corruption"],"picked":"Flex","floor":10},{"not_picked":["Clothesline","Headbutt"],"picked":"Heavy Blade","floor":13},{"not_picked":["Heavy Blade","True Grit"],"picked":"Body Slam","floor":14},{"not_picked":["Rupture","Uppercut"],"picked":"Anger","floor":15},{"not_picked":["Barricade","Limit Break"],"picked":"Juggernaut","floor":16},{"not_picked":["Cleave","Clothesline"],"picked":"Armaments","floor":18},{"not_picked":["Rupture","Clothesline"],"picked":"Ghostly Armor","floor":19},{"not_picked":["Combust","Cleave"],"picked":"Rage","floor":22},{"not_picked":["Iron Wave","Anger"],"picked":"Whirlwind+1","floor":23},{"not_picked":["Seeing Red","Searing Blow"],"picked":"Inflame+1","floor":24},{"not_picked":["Warcry+1","Clothesline"],"picked":"Clash","floor":29},{"not_picked":["Dropkick","Armaments"],"picked":"Thunderclap","floor":30},{"not_picked":["Heavy Blade","Headbutt+1"],"picked":"Infernal Blade+1","floor":31},{"not_picked":["Rupture","Clothesline"],"picked":"Double Tap","floor":32}],"player_experience":239811,"relics_obtained":[{"floor":6,"key":"Dream Catcher"},{"floor":8,"key":"Vajra"},{"floor":9,"key":"Red Skull"},{"floor":24,"key":"Oddly Smooth Stone"},{"floor":26,"key":"Kunai"}],"event_choices":[{"cards_removed":["Strike_R"],"damage_healed":0,"gold_gain":0,"player_choice":"Offered Basic","damage_taken":0,"max_hp_gain":0,"max_hp_loss":0,"event_name":"Bonfire Elementals","floor":2,"gold_loss":0},{"damage_healed":0,"gold_gain":0,"player_choice":"Rummage","damage_taken":0,"relics_obtained":["WarpedTongs"],"max_hp_gain":0,"max_hp_loss":0,"event_name":"Accursed Blacksmith","floor":12,"gold_loss":0,"cards_obtained":["Pain"]},{"damage_healed":0,"gold_gain":0,"player_choice":"Ignored","damage_taken":0,"max_hp_gain":0,"max_hp_loss":0,"event_name":"Ghosts","floor":20,"gold_loss":0},{"damage_healed":0,"gold_gain":0,"player_choice":"Ignored","damage_taken":0,"max_hp_gain":0,"max_hp_loss":0,"event_name":"Vampires","floor":21,"gold_loss":0},{"damage_healed":0,"gold_gain":0,"player_choice":"Upgraded","damage_taken":0,"max_hp_gain":0,"max_hp_loss":0,"event_name":"Upgrade Shrine","floor":28,"gold_loss":0,"cards_upgraded":["Armaments"]}],"is_beta":false,"boss_relics":[{"not_picked":["Fusion Hammer","Black Star"],"picked":"Runic Pyramid"}],"items_purged_floors":[25],"is_endless":false,"potions_floor_spawned":[1,3,6,8,16,19,22],"killed_by":"Automaton","ascension_level":6}