{"gold_per_floor":[116,133,133,133,152,152,163,196,196,213,213,231,231,241,241,342,342],"floor_reached":17,"playtime":720,"items_purged":[],"score":183,"play_id":"11584051-36df-4633-8eb5-c9b71e5ebdd9","local_time":"20190512145049","is_ascension_mode":true,"campfire_choices":[{"data":"Survivor","floor":6,"key":"SMITH"},{"floor":13,"key":"REST"},{"floor":15,"key":"REST"}],"neow_cost":"CURSE","seed_source_timestamp":331248398102328,"circlet_count":0,"master_deck":["Defend_G","Defend_G","Defend_G","Defend_G","Defend_G","Strike_G","Strike_G","Strike_G","Strike_G","Survivor+1","Neutralize","Injury","Bane","Caltrops","All Out Attack","Noxious Fumes","PiercingWail","Riddle With Holes","Burst","Deadly Poison","Parasite","Injury","Writhe"],"relics":["Ring of the Snake","Ginger","Letter Opener","Tough Bandages","Ice Cream","Calling Bell","Dream Catcher","Pear","Gambling Chip"],"potions_floor_usage":[8,16],"damage_taken":[{"damage":2,"enemies":"2 Louse","floor":1,"turns":3},{"damage":3,"enemies":"Small Slimes","floor":2,"turns":5},{"damage":2,"enemies":"Cultist","floor":5,"turns":4},{"damage":6,"enemies":"Looter","floor":7,"turns":3},{"damage":29,"enemies":"Lagavulin","floor":8,"turns":6},{"damage":11,"enemies":"Exordium Thugs","floor":10,"turns":5},{"damage":0,"enemies":"2 Fungi Beasts","floor":12,"turns":3},{"damage":1,"enemies":"Blue Slaver","floor":14,"turns":4},{"damage":49,"enemies":"Slime Boss","floor":16,"turns":11}],"seed_played":"-3511263744656842364","potions_obtained":[{"floor":7,"key":"Poison Potion"},{"floor":10,"key":"Swift Potion"},{"floor":14,"key":"Strength Potion"},{"floor":16,"key":"FearPotion"}],"is_trial":false,"path_per_floor":["M","M","?","?","M","R","M","E","T","M","?","M","R","M","R","B",null],"character_chosen":"THE_SILENT","items_purchased":[],"campfire_rested":2,"item_purchase_floors":[],"current_hp_per_floor":[68,65,65,58,56,56,50,21,21,10,10,10,31,30,51,2,80],"gold":342,"neow_bonus":"ONE_RARE_RELIC","is_prod":false,"is_daily":false,"chose_seed":false,"campfire_upgraded":1,"win_rate":0,"timestamp":1557687049,"path_taken":["M","M","?","?","M","R","M","E","T","M","?","?","R","M","R","BOSS"],"build_version":"2019-01-23","purchased_purges":0,"victory":false,"max_hp_per_floor":[70,70,70,70,70,70,70,70,70,70,70,70,70,70,70,70,80],"card_choices":[{"not_picked":["Distraction","Underhanded Strike"],"picked":"Bane","floor":1},{"not_picked":["PiercingWail","Terror"],"picked":"Caltrops","floor":2},{"not_picked":["Poisoned Stab","Cloak And Dagger"],"picked":"All Out Attack","floor":5},{"not_picked":["Bane","Acrobatics","Backflip"],"picked":"SKIP","floor":7},{"not_picked":["Calculated Gamble","Dodge and Roll"],"picked":"Noxious Fumes","floor":8},{"not_picked":["Infinite Blades","Blade Dance"],"picked":"PiercingWail","floor":10},{"not_picked":["Quick Slash","Poisoned Stab"],"picked":"Burst","floor":12},{"not_picked":["Reflex","Deflect"],"picked":"Deadly Poison","floor":14}],"player_experience":989853,"relics_obtained":[{"floor":8,"key":"Tough Bandages"},{"floor":9,"key":"Ice Cream"},{"floor":17,"key":"Dream Catcher"},{"floor":17,"key":"Pear"},{"floor":17,"key":"Gambling Chip"}],"event_choices":[{"damage_healed":0,"gold_gain":0,"player_choice":"Box","damage_taken":0,"relics_obtained":["Letter Opener"],"max_hp_gain":0,"max_hp_loss":0,"event_name":"Big Fish","floor":3,"gold_loss":0,"cards_obtained":["Regret"]},{"cards_removed":["Regret"],"damage_healed":0,"gold_gain":0,"player_choice":"Card Removal","damage_taken":7,"max_hp_gain":0,"max_hp_loss":0,"event_name":"Golden Wing","floor":4,"gold_loss":0},{"damage_healed":0,"gold_gain":0,"cards_transformed":["Strike_G"],"player_choice":"Transformed","damage_taken":0,"max_hp_gain":0,"max_hp_loss":0,"event_name":"Transmorgrifier","floor":11,"gold_loss":0,"cards_obtained":["Riddle With Holes"]}],"is_beta":false,"boss_relics":[{"not_picked":["White Beast Statue","Empty Cage"],"picked":"Calling Bell"}],"items_purged_floors":[],"is_endless":false,"potions_floor_spawned":[7,10,14,16],"ascension_level":3}