{"gold_per_floor":[110,110,110,35,48,48,63,63,63,91,91,102,27,44,44,44],"floor_reached":16,"playtime":370,"items_purged":["Strike_R"],"score":200,"play_id":"c0a4d3b5-0a0d-427f-9cd1-26352dd8e294","local_time":"20190601210530","is_ascension_mode":true,"campfire_choices":[{"data":"Body Slam","floor":6.0,"key":"SMITH"},{"data":"Reckless Charge","floor":8.0,"key":"SMITH"},{"data":"Shockwave","floor":15.0,"key":"SMITH"}],"neow_cost":"TEN_PERCENT_HP_LOSS","seed_source_timestamp":21726351427900,"circlet_count":0,"master_deck":["AscendersBane","Defend_R","Defend_R","Defend_R","Defend_R","Bash","Body Slam+1","Second Wind","Reckless Charge+1","Shockwave+1"],"special_seed":0,"relics":["Burning Blood","FossilizedHelix","Bronze Scales"],"potions_floor_usage":[16,16],"damage_taken":[{"damage":2.0,"enemies":"Jaw Worm","floor":1.0,"turns":5.0},{"damage":0.0,"enemies":"2 Louse","floor":5.0,"turns":4.0},{"damage":5.0,"enemies":"Small Slimes","floor":7.0,"turns":4.0},{"damage":62.0,"enemies":"Lagavulin","floor":10.0,"turns":8.0},{"damage":1.0,"enemies":"Red Slaver","floor":12.0,"turns":3.0},{"damage":1.0,"enemies":"Exordium Thugs","floor":14.0,"turns":4.0},{"damage":16,"enemies":"Slime Boss","floor":16,"turns":8}],"seed_played":"-9135337238134985795","potions_obtained":[{"floor":1.0,"key":"LiquidBronze"},{"floor":12.0,"key":"Poison Potion"},{"floor":14.0,"key":"Block Potion"}],"is_trial":false,"path_per_floor":["M","?","?","?","M","R","M","R","T","E","?","M","$","M","R","B"],"character_chosen":"IRONCLAD","items_purchased":[],"campfire_rested":0,"item_purchase_floors":[],"current_hp_per_floor":[68,61,61,61,67,67,68,68,68,12,12,17,17,22,22,6],"gold":44,"neow_bonus":"REMOVE_TWO","is_prod":false,"is_daily":false,"chose_seed":false,"campfire_upgraded":3,"win_rate":0,"timestamp":1559394330,"path_taken":["M","?","?","?","M","R","M","R","T","E","?","?","?","M","R","BOSS"],"build_version":"2019-01-23","purchased_purges":1,"victory":false,"max_hp_per_floor":[68,68,68,68,68,68,68,68,68,68,68,68,68,68,68,68],"card_choices":[{"not_picked":["Dropkick","Anger"],"picked":"Body Slam","floor":1.0},{"not_picked":["Thunderclap","Intimidate"],"picked":"Second Wind","floor":5.0},{"not_picked":["Sword Boomerang","Headbutt"],"picked":"Reckless Charge","floor":7.0},{"not_picked":["Clash","Exhume"],"picked":"Shockwave","floor":10.0},{"not_picked":["Headbutt","Perfected Strike","True Grit"],"picked":"SKIP","floor":12.0},{"not_picked":["True Grit","Heavy Blade","Disarm"],"picked":"SKIP","floor":14.0}],"player_experience":1827924,"relics_obtained":[{"floor":10.0,"key":"FossilizedHelix"},{"floor":11.0,"key":"Bronze Scales"}],"event_choices":[{"cards_removed":["Strike_R"],"damage_healed":0.0,"max_hp_gain":0.0,"max_hp_loss":0.0,"gold_gain":0.0,"event_name":"Golden Wing","player_choice":"Card Removal","floor":2.0,"gold_loss":0.0,"damage_taken":7.0},{"damage_healed":0.0,"max_hp_gain":0.0,"max_hp_loss":0.0,"gold_gain":0.0,"event_name":"Liars Game","player_choice":"Ignored","floor":3.0,"gold_loss":0.0,"damage_taken":0.0},{"cards_removed":["Strike_R"],"damage_healed":0.0,"max_hp_gain":0.0,"max_hp_loss":0.0,"gold_gain":0.0,"event_name":"The Cleric","player_choice":"Card Removal","floor":4.0,"gold_loss":75.0,"damage_taken":0.0},{"damage_healed":0.0,"max_hp_gain":0.0,"max_hp_loss":0.0,"gold_gain":0.0,"event_name":"Wheel of Change","player_choice":"Relic","floor":11.0,"gold_loss":0.0,"damage_taken":0.0}],"is_beta":false,"boss_relics":[],"items_purged_floors":[13],"is_endless":false,"potions_floor_spawned":[1,12,14],"killed_by":"Slime Boss","ascension_level":20}