{"gold_per_floor":[118,268,35,35,35,35,79,102,126,162,205,217,229,18,18,109,109,125,141,121,139,157,157,198,198,251,251,282,85,85,10,10,83,83,100,100,100,119,119,150,150,250,305,338,132,148,182,227,227,227,227,227,227,8,40,40],"floor_reached":57,"playtime":2606,"items_purged":["Doubt","Defend_B","Decay"],"score":2860,"play_id":"4224f3dd-90de-425f-bd98-4935444f4893","local_time":"20190606175059","is_ascension_mode":true,"campfire_choices":[{"data":"Apotheosis","floor":6.0,"key":"SMITH"},{"data":"Consume","floor":12.0,"key":"SMITH"},{"data":"Defragment","floor":15.0,"key":"SMITH"},{"data":"Fission","floor":23.0,"key":"SMITH"},{"floor":25.0,"key":"REST"},{"data":"Coolheaded","floor":27.0,"key":"SMITH"},{"floor":32.0,"key":"REST"},{"floor":49.0,"key":"RECALL"},{"data":"Heatsinks","floor":53.0,"key":"SMITH"}],"neow_cost":"NONE","seed_source_timestamp":351468546830856,"circlet_count":0,"master_deck":["AscendersBane","Defend_B","Defend_B","Zap","Dualcast","Consume+1","Apotheosis+1","Coolheaded+1","Chill","Hologram","Defragment+1","Meteor Strike","Turbo","Enlightenment","Fission+1","Lockon+1","Force Field+1","Thunder Strike+1","Glacier","Hologram","Compile Driver","White Noise","Reboot","Heatsinks+1","Meteor Strike","Hologram+1","Undo","Echo Form","Capacitor+1","Tempest+1","Core Surge","Coolheaded+1"],"special_seed":0,"relics":["Cracked Core","NeowsBlessing","Bloody Idol","Shuriken","MawBank","Bag of Marbles","Astrolabe","Happy Flower","DataDisk","Darkstone Periapt","Runic Dome","Cables","Pocketwatch","Nunchaku","Calipers","Pear","Ice Cream","Bronze Scales"],"potions_floor_usage":[56],"damage_taken":[{"damage":0.0,"enemies":"Small Slimes","floor":1.0,"turns":1.0},{"damage":0.0,"enemies":"3 Sentries","floor":7.0,"turns":1.0},{"damage":0.0,"enemies":"2 Louse","floor":8.0,"turns":1.0},{"damage":2.0,"enemies":"Jaw Worm","floor":10.0,"turns":2.0},{"damage":39.0,"enemies":"Gremlin Nob","floor":11.0,"turns":4.0},{"damage":18.0,"enemies":"The Guardian","floor":16.0,"turns":7.0},{"damage":11.0,"enemies":"3 Byrds","floor":18.0,"turns":5.0},{"damage":0.0,"enemies":"Spheric Guardian","floor":19.0,"turns":2.0},{"damage":8.0,"enemies":"Shelled Parasite and Fungi","floor":21.0,"turns":7.0},{"damage":0.0,"enemies":"3 Cultists","floor":22.0,"turns":6.0},{"damage":19.0,"enemies":"Gremlin Leader","floor":24.0,"turns":6.0},{"damage":28.0,"enemies":"Slavers","floor":28.0,"turns":4.0},{"damage":11.0,"enemies":"Collector","floor":33.0,"turns":7.0},{"damage":21.0,"enemies":"3 Darklings","floor":35.0,"turns":4.0},{"damage":0.0,"enemies":"Orb Walker","floor":38.0,"turns":3.0},{"damage":10.0,"enemies":"Giant Head","floor":40.0,"turns":8.0},{"damage":0.0,"enemies":"Mind Bloom Boss Battle","floor":42.0,"turns":8.0},{"damage":8.0,"enemies":"Nemesis","floor":44.0,"turns":9.0},{"damage":1.0,"enemies":"Maw","floor":46.0,"turns":5.0},{"damage":2.0,"enemies":"Giant Head","floor":47.0,"turns":4.0},{"damage":9.0,"enemies":"2 Orb Walkers","floor":48.0,"turns":3.0},{"damage":24.0,"enemies":"Donu and Deca","floor":50.0,"turns":4.0},{"damage":25.0,"enemies":"Time Eater","floor":51.0,"turns":7.0},{"damage":17.0,"enemies":"Shield and Spear","floor":55.0,"turns":6.0},{"damage":36,"enemies":"The Heart","floor":56,"turns":10}],"seed_played":"-4966980737773541328","potions_obtained":[{"floor":8.0,"key":"Dexterity Potion"},{"floor":11.0,"key":"AttackPotion"},{"floor":16.0,"key":"Fire Potion"},{"floor":19.0,"key":"Weak Potion"},{"floor":20.0,"key":"FocusPotion"},{"floor":24.0,"key":"SkillPotion"},{"floor":33.0,"key":"FairyPotion"},{"floor":40.0,"key":"SteroidPotion"},{"floor":44.0,"key":"Weak Potion"},{"floor":47.0,"key":"Swift Potion"}],"is_trial":false,"path_per_floor":["M","?","$","?","?","R","E","M","T","M","E","R","?","$","R","B",null,"M","M","?","M","M","R","E","R","T","R","E","$","?","?","R","B",null,"M","?","?","M","$","E","T","?","T","E","$","M","E","?","R","B","B",null,"R","$","E","B",null],"character_chosen":"DEFECT","items_purchased":["Apotheosis","Coolheaded","Turbo","Enlightenment","Heatsinks","Block Potion","FocusPotion","Core Surge","Fire Potion"],"campfire_rested":2,"item_purchase_floors":[3,3,14,14,29,29,45,54,54],"current_hp_per_floor":[64,64,64,64,64,64,64,64,64,62,23,23,23,23,23,5,49,38,38,38,30,30,30,11,30,30,30,2,2,2,2,21,15,52,36,36,42,47,47,42,42,47,52,49,49,53,66,62,62,38,13,63,63,63,51,15],"gold":40,"neow_bonus":"THREE_ENEMY_KILL","is_prod":false,"is_daily":false,"chose_seed":false,"campfire_upgraded":6,"win_rate":0,"timestamp":1559814659,"path_taken":["M","?","$","?","?","R","E","?","T","M","E","R","?","?","R","BOSS","M","M","?","M","?","R","E","R","T","R","E","$","?","?","R","BOSS","M","?","?","?","?","E","?","?","T","E","$","M","E","?","R","BOSS","BOSS","R","$","E","BOSS"],"build_version":"2019-01-23","purchased_purges":3,"victory":true,"max_hp_per_floor":[71,71,71,64,64,64,64,64,64,64,64,64,64,64,64,64,64,64,64,64,64,64,64,64,64,64,64,64,64,64,64,64,64,64,64,64,70,70,70,70,70,70,70,70,70,70,80,80,80,80,80,80,80,80,80,80],"card_choices":[{"not_picked":["Turbo","Auto Shields"],"picked":"Consume","floor":1.0},{"not_picked":["Go for the Eyes","Tempest"],"picked":"Ball Lightning","floor":7.0},{"not_picked":["Doom and Gloom","Barrage"],"picked":"Chill","floor":8.0},{"not_picked":["Gash","Leap"],"picked":"Hologram","floor":10.0},{"not_picked":["Creative AI","Steam"],"picked":"Defragment","floor":11.0},{"not_picked":["Amplify","Machine Learning"],"picked":"Fission","floor":16.0},{"not_picked":["Scrape","Leap"],"picked":"Glacier","floor":18.0},{"not_picked":["Turbo","Gash"],"picked":"Hologram","floor":19.0},{"not_picked":["Double Energy","Fusion"],"picked":"Compile Driver","floor":21.0},{"not_picked":["Rebound","Redo","Cold Snap"],"picked":"SKIP","floor":22.0},{"not_picked":["Darkness","Go for the Eyes"],"picked":"White Noise","floor":24.0},{"not_picked":["Go for the Eyes","Steam"],"picked":"Reboot","floor":28.0},{"not_picked":["Hyperbeam","Thunder Strike"],"picked":"Meteor Strike","floor":33.0},{"not_picked":["Redo","Streamline+1"],"picked":"Hologram+1","floor":35.0},{"not_picked":["Force Field","Steam"],"picked":"Undo","floor":38.0},{"not_picked":["Heatsinks","Steam"],"picked":"Echo Form","floor":40.0},{"not_picked":["Reprogram","Gash"],"picked":"Capacitor+1","floor":44.0},{"not_picked":["BootSequence","Beam Cell"],"picked":"Tempest+1","floor":46.0},{"not_picked":["Auto Shields","Rebound+1","Streamline"],"picked":"SKIP","floor":47.0},{"not_picked":["Blizzard","Darkness"],"picked":"Coolheaded+1","floor":55.0}],"player_experience":1890473,"relics_obtained":[{"floor":7.0,"key":"Shuriken"},{"floor":9.0,"key":"MawBank"},{"floor":11.0,"key":"Bag of Marbles"},{"floor":24.0,"key":"Happy Flower"},{"floor":26.0,"key":"DataDisk"},{"floor":28.0,"key":"Darkstone Periapt"},{"floor":40.0,"key":"Cables"},{"floor":41.0,"key":"Pocketwatch"},{"floor":42.0,"key":"Nunchaku"},{"floor":44.0,"key":"Calipers"},{"floor":47.0,"key":"Pear"},{"floor":48.0,"key":"Ice Cream"},{"floor":55.0,"key":"Bronze Scales"}],"event_choices":[{"damage_healed":0.0,"max_hp_gain":0.0,"max_hp_loss":0.0,"gold_gain":150.0,"event_name":"Liars Game","player_choice":"AGREE","floor":2.0,"gold_loss":0.0,"damage_taken":0.0,"cards_obtained":["Doubt"]},{"damage_healed":0.0,"max_hp_gain":0.0,"max_hp_loss":7.0,"gold_gain":0.0,"event_name":"Golden Idol","player_choice":"Lose Max HP","floor":4.0,"gold_loss":0.0,"damage_taken":0.0,"relics_obtained":["Golden Idol"]},{"damage_healed":0.0,"max_hp_gain":0.0,"max_hp_loss":0.0,"gold_gain":0.0,"event_name":"The Cleric","player_choice":"Leave","floor":5.0,"gold_loss":0.0,"damage_taken":0.0},{"damage_healed":0.0,"max_hp_gain":0.0,"max_hp_loss":0.0,"gold_gain":0.0,"cards_transformed":["Strike_B"],"event_name":"Living Wall","player_choice":"Change","floor":13.0,"gold_loss":0.0,"damage_taken":0.0,"cards_obtained":["Meteor Strike"]},{"damage_healed":0.0,"max_hp_gain":0.0,"max_hp_loss":0.0,"gold_gain":0.0,"event_name":"The Woman in Blue","player_choice":"Bought 1 Potion","floor":20.0,"gold_loss":0.0,"damage_taken":0.0},{"damage_healed":0.0,"max_hp_gain":0.0,"max_hp_loss":0.0,"gold_gain":0.0,"event_name":"Forgotten Altar","player_choice":"Gave Idol","floor":30.0,"relics_lost":["Golden Idol"],"gold_loss":0.0,"damage_taken":0.0,"relics_obtained":["Bloody Idol"]},{"cards_removed":["Defend_B"],"damage_healed":0.0,"max_hp_gain":0.0,"max_hp_loss":0.0,"gold_gain":0.0,"event_name":"Beggar","player_choice":"Gave Gold","floor":31.0,"gold_loss":75.0,"damage_taken":0.0},{"cards_removed":["Ball Lightning"],"damage_healed":0.0,"max_hp_gain":0.0,"max_hp_loss":0.0,"gold_gain":0.0,"event_name":"Falling","player_choice":"Removed Attack","floor":36.0,"gold_loss":0.0,"damage_taken":0.0},{"damage_healed":0.0,"max_hp_gain":0.0,"max_hp_loss":0.0,"gold_gain":0.0,"event_name":"Wheel of Change","player_choice":"Cursed","floor":37.0,"gold_loss":0.0,"damage_taken":0.0,"cards_obtained":["Decay"]},{"damage_healed":0.0,"max_hp_gain":0.0,"max_hp_loss":0.0,"gold_gain":0.0,"event_name":"MindBloom","player_choice":"Fight","floor":42.0,"gold_loss":0.0,"damage_taken":0.0},{"damage_healed":0.0,"max_hp_gain":0.0,"max_hp_loss":0.0,"gold_gain":0.0,"event_name":"Mysterious Sphere","player_choice":"Fight","floor":48.0,"gold_loss":0.0,"damage_taken":0.0}],"is_beta":false,"boss_relics":[{"not_picked":["FrozenCore","White Beast Statue"],"picked":"Astrolabe"},{"not_picked":["Fusion Hammer","Calling Bell"],"picked":"Runic Dome"}],"items_purged_floors":[14,29,45],"is_endless":false,"potions_floor_spawned":[8,11,16,19,24,33,40,44,46,47,48],"ascension_level":20}