{"gold_per_floor":[119,119,132,82,101,101,113,113,113,146,146,166,13,35,35,138,138,156,71,83,8,25,25,25,25,25,25,37,62,62,162,162,265,265,276,276,276,286,119,119,172,206,206,81,101,101,0,12,12,12],"floor_reached":51,"playtime":2583,"items_purged":["Barricade+1","Strike_R+1","Defend_R+1"],"score":949,"play_id":"31ce22d9-fc8e-46a2-9b2d-0a5d29c5f9b9","local_time":"20181026210001","is_ascension_mode":true,"campfire_choices":[{"data":"Body Slam","floor":6,"key":"SMITH"},{"data":"Bash","floor":8,"key":"SMITH"},{"data":"Pommel Strike","floor":11,"key":"SMITH"},{"data":"Searing Blow","floor":15,"key":"SMITH"},{"data":"Fiend Fire","floor":25,"key":"SMITH"},{"data":"Searing Blow+1","floor":27,"key":"SMITH"},{"data":"Searing Blow+2","floor":30,"key":"SMITH"},{"data":"1","floor":32,"key":"LIFT"},{"data":"Demon Form","floor":40,"key":"SMITH"},{"data":"Searing Blow+4","floor":46,"key":"SMITH"},{"floor":49,"key":"REST"}],"neow_cost":"NONE","seed_source_timestamp":1171554819813492,"circlet_count":0,"master_deck":["Defend_R+1","Defend_R+1","Defend_R+1","Bash+1","Metallicize","Pommel Strike+1","Spot Weakness","Searing Blow+5","Fiend Fire+1","Iron Wave+1","Feel No Pain+1","Ghostly Armor","Thunderclap+1","Immolate+1","True Grit","Demon Form+1","Shrug It Off+1"],"relics":["Burning Blood","Pocketwatch","Gremlin Horn","Red Skull","Bronze Scales","Odd Mushroom","Astrolabe","PreservedInsect","Bottled Tornado","Pen Nib","Girya","Question Card","Sozu","NlothsMask","Unceasing Top","Whetstone","Red Mask"],"potions_floor_usage":[10,14,28,31,42,50],"damage_taken":[{"damage":2,"enemies":"2 Louse","floor":1,"turns":3},{"damage":2,"enemies":"Jaw Worm","floor":3,"turns":6},{"damage":1,"enemies":"Cultist","floor":5,"turns":5},{"damage":1,"enemies":"3 Louse","floor":7,"turns":5},{"damage":11,"enemies":"3 Sentries","floor":10,"turns":9},{"damage":0,"enemies":"Blue Slaver","floor":12,"turns":4},{"damage":0,"enemies":"The Mushroom Lair","floor":14,"turns":4},{"damage":37,"enemies":"Slime Boss","floor":16,"turns":10},{"damage":12,"enemies":"Shell Parasite","floor":18,"turns":5},{"damage":18,"enemies":"3 Byrds","floor":20,"turns":4},{"damage":12,"enemies":"Snake Plant","floor":22,"turns":3},{"damage":9,"enemies":"Cultist and Chosen","floor":28,"turns":5},{"damage":9,"enemies":"Gremlin Leader","floor":29,"turns":4},{"damage":10,"enemies":"Colosseum Slavers","floor":31,"turns":5},{"damage":0,"enemies":"Colosseum Nobs","floor":31,"turns":3},{"damage":15,"enemies":"Champ","floor":33,"turns":8},{"damage":6,"enemies":"3 Darklings","floor":35,"turns":3},{"damage":6,"enemies":"3 Shapes","floor":38,"turns":2},{"damage":19,"enemies":"2 Orb Walkers","floor":41,"turns":3},{"damage":21,"enemies":"Giant Head","floor":42,"turns":5},{"damage":7,"enemies":"3 Darklings","floor":45,"turns":4},{"damage":9,"enemies":"Spire Growth","floor":48,"turns":4},{"damage":59,"enemies":"Donu and Deca","floor":50,"turns":6}],"seed_played":"4884716876412720075","potions_obtained":[{"floor":1,"key":"Block Potion"},{"floor":5,"key":"LiquidBronze"},{"floor":16,"key":"SpeedPotion"},{"floor":20,"key":"Ancient Potion"},{"floor":28,"key":"Ancient Potion"},{"floor":29,"key":"Energy Potion"}],"is_trial":false,"path_per_floor":["M","?","M","?","M","R","M","R","T","E","R","M","$","?","R","B",null,"M","?","M","$","M","?","?","R","T","R","M","E","R","?","R","B",null,"M","?","?","M","$","R","?","E","T","$","M","R","?","M","R","B"],"character_chosen":"IRONCLAD","items_purchased":["Bronze Scales","Demon Form"],"campfire_rested":1,"item_purchase_floors":[13,39],"current_hp_per_floor":[80,73,77,77,80,80,80,80,80,75,75,80,80,80,80,49,80,74,74,62,62,56,56,56,56,56,56,53,50,50,52,52,43,80,80,80,80,80,80,80,67,52,52,52,51,51,51,48,72,19],"gold":12,"neow_bonus":"REMOVE_CARD","is_prod":false,"is_daily":false,"chose_seed":false,"campfire_upgraded":9,"win_rate":0,"timestamp":1540555201,"path_taken":["M","?","M","?","M","R","M","R","T","E","R","M","$","?","R","BOSS","M","?","M","$","M","?","?","R","T","R","?","E","R","?","R","BOSS","M","?","?","M","?","R","?","E","T","$","M","R","?","M","R","BOSS"],"build_version":"2018-10-25v2","purchased_purges":3,"victory":true,"max_hp_per_floor":[80,80,80,80,80,80,80,80,80,80,80,80,80,80,80,80,80,80,80,80,80,80,80,80,80,80,80,80,80,80,80,80,80,80,80,80,80,80,80,80,80,80,80,80,80,80,80,80,80,80],"card_choices":[{"not_picked":["Sentinel","Ghostly Armor"],"picked":"Metallicize","floor":1},{"not_picked":["Dropkick","Sever Soul"],"picked":"Body Slam","floor":3},{"not_picked":["Headbutt","Perfected Strike","Bloodletting"],"picked":"SKIP","floor":5},{"not_picked":["Carnage","Fire Breathing","Anger"],"picked":"SKIP","floor":7},{"not_picked":["Intimidate","Heavy Blade"],"picked":"Pommel Strike","floor":10},{"not_picked":["Sword Boomerang","Wild Strike"],"picked":"Spot Weakness","floor":12},{"not_picked":["Wild Strike","Pommel Strike"],"picked":"Searing Blow","floor":14},{"not_picked":["Offering","Berserk"],"picked":"Fiend Fire","floor":16},{"not_picked":["Combust","Twin Strike","Second Wind"],"picked":"SKIP","floor":18},{"not_picked":["Havoc+1","Heavy Blade","Perfected Strike"],"picked":"SKIP","floor":20},{"not_picked":["Feel No Pain","Bludgeon"],"picked":"Ghostly Armor","floor":22},{"not_picked":["Warcry","Rage+1","Inflame"],"picked":"SKIP","floor":28},{"not_picked":["Searing Blow+1","Flex"],"picked":"Thunderclap+1","floor":29},{"not_picked":["Offering","Demon Form","Exhume"],"picked":"Immolate","floor":33},{"not_picked":["Perfected Strike","Searing Blow","Headbutt"],"picked":"True Grit","floor":35},{"not_picked":["Sever Soul+1","Sword Boomerang+1","Iron Wave+1","Cleave"],"picked":"SKIP","floor":38},{"not_picked":["Burning Pact","Dark Embrace","Whirlwind+1"],"picked":"Shrug It Off+1","floor":41},{"not_picked":["Thunderclap","Hemokinesis","Headbutt+1","Armaments+1"],"picked":"SKIP","floor":42},{"not_picked":["Anger+1","Seeing Red","Shrug It Off+1","Pummel+1"],"picked":"SKIP","floor":45},{"not_picked":["Clothesline","Rage+1","Perfected Strike+1","Flex+1"],"picked":"SKIP","floor":48}],"player_experience":408624,"relics_obtained":[{"floor":9,"key":"Gremlin Horn"},{"floor":10,"key":"Red Skull"},{"floor":14,"key":"Odd Mushroom"},{"floor":26,"key":"Bottled Tornado"},{"floor":29,"key":"Pen Nib"},{"floor":31,"key":"Girya"},{"floor":31,"key":"Question Card"},{"floor":41,"key":"Unceasing Top"},{"floor":42,"key":"Whetstone"}],"event_choices":[{"damage_healed":0,"gold_gain":0,"player_choice":"Success","damage_taken":7,"relics_obtained":["Pocketwatch"],"max_hp_gain":0,"max_hp_loss":0,"event_name":"Scrap Ooze","floor":2,"gold_loss":0},{"cards_removed":["Strike_R"],"damage_healed":0,"gold_gain":0,"player_choice":"Card Removal","damage_taken":0,"max_hp_gain":0,"max_hp_loss":0,"event_name":"The Cleric","floor":4,"gold_loss":50},{"damage_healed":0,"gold_gain":0,"player_choice":"Fought Mushrooms","damage_taken":0,"max_hp_gain":0,"max_hp_loss":0,"event_name":"Mushrooms","floor":14,"gold_loss":0},{"damage_healed":0,"gold_gain":0,"player_choice":"Obtained Relic","damage_taken":0,"relics_obtained":["PreservedInsect"],"max_hp_gain":0,"max_hp_loss":0,"event_name":"Addict","floor":19,"gold_loss":85},{"damage_healed":0,"gold_gain":0,"player_choice":"Ignored","damage_taken":0,"max_hp_gain":0,"max_hp_loss":0,"event_name":"Ghosts","floor":23,"gold_loss":0},{"damage_healed":0,"gold_gain":0,"player_choice":"Simplicity","damage_taken":0,"max_hp_gain":0,"max_hp_loss":0,"event_name":"Back to Basics","floor":24,"gold_loss":0,"cards_upgraded":["Strike_R","Defend_R","Defend_R","Defend_R","Defend_R"]},{"damage_healed":0,"gold_gain":0,"player_choice":"Fight","damage_taken":0,"max_hp_gain":0,"max_hp_loss":0,"event_name":"Colosseum","floor":31,"gold_loss":0},{"damage_healed":0,"gold_gain":0,"player_choice":"Fought Nobs","damage_taken":0,"max_hp_gain":0,"max_hp_loss":0,"event_name":"Colosseum","floor":31,"gold_loss":0},{"damage_healed":0,"gold_gain":0,"player_choice":"Trade","damage_taken":0,"relics_obtained":["NlothsMask"],"max_hp_gain":0,"max_hp_loss":0,"event_name":"FaceTrader","floor":36,"gold_loss":0},{"damage_healed":0,"gold_gain":0,"player_choice":"Forge","damage_taken":0,"max_hp_gain":0,"max_hp_loss":0,"event_name":"Accursed Blacksmith","floor":37,"gold_loss":0,"cards_upgraded":["Immolate"]},{"damage_healed":0,"gold_gain":0,"player_choice":"Fight","damage_taken":0,"max_hp_gain":0,"max_hp_loss":0,"event_name":"Mysterious Sphere","floor":41,"gold_loss":0},{"damage_healed":0,"gold_gain":0,"player_choice":"Paid","damage_taken":0,"relics_obtained":["Red Mask"],"max_hp_gain":0,"max_hp_loss":0,"event_name":"Tomb of Lord Red Mask","floor":47,"gold_loss":101}],"is_beta":false,"boss_relics":[{"not_picked":["Runic Dome","Velvet Choker"],"picked":"Astrolabe"},{"not_picked":["Pandora\u0027s Box","Cursed Key"],"picked":"Sozu"}],"items_purged_floors":[21,39,44],"is_endless":false,"potions_floor_spawned":[1,5,16,20,28,29,31,35,38,45,48],"ascension_level":4}