{"gold_per_floor":[112,123,138,151,121,121,132,147,200,212,223,21,0,28,28,28],"floor_reached":16,"playtime":715,"items_purged":[],"score":180,"play_id":"e3e1e1ad-35e0-4e83-91b4-9ab2018056f9","local_time":"20190517171359","is_ascension_mode":true,"campfire_choices":[{"floor":6,"key":"REST"},{"floor":15,"key":"REST"}],"neow_cost":"NONE","seed_source_timestamp":2757891188204404,"circlet_count":0,"master_deck":["AscendersBane","Defend_G","Defend_G","Defend_G","Defend_G","Defend_G","Strike_G","Strike_G","Strike_G","Strike_G","Strike_G","Survivor","Neutralize","Poisoned Stab","Leg Sweep","Slice","Dodge and Roll","PiercingWail","Dagger Spray","Dodge and Roll","Well Laid Plans","Well Laid Plans","Caltrops","Backflip"],"relics":["Ring of the Snake","Dream Catcher","Regal Pillow","PrismaticShard","Bronze Scales"],"potions_floor_usage":[],"damage_taken":[{"damage":0,"enemies":"Cultist","floor":1,"turns":4},{"damage":0,"enemies":"Jaw Worm","floor":2,"turns":4},{"damage":0,"enemies":"2 Louse","floor":3,"turns":3},{"damage":3,"enemies":"2 Fungi Beasts","floor":4,"turns":5},{"damage":3,"enemies":"Looter","floor":5,"turns":4},{"damage":1,"enemies":"Red Slaver","floor":7,"turns":6},{"damage":0,"enemies":"3 Louse","floor":8,"turns":3},{"damage":16,"enemies":"Exordium Wildlife","floor":10,"turns":7},{"damage":2,"enemies":"Red Slaver","floor":11,"turns":5},{"damage":24,"enemies":"3 Sentries","floor":14,"turns":12},{"damage":57,"enemies":"Slime Boss","floor":16,"turns":13}],"seed_played":"2666412364791529827","potions_obtained":[{"floor":1,"key":"Ancient Potion"},{"floor":2,"key":"SpeedPotion"}],"is_trial":false,"path_per_floor":["M","M","M","M","M","R","M","M","T","M","M","$","?","E","R","B"],"character_chosen":"THE_SILENT","items_purchased":["PrismaticShard"],"campfire_rested":2,"item_purchase_floors":[12],"current_hp_per_floor":[59,59,59,56,53,66,65,65,65,49,47,47,47,23,57,0],"gold":28,"neow_bonus":"RANDOM_COMMON_RELIC","is_prod":false,"is_daily":false,"chose_seed":false,"campfire_upgraded":0,"win_rate":0,"timestamp":1558070039,"path_taken":["M","M","M","M","M","R","M","M","T","M","M","$","?","E","R","BOSS"],"build_version":"2019-01-23","purchased_purges":0,"victory":false,"max_hp_per_floor":[66,66,66,66,66,66,66,66,66,66,66,66,66,66,66,66],"card_choices":[{"not_picked":["Calculated Gamble","Masterful Stab"],"picked":"Poisoned Stab","floor":1},{"not_picked":["Sucker Punch","Masterful Stab"],"picked":"Leg Sweep","floor":2},{"not_picked":["Tactician","Deflect"],"picked":"Slice","floor":3},{"not_picked":["Sucker Punch","Crippling Poison"],"picked":"Dodge and Roll","floor":4},{"not_picked":["Masterful Stab","Terror"],"picked":"PiercingWail","floor":5},{"not_picked":["Acrobatics","Flechettes"],"picked":"Dagger Spray","floor":6},{"not_picked":["Cloak And Dagger","Bullet Time"],"picked":"Dodge and Roll","floor":7},{"not_picked":["Acrobatics","Blade Dance"],"picked":"Well Laid Plans","floor":8},{"not_picked":["Prepared","Predator"],"picked":"Well Laid Plans","floor":10},{"not_picked":["Outmaneuver","Cloak And Dagger"],"picked":"Caltrops","floor":11},{"not_picked":["Prepared","Fiend Fire","Deadly Poison"],"picked":"SKIP","floor":14},{"not_picked":["Sweeping Beam","Poisoned Stab"],"picked":"Backflip","floor":15}],"player_experience":284839,"relics_obtained":[{"floor":9,"key":"Regal Pillow"},{"floor":14,"key":"Bronze Scales"}],"event_choices":[{"damage_healed":0,"gold_gain":0,"player_choice":"Left Gold","damage_taken":0,"max_hp_gain":0,"max_hp_loss":0,"event_name":"World of Goop","floor":13,"gold_loss":21}],"is_beta":false,"boss_relics":[],"items_purged_floors":[],"is_endless":false,"potions_floor_spawned":[1,2,4,8],"killed_by":"Slime Boss","ascension_level":14}