{"gold_per_floor":[114,129,129,79,30,62,62,62,113,113,153,179,224,236,248,385,397,429,455,26,26,42,81,104,119,172,190,206,206,206,206,206,311,311,330,160,178,30,46,80,100,0,0,0,11,39,39,55,55,55],"floor_reached":50,"playtime":2693,"items_purged":["Writhe","Decay"],"score":763,"play_id":"593cbc6b-4a02-4559-a16a-b2b0de678cf9","local_time":"20190517133607","is_ascension_mode":true,"campfire_choices":[{"data":"Zap","floor":7.0,"key":"SMITH"},{"floor":10.0,"key":"REST"},{"floor":15.0,"key":"REST"},{"floor":29.0,"key":"REST"},{"data":"Defragment","floor":32.0,"key":"SMITH"},{"data":"Buffer","floor":47,"key":"SMITH"},{"floor":49,"key":"REST"}],"neow_cost":"TEN_PERCENT_HP_LOSS","seed_source_timestamp":0,"circlet_count":0,"master_deck":["Strike_B","Strike_B","Strike_B","Defend_B","Defend_B","Defend_B","Defend_B","Zap+1","Dualcast","Panache+1","Finesse","Capacitor","FTL","Conserve Battery","Compile Driver","Coolheaded","Coolheaded","Echo Form","Clumsy","Glacier","Sweeping Beam","Hologram","Defragment+1","Ball Lightning","Redo+1","White Noise","FTL","Buffer+1","Gash+1","Amplify","Self Repair+1","Gash+1","Gash","Parasite","Lockon+1","Coolheaded+1"],"special_seed":0,"relics":["Cracked Core","Pen Nib","Bloody Idol","Regal Pillow","Happy Flower","MawBank","Vajra","Calling Bell","Bag of Marbles","Ornamental Fan","Nunchaku","Bag of Preparation","Nloth\u0027s Gift","Oddly Smooth Stone","Tiny Chest","Bird Faced Urn","PreservedInsect","Bottled Tornado","Red Mask","Smiling Mask","Gremlin Horn"],"potions_floor_usage":[40,50],"damage_taken":[{"damage":9.0,"enemies":"Cultist","floor":1.0,"turns":5.0},{"damage":4.0,"enemies":"2 Louse","floor":2.0,"turns":3.0},{"damage":24.0,"enemies":"Lagavulin","floor":6.0,"turns":6.0},{"damage":28.0,"enemies":"Gremlin Nob","floor":11.0,"turns":4.0},{"damage":11.0,"enemies":"Lagavulin","floor":13.0,"turns":5.0},{"damage":5.0,"enemies":"The Guardian","floor":16.0,"turns":9.0},{"damage":30.0,"enemies":"Shell Parasite","floor":18.0,"turns":5.0},{"damage":26.0,"enemies":"3 Byrds","floor":19.0,"turns":3.0},{"damage":25.0,"enemies":"Snecko","floor":22.0,"turns":6.0},{"damage":31.0,"enemies":"Book of Stabbing","floor":23.0,"turns":5.0},{"damage":10.0,"enemies":"Shelled Parasite and Fungi","floor":24.0,"turns":5.0},{"damage":3.0,"enemies":"3 Cultists","floor":25.0,"turns":5.0},{"damage":11.0,"enemies":"Snake Plant","floor":27.0,"turns":5.0},{"damage":0.0,"enemies":"Sentry and Sphere","floor":28.0,"turns":5.0},{"damage":0.0,"enemies":"Champ","floor":33.0,"turns":9.0},{"damage":0,"enemies":"3 Shapes","floor":35,"turns":1},{"damage":17,"enemies":"Orb Walker","floor":37,"turns":4},{"damage":25,"enemies":"4 Shapes","floor":39,"turns":6},{"damage":28,"enemies":"Giant Head","floor":40,"turns":7},{"damage":0,"enemies":"Writhing Mass","floor":41,"turns":7},{"damage":0,"enemies":"Maw","floor":45,"turns":7},{"damage":39,"enemies":"Nemesis","floor":46,"turns":5},{"damage":55,"enemies":"Transient","floor":48,"turns":5},{"damage":91,"enemies":"Awakened One","floor":50,"turns":9}],"seed_played":"-1927195105695663456","potions_obtained":[{"floor":2.0,"key":"FocusPotion"},{"floor":13.0,"key":"Regen Potion"},{"floor":16.0,"key":"Explosive Potion"},{"floor":19.0,"key":"FocusPotion"},{"floor":24.0,"key":"Regen Potion"},{"floor":27.0,"key":"FearPotion"},{"floor":33.0,"key":"Regen Potion"},{"floor":35,"key":"GamblersBrew"},{"floor":39,"key":"Block Potion"},{"floor":41,"key":"SteroidPotion"}],"is_trial":false,"path_per_floor":["M","M","?","?","$","E","R","?","T","R","E","T","E","$","R","B",null,"M","M","$","?","M","E","M","M","T","M","M","R","T","?","R","B",null,"M","$","M","$","M","E","M","?","T","$","M","E","R","M","R","B"],"character_chosen":"DEFECT","items_purchased":["Conserve Battery","Lee\u0027s Waffle","Bag of Preparation","Hologram","Amplify","PreservedInsect"],"campfire_rested":4,"item_purchase_floors":[5,20,20,20,36,38],"current_hp_per_floor":[59,55,55,55,55,31,31,31,31,63,35,35,24,24,57,52,60,30,4,70,70,45,14,13,10,10,13,13,49,49,49,49,70,70,70,70,66,66,58,69,70,70,70,70,70,52,52,26,62,0],"gold":55,"neow_bonus":"RANDOM_COLORLESS_2","is_prod":false,"is_daily":false,"chose_seed":false,"campfire_upgraded":3,"win_rate":0,"timestamp":1558114567,"path_taken":["M","?","?","?","?","E","R","?","T","R","E","?","E","$","R","BOSS","M","M","$","?","M","E","M","?","T","M","M","R","?","?","R","BOSS","M","$","M","$","M","E","M","?","T","?","M","E","R","M","R","BOSS"],"build_version":"2019-01-23","purchased_purges":2,"victory":false,"max_hp_per_floor":[68,68,68,68,68,68,68,63,63,63,63,63,63,63,63,63,63,63,63,70,70,70,70,70,70,70,70,70,70,70,70,70,70,70,70,70,70,70,70,70,70,70,70,70,70,70,70,70,70,70],"card_choices":[{"not_picked":["Force Field","Fusion"],"picked":"Capacitor","floor":1.0},{"not_picked":["Static Discharge","Conserve Battery"],"picked":"FTL","floor":2.0},{"not_picked":["Recycle","Meteor Strike"],"picked":"Compile Driver","floor":6.0},{"not_picked":["Consume","Cold Snap"],"picked":"Coolheaded","floor":11.0},{"not_picked":["Multi-Cast","Capacitor"],"picked":"Coolheaded","floor":13.0},{"not_picked":["Biased Cognition","Reboot"],"picked":"Echo Form","floor":16.0},{"not_picked":["Consume","Rebound"],"picked":"Glacier","floor":18.0},{"not_picked":["Melter+1","Ball Lightning"],"picked":"Sweeping Beam","floor":19.0},{"not_picked":["Steam+1","Storm+1"],"picked":"Defragment","floor":22.0},{"not_picked":["Echo Form","Rainbow"],"picked":"Ball Lightning","floor":23.0},{"not_picked":["Rebound","Sweeping Beam+1"],"picked":"Redo+1","floor":24.0},{"not_picked":["Cold Snap","Compile Driver"],"picked":"White Noise","floor":25.0},{"not_picked":["Meteor Strike","Consume"],"picked":"FTL","floor":27.0},{"not_picked":["Chaos","Streamline","Sweeping Beam"],"picked":"SKIP","floor":28.0},{"not_picked":["Rainbow","Machine Learning"],"picked":"Buffer","floor":33.0},{"not_picked":["Hologram","Stack"],"picked":"Gash+1","floor":35},{"not_picked":["Lockon","Sweeping Beam+1"],"picked":"Self Repair+1","floor":37},{"not_picked":["Stack","Rebound"],"picked":"Gash+1","floor":39},{"not_picked":["Machine Learning","Leap+1"],"picked":"Gash","floor":40},{"not_picked":["Coolheaded+1","Ball Lightning+1"],"picked":"Lockon+1","floor":41},{"not_picked":["Skim","Go for the Eyes","Leap+1"],"picked":"SKIP","floor":45},{"not_picked":["Multi-Cast","Cold Snap+1"],"picked":"Coolheaded+1","floor":46},{"not_picked":["Beam Cell+1","Auto Shields+1","Skim+1"],"picked":"SKIP","floor":48}],"player_experience":206383,"relics_obtained":[{"floor":6.0,"key":"Pen Nib"},{"floor":9.0,"key":"Regal Pillow"},{"floor":11.0,"key":"Happy Flower"},{"floor":12.0,"key":"MawBank"},{"floor":13.0,"key":"Vajra"},{"floor":17.0,"key":"Bag of Marbles"},{"floor":17.0,"key":"Ornamental Fan"},{"floor":17.0,"key":"Nunchaku"},{"floor":23.0,"key":"Oddly Smooth Stone"},{"floor":26.0,"key":"Tiny Chest"},{"floor":30.0,"key":"Bird Faced Urn"},{"floor":40,"key":"Bottled Tornado"},{"floor":43,"key":"Smiling Mask"},{"floor":46,"key":"Gremlin Horn"}],"event_choices":[{"damage_healed":0.0,"max_hp_gain":0.0,"max_hp_loss":0.0,"gold_gain":0.0,"event_name":"Living Wall","player_choice":"Grow","floor":3.0,"gold_loss":0.0,"damage_taken":0.0,"cards_upgraded":["Panache"]},{"cards_removed":["Strike_B"],"damage_healed":0.0,"max_hp_gain":0.0,"max_hp_loss":0.0,"gold_gain":0.0,"event_name":"The Cleric","player_choice":"Card Removal","floor":4.0,"gold_loss":50.0,"damage_taken":0.0},{"damage_healed":0.0,"max_hp_gain":0.0,"max_hp_loss":5.0,"gold_gain":0.0,"event_name":"Golden Idol","player_choice":"Lose Max HP","floor":8.0,"gold_loss":0.0,"damage_taken":0.0,"relics_obtained":["Golden Idol"]},{"damage_healed":0.0,"max_hp_gain":0.0,"max_hp_loss":0.0,"gold_gain":0.0,"event_name":"N\u0027loth","player_choice":"Traded Relic","floor":21.0,"relics_lost":["Lee\u0027s Waffle"],"gold_loss":0.0,"damage_taken":0.0,"relics_obtained":["Nloth\u0027s Gift"]},{"damage_healed":0.0,"max_hp_gain":0.0,"max_hp_loss":0.0,"gold_gain":0.0,"event_name":"Forgotten Altar","player_choice":"Gave Idol","floor":31.0,"relics_lost":["Golden Idol"],"gold_loss":0.0,"damage_taken":0.0,"relics_obtained":["Bloody Idol"]},{"damage_healed":0,"gold_gain":0,"player_choice":"Paid","damage_taken":0,"relics_obtained":["Red Mask"],"max_hp_gain":0,"max_hp_loss":0,"event_name":"Tomb of Lord Red Mask","floor":42,"gold_loss":100}],"is_beta":false,"boss_relics":[{"not_picked":["Eternal Feather","Runic Pyramid"],"picked":"Calling Bell"},{"not_picked":["Philosopher\u0027s Stone","Runic Dome","Snecko Eye"]}],"items_purged_floors":[20,36],"is_endless":false,"potions_floor_spawned":[2,13,16,19,24,27,33,35,39,41,46],"killed_by":"Awakened One","ascension_level":5}