{"gold_per_floor":[115,37,37,37,112,141,141,169,169,94,94,94,269,287,287,383,383,383],"floor_reached":18,"playtime":707,"items_purged":["Defend_R"],"score":268,"play_id":"b3d11cc1-1259-4bdd-918b-7d78a85fbf12","local_time":"20181101014956","is_ascension_mode":true,"campfire_choices":[{"data":"Armaments","floor":7,"key":"SMITH"},{"data":"True Grit","floor":11,"key":"SMITH"},{"data":"Bash","floor":15,"key":"SMITH"}],"neow_cost":"NONE","seed_source_timestamp":446339172153592,"circlet_count":0,"master_deck":["Strike_R","Strike_R","Strike_R","Strike_R","Strike_R","Defend_R","Defend_R","Defend_R","Bash+1","Thunderclap","Armaments+1","Evolve","Shrug It Off","True Grit+1","Doubt","Fiend Fire"],"relics":["Burning Blood","NeowsBlessing","Bird Faced Urn","Shuriken","Self Forming Clay","Matryoshka","Runic Cube"],"potions_floor_usage":[16],"damage_taken":[{"damage":0,"enemies":"Small Slimes","floor":1,"turns":1},{"damage":0,"enemies":"3 Sentries","floor":6,"turns":2},{"damage":0,"enemies":"Gremlin Nob","floor":8,"turns":1},{"damage":1,"enemies":"Jaw Worm","floor":14,"turns":5},{"damage":79,"enemies":"Slime Boss","floor":16,"turns":18},{"damage":22,"enemies":"3 Byrds","floor":18,"turns":5}],"seed_played":"-6123821986891100263","potions_obtained":[{"floor":8,"key":"GamblersBrew"}],"is_trial":false,"path_per_floor":["M","$","?","?","?","E","R","E","T","$","R","$","?","M","R","B",null],"character_chosen":"IRONCLAD","items_purchased":["Armaments","Evolve"],"campfire_rested":0,"item_purchase_floors":[2,2],"current_hp_per_floor":[80,80,80,80,69,75,75,80,80,80,80,80,80,80,80,7,62,40],"gold":383,"neow_bonus":"THREE_ENEMY_KILL","is_prod":false,"is_daily":false,"chose_seed":false,"campfire_upgraded":3,"win_rate":0,"timestamp":1541004596,"path_taken":["M","$","?","?","?","E","R","E","T","$","R","?","?","M","R","BOSS","M"],"build_version":"2018-10-25v2","purchased_purges":1,"victory":false,"max_hp_per_floor":[80,80,80,80,80,80,80,80,80,80,80,80,80,80,80,80,80,80],"card_choices":[{"not_picked":["Heavy Blade","Shockwave"],"picked":"Thunderclap","floor":1},{"not_picked":["Armaments","Sword Boomerang"],"picked":"Shrug It Off","floor":6},{"not_picked":["Pummel","Berserk"],"picked":"True Grit","floor":8},{"not_picked":["Cleave","Thunderclap","Flex"],"picked":"SKIP","floor":14},{"not_picked":["Reaper","Limit Break"],"picked":"Fiend Fire","floor":16}],"player_experience":425954,"relics_obtained":[{"floor":6,"key":"Shuriken"},{"floor":8,"key":"Self Forming Clay"},{"floor":9,"key":"Matryoshka"}],"event_choices":[{"damage_healed":0,"gold_gain":0,"player_choice":"Box","damage_taken":0,"relics_obtained":["Bird Faced Urn"],"max_hp_gain":0,"max_hp_loss":0,"event_name":"Big Fish","floor":3,"gold_loss":0,"cards_obtained":["Regret"]},{"cards_removed":["Regret"],"damage_healed":0,"gold_gain":0,"player_choice":"Removed Curses","damage_taken":0,"max_hp_gain":0,"max_hp_loss":0,"event_name":"Fountain of Cleansing","floor":4,"gold_loss":0},{"damage_healed":0,"gold_gain":75,"player_choice":"Gather Gold","damage_taken":11,"max_hp_gain":0,"max_hp_loss":0,"event_name":"World of Goop","floor":5,"gold_loss":0},{"damage_healed":0,"gold_gain":175,"player_choice":"AGREE","damage_taken":0,"max_hp_gain":0,"max_hp_loss":0,"event_name":"Liars Game","floor":13,"gold_loss":0,"cards_obtained":["Doubt"]}],"is_beta":false,"boss_relics":[{"not_picked":["Coffee Dripper","Snecko Eye"],"picked":"Runic Cube"}],"items_purged_floors":[10],"is_endless":false,"potions_floor_spawned":[8],"killed_by":"3 Byrds","ascension_level":5}