{"gold_per_floor":[118,138,138,138,157,157,174,70,70,98,98,98,110,121,121,121],"floor_reached":16,"playtime":374,"items_purged":[],"score":128,"play_id":"4d03df81-be47-4f5d-9dcc-480944ebdf46","local_time":"20190510154448","is_ascension_mode":true,"campfire_choices":[{"data":"Capacitor","floor":6,"key":"SMITH"},{"floor":12,"key":"REST"},{"data":"Self Repair","floor":15,"key":"SMITH"}],"neow_cost":"NONE","seed_source_timestamp":2148075070575485,"circlet_count":0,"master_deck":["Strike_B","Strike_B","Strike_B","Defend_B","Defend_B","Defend_B","Defend_B","Zap","Dualcast","Conserve Battery","Compile Driver","Capacitor+1","Static Discharge","Capacitor","Streamline","Self Repair+1","Ball Lightning","Electrodynamics","Rebound"],"relics":["Cracked Core","NeowsBlessing","Shuriken","Dream Catcher"],"potions_floor_usage":[],"damage_taken":[{"damage":0,"enemies":"Cultist","floor":1,"turns":1},{"damage":0,"enemies":"2 Louse","floor":2,"turns":1},{"damage":0,"enemies":"Small Slimes","floor":5,"turns":1},{"damage":6,"enemies":"2 Fungi Beasts","floor":7,"turns":3},{"damage":57,"enemies":"Lagavulin","floor":10,"turns":7},{"damage":7,"enemies":"Red Slaver","floor":13,"turns":4},{"damage":0,"enemies":"Large Slime","floor":14,"turns":5},{"damage":41,"enemies":"Hexaghost","floor":16,"turns":8}],"seed_played":"8168859139078433476","potions_obtained":[{"floor":5,"key":"LiquidBronze"},{"floor":13,"key":"Swift Potion"},{"floor":14,"key":"LiquidBronze"}],"is_trial":false,"path_per_floor":["M","M","T","?","M","R","M","$","T","E","?","R","M","M","R","B"],"character_chosen":"DEFECT","items_purchased":["Capacitor","Streamline"],"campfire_rested":1,"item_purchase_floors":[8,8],"current_hp_per_floor":[75,75,75,68,68,68,62,62,62,5,10,34,34,41,41,0],"gold":121,"neow_bonus":"THREE_ENEMY_KILL","is_prod":false,"is_daily":false,"chose_seed":false,"campfire_upgraded":2,"win_rate":0,"timestamp":1557459888,"path_taken":["M","?","?","?","M","R","M","$","T","E","?","R","M","M","R","BOSS"],"build_version":"2019-01-23","purchased_purges":0,"victory":false,"max_hp_per_floor":[75,75,75,75,75,75,75,75,75,75,80,80,80,80,80,80],"card_choices":[{"not_picked":["Go for the Eyes","Sweeping Beam"],"picked":"Conserve Battery","floor":1},{"not_picked":["Gash","Stack"],"picked":"Compile Driver","floor":2},{"not_picked":["Go for the Eyes","FTL"],"picked":"Capacitor","floor":5},{"not_picked":["Conserve Battery","Chill"],"picked":"Static Discharge","floor":7},{"not_picked":["Beam Cell","Sunder"],"picked":"Self Repair","floor":10},{"not_picked":["Capacitor","Darkness"],"picked":"Ball Lightning","floor":12},{"not_picked":["Compile Driver","Steam"],"picked":"Electrodynamics","floor":13},{"not_picked":["Steam","Compile Driver"],"picked":"Rebound","floor":14}],"player_experience":222469,"relics_obtained":[{"floor":3,"key":"Shuriken"},{"floor":10,"key":"Dream Catcher"}],"event_choices":[{"cards_removed":["Strike_B"],"damage_healed":0,"gold_gain":0,"player_choice":"Card Removal","damage_taken":7,"max_hp_gain":0,"max_hp_loss":0,"event_name":"Golden Wing","floor":4,"gold_loss":0},{"damage_healed":0,"gold_gain":0,"player_choice":"Donut","damage_taken":0,"max_hp_gain":5,"max_hp_loss":0,"event_name":"Big Fish","floor":11,"gold_loss":0}],"is_beta":false,"boss_relics":[],"items_purged_floors":[],"is_endless":false,"potions_floor_spawned":[5,13,14],"killed_by":"Hexaghost","ascension_level":5}