{"gold_per_floor":[109,119,69,89,106,106,136,61,61,75,75,104,104,132,132,230,230,247,264,278,124,39,39,66,66,93,104,29,29,54,54,54,54],"floor_reached":33,"playtime":1713,"items_purged":["Strike_G","Doubt","Injury"],"score":494,"play_id":"39ef7250-1819-4424-851c-bc61eb8a3408","local_time":"20181001091642","is_ascension_mode":true,"campfire_choices":[{"data":"Blade Dance","floor":6,"key":"SMITH"},{"data":"Cloak And Dagger","floor":11,"key":"SMITH"},{"data":"Accuracy","floor":13,"key":"SMITH"},{"data":"A Thousand Cuts","floor":15,"key":"SMITH"},{"data":"Bullet Time","floor":23,"key":"SMITH"},{"floor":25,"key":"REST"},{"floor":32,"key":"REST"}],"neow_cost":"NONE","seed_source_timestamp":1305937940132113,"circlet_count":0,"master_deck":["Defend_G+1","Defend_G+1","Defend_G+1","Defend_G+1","Defend_G+1","Strike_G+1","Strike_G+1","Strike_G+1","Survivor","Neutralize+1","All Out Attack","Cloak And Dagger+1","Blade Dance+1","Blade Dance+1","Backflip","Accuracy+1","A Thousand Cuts+1","Bullet Time+1","Parasite","Cloak And Dagger+1","Escape Plan+1","PiercingWail+1","Deflect+1","Deflect+1","Deflect+1","Cloak And Dagger+1"],"relics":["Ring of the Snake","Vajra","Bag of Marbles","Bottled Flame","Dodecahedron","Calling Bell","Juzu Bracelet","Toxic Egg 2","Calipers","Potion Belt","Bottled Lightning","Smiling Mask","Blood Vial"],"potions_floor_usage":[5,12,16,18,20],"damage_taken":[{"damage":0,"enemies":"Cultist","floor":1,"turns":3},{"damage":0,"enemies":"2 Louse","floor":2,"turns":2},{"damage":0,"enemies":"Jaw Worm","floor":4,"turns":6},{"damage":1,"enemies":"Large Slime","floor":5,"turns":7},{"damage":24,"enemies":"3 Sentries","floor":7,"turns":8},{"damage":0,"enemies":"3 Louse","floor":10,"turns":1},{"damage":0,"enemies":"Gremlin Nob","floor":12,"turns":3},{"damage":0,"enemies":"3 Sentries","floor":14,"turns":5},{"damage":19,"enemies":"Hexaghost","floor":16,"turns":8},{"damage":12,"enemies":"Shell Parasite","floor":18,"turns":4},{"damage":1,"enemies":"Spheric Guardian","floor":19,"turns":3},{"damage":12,"enemies":"Snecko","floor":20,"turns":4},{"damage":24,"enemies":"Gremlin Leader","floor":24,"turns":6},{"damage":4,"enemies":"Centurion and Healer","floor":27,"turns":5},{"damage":9,"enemies":"Book of Stabbing","floor":30,"turns":6},{"damage":49,"enemies":"Champ","floor":33,"turns":9}],"seed_played":"6604039414105994723","potions_obtained":[{"floor":4,"key":"Poison Potion"},{"floor":10,"key":"EssenceOfSteel"},{"floor":12,"key":"EssenceOfSteel"},{"floor":16,"key":"Poison Potion"},{"floor":19,"key":"Explosive Potion"}],"is_trial":false,"path_per_floor":["M","M","?","M","M","R","E","$","T","M","R","E","R","E","R","B",null,"M","M","M","$","?","R","E","R","T","M","$","?","E","?","R"],"character_chosen":"THE_SILENT","items_purchased":["Deflect+1","Deflect+1"],"campfire_rested":2,"item_purchase_floors":[21,28],"current_hp_per_floor":[63,63,63,63,62,62,38,38,38,38,38,38,38,38,38,19,57,45,44,32,32,32,32,8,29,29,25,25,25,16,16,37,0],"gold":54,"neow_bonus":"UPGRADE_CARD","is_prod":false,"is_daily":false,"chose_seed":false,"campfire_upgraded":5,"win_rate":0,"timestamp":1538353002,"path_taken":["M","?","?","?","M","R","E","$","T","M","R","E","R","E","R","BOSS","M","M","M","$","?","R","E","R","T","M","$","?","E","?","R","BOSS"],"build_version":"2018-09-27","purchased_purges":3,"victory":false,"max_hp_per_floor":[70,70,70,70,70,70,70,70,70,70,70,70,70,70,70,70,70,70,70,70,70,70,70,70,70,70,70,70,70,70,70,70,70],"card_choices":[{"not_picked":["Dagger Spray","Blur"],"picked":"All Out Attack","floor":1},{"not_picked":["PiercingWail","Deflect"],"picked":"Cloak And Dagger","floor":2},{"not_picked":["Crippling Poison","Deflect"],"picked":"Blade Dance","floor":4},{"not_picked":["Outmaneuver","Distraction","Expertise"],"picked":"SKIP","floor":5},{"not_picked":["Skewer","Dagger Spray"],"picked":"Blade Dance","floor":7},{"not_picked":["Prepared","Quick Slash"],"picked":"Backflip","floor":10},{"not_picked":["Deadly Poison","Flying Knee"],"picked":"Accuracy","floor":12},{"not_picked":["Dagger Spray","Prepared"],"picked":"A Thousand Cuts","floor":14},{"not_picked":["A Thousand Cuts","Venomology"],"picked":"Bullet Time","floor":16},{"not_picked":["Outmaneuver+1","Footwork"],"picked":"Cloak And Dagger+1","floor":18},{"not_picked":["Dagger Spray","Poisoned Stab+1"],"picked":"Escape Plan+1","floor":19},{"not_picked":["Quick Slash","Acrobatics+1"],"picked":"PiercingWail+1","floor":20},{"not_picked":["Skewer","All Out Attack","Expertise+1"],"picked":"SKIP","floor":24},{"not_picked":["Bane+1","Bouncing Flask+1"],"picked":"Deflect+1","floor":27},{"not_picked":["Envenom","Well Laid Plans"],"picked":"Cloak And Dagger+1","floor":30}],"player_experience":332093,"relics_obtained":[{"floor":7,"key":"Vajra"},{"floor":9,"key":"Bag of Marbles"},{"floor":12,"key":"Bottled Flame"},{"floor":14,"key":"Dodecahedron"},{"floor":17,"key":"Juzu Bracelet"},{"floor":17,"key":"Toxic Egg 2"},{"floor":17,"key":"Calipers"},{"floor":24,"key":"Bottled Lightning"},{"floor":26,"key":"Smiling Mask"},{"floor":30,"key":"Blood Vial"}],"event_choices":[{"event_name":"The Cleric","player_choice":"Card Removal","floor":3,"damage_taken":0},{"event_name":"Addict","player_choice":"Obtained Relic","floor":22,"damage_taken":0},{"event_name":"Back to Basics","player_choice":"Simplicity","floor":29,"damage_taken":0},{"event_name":"Accursed Blacksmith","player_choice":"Forge","floor":31,"damage_taken":0}],"is_beta":false,"boss_relics":[{"not_picked":["Snecko Eye","Velvet Choker"],"picked":"Calling Bell"}],"items_purged_floors":[8,21,28],"is_endless":false,"potions_floor_spawned":[4,10,12,16,19],"killed_by":"Champ","ascension_level":8}