{"gold_per_floor":[119,130,130,140,150,150,150,150,150,150,165,165,177,191,191,291,291,305,404,415,340,340],"floor_reached":22,"playtime":599,"items_purged":[],"score":223,"play_id":"ec68b76e-025f-4a49-b27b-8f4c09834cba","local_time":"20190510153823","is_ascension_mode":true,"campfire_choices":[{"data":"Capacitor","floor":6,"key":"SMITH"},{"floor":8,"key":"REST"},{"data":"Storm","floor":10,"key":"SMITH"},{"data":"Redo","floor":12,"key":"SMITH"},{"floor":15,"key":"REST"}],"neow_cost":"NONE","seed_source_timestamp":2147463785222428,"circlet_count":0,"master_deck":["Strike_B","Strike_B","Strike_B","Defend_B","Defend_B","Defend_B","Defend_B","Zap+1","Dualcast","Capacitor+1","Storm+1","Coolheaded","Conserve Battery","Redo+1","Streamline","Darkness","Core Surge","Hologram","Leap+1"],"relics":["Cracked Core","Cursed Key"],"potions_floor_usage":[16],"damage_taken":[{"damage":1,"enemies":"Cultist","floor":1,"turns":3},{"damage":8,"enemies":"2 Louse","floor":2,"turns":2},{"damage":0,"enemies":"Small Slimes","floor":4,"turns":3},{"damage":3,"enemies":"2 Fungi Beasts","floor":5,"turns":4},{"damage":28,"enemies":"Lots of Slimes","floor":11,"turns":4},{"damage":6,"enemies":"Blue Slaver","floor":13,"turns":4},{"damage":13,"enemies":"Looter","floor":14,"turns":3},{"damage":43,"enemies":"The Guardian","floor":16,"turns":10},{"damage":19,"enemies":"Spheric Guardian","floor":18,"turns":4},{"damage":35,"enemies":"3 Byrds","floor":20,"turns":5},{"damage":7,"enemies":"3 Cultists","floor":22,"turns":2}],"seed_played":"8798540058604458856","potions_obtained":[{"floor":1,"key":"FearPotion"},{"floor":5,"key":"Block Potion"},{"floor":11,"key":"GamblersBrew"},{"floor":14,"key":"SteroidPotion"},{"floor":18,"key":"SteroidPotion"},{"floor":20,"key":"Block Potion"}],"is_trial":false,"path_per_floor":["M","M","$","M","M","R","$","R","T","R","M","R","M","M","R","B",null,"M","?","M","?","M"],"character_chosen":"DEFECT","items_purchased":[],"campfire_rested":2,"item_purchase_floors":[],"current_hp_per_floor":[74,66,66,66,63,63,63,75,75,75,47,47,41,28,50,7,58,39,39,4,4,0],"gold":340,"neow_bonus":"UPGRADE_CARD","is_prod":false,"is_daily":false,"chose_seed":false,"campfire_upgraded":3,"win_rate":0,"timestamp":1557459503,"path_taken":["M","M","?","?","M","R","$","R","T","R","M","R","?","M","R","BOSS","M","?","M","?","M"],"build_version":"2019-01-23","purchased_purges":0,"victory":false,"max_hp_per_floor":[75,75,75,75,75,75,75,75,75,75,75,75,75,75,75,75,75,75,75,75,75,75],"card_choices":[{"not_picked":["White Noise","Gash"],"picked":"Capacitor","floor":1},{"not_picked":["Hologram","Rebound"],"picked":"Storm","floor":2},{"not_picked":["Barrage","Blizzard"],"picked":"Coolheaded","floor":4},{"not_picked":["Chill","Reinforced Body"],"picked":"Conserve Battery","floor":5},{"not_picked":["Double Energy","Turbo"],"picked":"Redo","floor":11},{"not_picked":["Turbo","Sunder"],"picked":"Streamline","floor":13},{"not_picked":["Scrape","Doom and Gloom"],"picked":"Darkness","floor":14},{"not_picked":["Machine Learning","Buffer"],"picked":"Core Surge","floor":16},{"not_picked":["Reinforced Body","Barrage"],"picked":"Hologram","floor":18},{"not_picked":["Steam Power+1","Sweeping Beam"],"picked":"Leap+1","floor":20}],"player_experience":221870,"relics_obtained":[],"event_choices":[{"damage_healed":0,"gold_gain":99,"player_choice":"Stole From Cult","damage_taken":0,"max_hp_gain":0,"max_hp_loss":0,"event_name":"Nest","floor":19,"gold_loss":0},{"cards_removed":["Strike_B"],"damage_healed":0,"gold_gain":0,"player_choice":"Gave Gold","damage_taken":0,"max_hp_gain":0,"max_hp_loss":0,"event_name":"Beggar","floor":21,"gold_loss":75}],"is_beta":false,"boss_relics":[{"not_picked":["Snecko Eye","Fusion Hammer"],"picked":"Cursed Key"}],"items_purged_floors":[],"is_endless":false,"potions_floor_spawned":[1,5,11,14,18,20],"killed_by":"3 Cultists","ascension_level":5}