{"gold_per_floor":[119,194,369,388,388,388,388,388,388,450,171,181,181,131,131,228,228,228,228,228,228],"floor_reached":21,"playtime":652,"items_purged":[],"score":209,"play_id":"309280d4-80cc-4d9e-991a-e7b80bf582ec","local_time":"20190506203442","is_ascension_mode":true,"campfire_choices":[{"floor":6,"key":"REST"},{"data":"Zap","floor":8,"key":"SMITH"},{"data":"Capacitor","floor":13,"key":"SMITH"},{"floor":15,"key":"REST"}],"neow_cost":"NONE","seed_source_timestamp":1819581546165157,"circlet_count":0,"master_deck":["Strike_B","Strike_B","Defend_B","Defend_B","Defend_B","Zap+1","Dualcast","Fusion+1","Rebound+1","Chill+1","Streamline","Glacier","Capacitor+1","Mind Blast+1","Beam Cell+1","Hologram","Compile Driver+1","Electrodynamics","Coolheaded","Go for the Eyes+1","Defragment"],"relics":["Astrolabe","Molten Egg 2","Spirit Poop","Ice Cream","Tiny Chest","Oddly Smooth Stone","Ectoplasm","Red Mask"],"potions_floor_usage":[10,21,21],"damage_taken":[{"damage":4,"enemies":"Small Slimes","floor":1,"turns":4},{"damage":10,"enemies":"Jaw Worm","floor":4,"turns":3},{"damage":20,"enemies":"3 Sentries","floor":10,"turns":11},{"damage":0,"enemies":"Cultist","floor":12,"turns":3},{"damage":20,"enemies":"The Guardian","floor":16,"turns":8},{"damage":14,"enemies":"Shell Parasite","floor":18,"turns":5},{"damage":29,"enemies":"Masked Bandits","floor":19,"turns":5},{"damage":28,"enemies":"Chosen","floor":20,"turns":5},{"damage":9,"enemies":"Snake Plant","floor":21,"turns":4}],"seed_played":"-7984834399508586681","potions_obtained":[{"floor":4,"key":"EntropicBrew"},{"floor":19,"key":"SkillPotion"}],"is_trial":false,"path_per_floor":["M","?","?","M","?","R","?","R","T","E","$","M","R","$","R","B",null,"M","?","M","M"],"character_chosen":"DEFECT","items_purchased":["Mind Blast+1","Oddly Smooth Stone","Beam Cell+1","Compile Driver+1"],"campfire_rested":2,"item_purchase_floors":[11,11,11,14],"current_hp_per_floor":[71,60,60,50,43,65,65,65,65,45,45,45,45,45,67,47,75,61,32,4,0],"gold":228,"neow_bonus":"BOSS_RELIC","is_prod":false,"is_daily":false,"chose_seed":false,"campfire_upgraded":2,"win_rate":0,"timestamp":1557131682,"path_taken":["M","?","?","?","?","R","?","R","T","E","$","?","R","$","R","BOSS","M","?","M","M"],"build_version":"2019-01-23","purchased_purges":0,"victory":false,"max_hp_per_floor":[75,75,75,75,75,75,75,75,75,75,75,75,75,75,75,75,75,75,75,75,75],"card_choices":[{"not_picked":["Go for the Eyes","Static Discharge"],"picked":"Streamline","floor":1},{"not_picked":["Beam Cell","Aggregate"],"picked":"Glacier","floor":4},{"not_picked":["Leap","Core Surge+1"],"picked":"Capacitor","floor":10},{"not_picked":["Streamline+1","Melter+1"],"picked":"Hologram","floor":12},{"not_picked":["Rainbow","Echo Form"],"picked":"Electrodynamics","floor":16},{"not_picked":["Redo","Barrage+1"],"picked":"Coolheaded","floor":18},{"not_picked":["Stack+1","Conserve Battery+1"],"picked":"Go for the Eyes+1","floor":19},{"not_picked":["Tempest+1","Redo"],"picked":"Defragment","floor":20}],"player_experience":196054,"relics_obtained":[{"floor":9,"key":"Ice Cream"},{"floor":10,"key":"Tiny Chest"},{"floor":19,"key":"Red Mask"}],"event_choices":[{"damage_healed":0,"gold_gain":75,"player_choice":"Gather Gold","damage_taken":11,"max_hp_gain":0,"max_hp_loss":0,"event_name":"World of Goop","floor":2,"gold_loss":0},{"damage_healed":0,"gold_gain":175,"player_choice":"AGREE","damage_taken":0,"max_hp_gain":0,"max_hp_loss":0,"event_name":"Liars Game","floor":3,"gold_loss":0,"cards_obtained":["Doubt"]},{"damage_healed":0,"gold_gain":0,"player_choice":"Success","damage_taken":7,"relics_obtained":["Molten Egg 2"],"max_hp_gain":0,"max_hp_loss":0,"event_name":"Scrap Ooze","floor":5,"gold_loss":0},{"cards_removed":["Doubt"],"damage_healed":0,"gold_gain":0,"player_choice":"Offered Curse","damage_taken":0,"relics_obtained":["Spirit Poop"],"max_hp_gain":0,"max_hp_loss":0,"event_name":"Bonfire Elementals","floor":7,"gold_loss":0},{"damage_healed":0,"gold_gain":0,"player_choice":"Fought Bandits","damage_taken":0,"max_hp_gain":0,"max_hp_loss":0,"event_name":"Masked Bandits","floor":19,"gold_loss":0}],"is_beta":false,"boss_relics":[{"not_picked":["Calling Bell","Nuclear Battery"],"picked":"Ectoplasm"}],"items_purged_floors":[],"is_endless":false,"potions_floor_spawned":[4,10,19],"killed_by":"Snake Plant","ascension_level":4}