{"gold_per_floor":[14,14,31,45,45,71,71,81,108,108,108,123,150,167,167,270,270,283,303,317,317],"floor_reached":21,"playtime":1483,"items_purged":[],"score":270,"play_id":"975319d2-781b-47e8-94b5-bc69fecc0fc7","local_time":"20181001094134","is_ascension_mode":true,"campfire_choices":[{"floor":7,"key":"REST"},{"data":"Infinite Blades","floor":10,"key":"SMITH"},{"data":"Cloak And Dagger","floor":15,"key":"SMITH"}],"neow_cost":"NO_GOLD","seed_source_timestamp":1307659487989153,"circlet_count":0,"master_deck":["Defend_G+1","Defend_G","Defend_G","Strike_G","Strike_G","Strike_G","Strike_G","Survivor","Neutralize+1","Cloak And Dagger+1","Infinite Blades+1","Blade Dance","Dagger Spray","Cloak And Dagger","Decay","Escape Plan","PiercingWail","A Thousand Cuts","PiercingWail","Finisher"],"relics":["Ring of the Snake","Smiling Mask","Lantern","Oddly Smooth Stone","WristBlade"],"potions_floor_usage":[6,13,13,16,20,20],"damage_taken":[{"damage":0,"enemies":"Jaw Worm","floor":1,"turns":5},{"damage":1,"enemies":"Small Slimes","floor":3,"turns":4},{"damage":0,"enemies":"Cultist","floor":4,"turns":4},{"damage":24,"enemies":"3 Sentries","floor":6,"turns":8},{"damage":0,"enemies":"Blue Slaver","floor":8,"turns":4},{"damage":0,"enemies":"3 Louse","floor":12,"turns":3},{"damage":5,"enemies":"Gremlin Nob","floor":13,"turns":3},{"damage":0,"enemies":"2 Fungi Beasts","floor":14,"turns":4},{"damage":26,"enemies":"Slime Boss","floor":16,"turns":10},{"damage":11,"enemies":"Shell Parasite","floor":18,"turns":5},{"damage":17,"enemies":"Spheric Guardian","floor":19,"turns":4},{"damage":12,"enemies":"Snake Plant","floor":20,"turns":5},{"damage":5,"enemies":"Snecko","floor":21,"turns":4}],"seed_played":"7404801087256552902","potions_obtained":[{"floor":3,"key":"LiquidBronze"},{"floor":6,"key":"Strength Potion"},{"floor":8,"key":"Strength Potion"},{"floor":14,"key":"PowerPotion"},{"floor":18,"key":"SteroidPotion"},{"floor":19,"key":"EssenceOfSteel"}],"is_trial":false,"path_per_floor":["M","?","M","M","?","E","R","M","T","R","?","M","E","M","R","B",null,"M","M","M"],"character_chosen":"THE_SILENT","items_purchased":[],"campfire_rested":1,"item_purchase_floors":[],"current_hp_per_floor":[63,56,55,55,41,17,38,38,38,38,38,38,33,33,33,7,54,43,26,14,9],"gold":317,"neow_bonus":"REMOVE_TWO","is_prod":false,"is_daily":false,"chose_seed":false,"campfire_upgraded":2,"win_rate":0,"timestamp":1538354494,"path_taken":["M","?","M","M","?","E","R","M","T","R","?","M","E","M","R","BOSS","M","M","M","M"],"build_version":"2018-09-27","purchased_purges":0,"victory":false,"max_hp_per_floor":[70,70,70,70,70,70,70,70,70,70,70,70,70,70,70,70,70,70,70,70,70],"card_choices":[{"not_picked":["Sucker Punch","Quick Slash"],"picked":"Cloak And Dagger","floor":1},{"not_picked":["Bane","Flying Knee"],"picked":"Infinite Blades","floor":3},{"not_picked":["Expertise","Escape Plan"],"picked":"Blade Dance","floor":4},{"not_picked":["Infinite Blades","Venomology"],"picked":"Dagger Spray","floor":6},{"not_picked":["Prepared","Terror"],"picked":"Cloak And Dagger","floor":8},{"not_picked":["Backflip","Cloak And Dagger"],"picked":"Escape Plan","floor":12},{"not_picked":["Setup","Calculated Gamble"],"picked":"PiercingWail","floor":13},{"not_picked":["Terror","Eviscerate","Calculated Gamble"],"picked":"SKIP","floor":14},{"not_picked":["After Image","Venomology"],"picked":"A Thousand Cuts","floor":16},{"not_picked":["Choke","Quick Slash+1"],"picked":"PiercingWail","floor":18},{"not_picked":["Poisoned Stab+1","Catalyst"],"picked":"Finisher","floor":19},{"not_picked":["Flying Knee","Sucker Punch","Prepared"],"picked":"SKIP","floor":20}],"player_experience":333806,"relics_obtained":[{"floor":6,"key":"Smiling Mask"},{"floor":9,"key":"Lantern"},{"floor":13,"key":"Oddly Smooth Stone"}],"event_choices":[{"event_name":"Golden Wing","player_choice":"Card Removal","floor":2,"damage_taken":0},{"event_name":"Shining Light","player_choice":"Entered Light","floor":5,"damage_taken":0},{"event_name":"Wheel of Change","player_choice":"Curse","floor":11,"damage_taken":0}],"is_beta":false,"boss_relics":[{"not_picked":["Astrolabe","Snecko Eye"],"picked":"WristBlade"}],"items_purged_floors":[],"is_endless":false,"potions_floor_spawned":[3,6,8,14,18,19],"killed_by":"Snecko","ascension_level":8}