{"gold_per_floor":[111,131,145,162,11,11,38,53,53,53,79,79,90,106,106,207,207,162,162,162,162,162,162,162,162,162,162,162,162,162,38,38,38,38,38,38,38,38,38,38,38,38,38,38,38,38,38,38,38,38],"floor_reached":51,"playtime":9575,"items_purged":[],"score":965,"play_id":"4ab38043-952f-453f-8820-e865104b1168","local_time":"20190517140828","is_ascension_mode":true,"campfire_choices":[{"data":"Ghostly Armor","floor":6,"key":"SMITH"},{"data":"Clothesline","floor":12,"key":"SMITH"},{"data":"Flame Barrier","floor":15,"key":"SMITH"},{"data":"True Grit","floor":23,"key":"SMITH"},{"data":"Whirlwind","floor":28,"key":"SMITH"},{"data":"Metallicize","floor":32,"key":"SMITH"},{"data":"Demon Form","floor":41,"key":"SMITH"},{"data":"Feed","floor":44,"key":"SMITH"},{"floor":49,"key":"REST"}],"neow_cost":"NONE","seed_source_timestamp":127491882106766,"circlet_count":0,"master_deck":["Defend_R","Defend_R","Defend_R","Defend_R","Bash+1","Rampage","Cleave","Pummel","Clothesline+1","Flame Barrier+1","Whirlwind+1","Feed+1","True Grit+1","Bite","Bite","Bite","Bite","Bite","Metallicize+1","Spot Weakness+1","Hemokinesis+1","Seeing Red+1","Shrug It Off+1","Metallicize+1","Demon Form+1","Shrug It Off+1","Sentinel+1","Heavy Blade+1","Disarm+1","Armaments+1","Headbutt+1","Disarm+1","Power Through+1"],"relics":["Burning Blood","Anchor","Potion Belt","Pantograph","Pear","Ectoplasm","Toxic Egg 2","Ancient Tea Set","Meat on the Bone","PreservedInsect","Tiny Chest","Velvet Choker","Bottled Flame","Self Forming Clay","MawBank"],"potions_floor_usage":[7,24,24,33,39,40,45,50,50,50,50,50],"damage_taken":[{"damage":1,"enemies":"Cultist","floor":1,"turns":3},{"damage":7,"enemies":"Small Slimes","floor":2,"turns":4},{"damage":12,"enemies":"Jaw Worm","floor":3,"turns":2},{"damage":0,"enemies":"Large Slime","floor":4,"turns":5},{"damage":0,"enemies":"Gremlin Nob","floor":7,"turns":2},{"damage":0,"enemies":"2 Fungi Beasts","floor":8,"turns":3},{"damage":10,"enemies":"3 Sentries","floor":11,"turns":6},{"damage":0,"enemies":"Exordium Wildlife","floor":13,"turns":5},{"damage":0,"enemies":"Large Slime","floor":14,"turns":5},{"damage":50,"enemies":"Hexaghost","floor":16,"turns":11},{"damage":11,"enemies":"2 Thieves","floor":18,"turns":4},{"damage":28,"enemies":"Spheric Guardian","floor":19,"turns":5},{"damage":31,"enemies":"Chosen and Byrds","floor":22,"turns":8},{"damage":18,"enemies":"Centurion and Healer","floor":24,"turns":15},{"damage":42,"enemies":"Gremlin Leader","floor":25,"turns":10},{"damage":26,"enemies":"Book of Stabbing","floor":27,"turns":5},{"damage":14,"enemies":"Gremlin Leader","floor":29,"turns":6},{"damage":11,"enemies":"Snake Plant","floor":30,"turns":5},{"damage":51,"enemies":"Champ","floor":33,"turns":15},{"damage":0,"enemies":"3 Darklings","floor":35,"turns":2},{"damage":39,"enemies":"3 Shapes","floor":36,"turns":10},{"damage":11,"enemies":"Spire Growth","floor":39,"turns":5},{"damage":27,"enemies":"Nemesis","floor":40,"turns":7},{"damage":31,"enemies":"Maw","floor":42,"turns":7},{"damage":6,"enemies":"Sphere and 2 Shapes","floor":45,"turns":5},{"damage":5,"enemies":"3 Darklings","floor":46,"turns":3},{"damage":25,"enemies":"Reptomancer","floor":47,"turns":6},{"damage":0,"enemies":"Maw","floor":48,"turns":5},{"damage":80,"enemies":"Donu and Deca","floor":50,"turns":14}],"seed_played":"3024726987194821638","potions_obtained":[{"floor":2,"key":"Regen Potion"},{"floor":3,"key":"SteroidPotion"},{"floor":4,"key":"PowerPotion"},{"floor":8,"key":"Energy Potion"},{"floor":13,"key":"EssenceOfSteel"},{"floor":18,"key":"PowerPotion"},{"floor":25,"key":"FearPotion"},{"floor":27,"key":"FearPotion"},{"floor":36,"key":"Swift Potion"},{"floor":42,"key":"Explosive Potion"},{"floor":46,"key":"FearPotion"},{"floor":47,"key":"BloodPotion"}],"is_trial":false,"path_per_floor":["M","M","M","M","$","R","E","M","T","?","E","R","M","M","R","B",null,"M","M","?","T","M","R","M","E","T","E","R","E","M","$","R","B",null,"M","M","?","?","M","E","R","M","T","R","M","M","E","M","R","B",null],"character_chosen":"IRONCLAD","items_purchased":["Anchor","Shrug It Off+1","Metallicize"],"campfire_rested":1,"item_purchase_floors":[5,31,31],"current_hp_per_floor":[80,79,73,79,79,79,80,80,80,80,86,86,90,90,90,46,90,85,63,63,63,49,49,69,43,43,41,41,47,52,52,52,54,72,72,48,48,48,54,55,55,52,52,52,60,61,48,58,78,28],"gold":38,"neow_bonus":"UPGRADE_CARD","is_prod":false,"is_daily":false,"chose_seed":false,"campfire_upgraded":8,"win_rate":0,"timestamp":1558116508,"path_taken":["M","M","M","M","$","R","E","?","T","?","E","R","M","M","R","BOSS","M","?","?","?","M","R","M","E","T","E","R","E","M","$","R","BOSS","M","M","?","?","M","E","R","M","T","R","M","M","E","M","R","BOSS"],"build_version":"2019-01-23","purchased_purges":0,"victory":true,"max_hp_per_floor":[80,80,80,80,80,80,80,80,80,80,90,90,90,90,90,90,90,90,90,63,63,66,66,69,69,69,69,69,69,69,69,69,72,72,72,75,75,75,78,78,78,78,78,78,78,78,78,78,78,78],"card_choices":[{"not_picked":["Iron Wave","Flex"],"picked":"Rampage","floor":1},{"not_picked":["Rampage","Blood for Blood"],"picked":"Cleave","floor":2},{"not_picked":["Flex","Perfected Strike"],"picked":"Pummel","floor":3},{"not_picked":["Fire Breathing","Anger"],"picked":"Ghostly Armor","floor":4},{"not_picked":["Blood for Blood","Flex"],"picked":"Clothesline","floor":7},{"not_picked":["Cleave","Clothesline","Body Slam"],"picked":"SKIP","floor":8},{"not_picked":["Sword Boomerang","Infernal Blade"],"picked":"Flame Barrier","floor":11},{"not_picked":["Wild Strike","Heavy Blade"],"picked":"Whirlwind","floor":13},{"not_picked":["Corruption","Clash","Thunderclap"],"picked":"SKIP","floor":14},{"not_picked":["Juggernaut","Bludgeon"],"picked":"Feed","floor":16},{"not_picked":["Perfected Strike+1","Body Slam"],"picked":"True Grit","floor":18},{"not_picked":["Clash","Bloodletting","Burning Pact"],"picked":"SKIP","floor":19},{"not_picked":["Twin Strike","Armaments+1"],"picked":"Metallicize+1","floor":22},{"not_picked":["Carnage","Clash","Second Wind+1"],"picked":"SKIP","floor":24},{"not_picked":["Seeing Red+1","Thunderclap"],"picked":"Spot Weakness+1","floor":25},{"not_picked":["Heavy Blade","Pommel Strike"],"picked":"Hemokinesis+1","floor":27},{"not_picked":["Berserk","Sever Soul","Cleave"],"picked":"SKIP","floor":29},{"not_picked":["Blood for Blood+1","Iron Wave"],"picked":"Seeing Red+1","floor":30},{"not_picked":["Berserk","Impervious+1"],"picked":"Demon Form","floor":33},{"not_picked":["Armaments+1","Corruption"],"picked":"Shrug It Off+1","floor":35},{"not_picked":["Searing Blow","Whirlwind"],"picked":"Sentinel+1","floor":36},{"not_picked":["Armaments+1","Twin Strike"],"picked":"Heavy Blade+1","floor":39},{"not_picked":["Berserk","Pummel"],"picked":"Disarm+1","floor":40},{"not_picked":["Burning Pact+1","Heavy Blade"],"picked":"Armaments+1","floor":42},{"not_picked":["Combust","Sentinel+1","Seeing Red+1"],"picked":"SKIP","floor":45},{"not_picked":["Heavy Blade+1","Inflame+1"],"picked":"Headbutt+1","floor":46},{"not_picked":["Corruption+1","Cleave+1"],"picked":"Disarm+1","floor":47},{"not_picked":["Rage+1","Ghostly Armor+1"],"picked":"Power Through+1","floor":48}],"player_experience":312355,"relics_obtained":[{"floor":7,"key":"Potion Belt"},{"floor":9,"key":"Pantograph"},{"floor":11,"key":"Pear"},{"floor":21,"key":"Toxic Egg 2"},{"floor":25,"key":"Ancient Tea Set"},{"floor":26,"key":"Meat on the Bone"},{"floor":27,"key":"PreservedInsect"},{"floor":29,"key":"Tiny Chest"},{"floor":40,"key":"Bottled Flame"},{"floor":43,"key":"Self Forming Clay"},{"floor":47,"key":"MawBank"}],"event_choices":[{"cards_removed":["Strike_R"],"damage_healed":0,"gold_gain":0,"player_choice":"Offered Basic","damage_taken":0,"max_hp_gain":0,"max_hp_loss":0,"event_name":"Bonfire Elementals","floor":10,"gold_loss":0},{"damage_healed":0,"gold_gain":0,"player_choice":"Became a vampire","damage_taken":0,"max_hp_gain":0,"max_hp_loss":27,"event_name":"Vampires","floor":20,"gold_loss":0,"cards_obtained":["Bite","Bite","Bite","Bite","Bite"]},{"cards_removed":["Ghostly Armor"],"damage_healed":0,"gold_gain":0,"player_choice":"Removed Skill","damage_taken":0,"max_hp_gain":0,"max_hp_loss":0,"event_name":"Falling","floor":37,"gold_loss":0},{"damage_healed":0,"gold_gain":0,"player_choice":"Ignored","damage_taken":0,"max_hp_gain":0,"max_hp_loss":0,"event_name":"Mysterious Sphere","floor":38,"gold_loss":0}],"is_beta":false,"boss_relics":[{"not_picked":["Black Blood","White Beast Statue"],"picked":"Ectoplasm"},{"not_picked":["Empty Cage","Tiny House"],"picked":"Velvet Choker"}],"items_purged_floors":[],"is_endless":false,"potions_floor_spawned":[2,3,4,8,13,18,25,27,29,36,42,46,47],"ascension_level":4}