{"gold_per_floor":[118,131,92,110,110,110,110,125,125,125,139,139],"floor_reached":12,"playtime":616,"items_purged":[],"score":81,"play_id":"bacf3ef7-eb96-4a77-82a2-1bc616b2faa5","local_time":"20190428152006","is_ascension_mode":true,"campfire_choices":[{"floor":6,"key":"REST"}],"neow_cost":"NONE","seed_source_timestamp":1109553116646403,"circlet_count":0,"master_deck":["Defend_G","Defend_G","Defend_G","Defend_G","Defend_G","Strike_G","Strike_G","Strike_G","Strike_G","Strike_G","Survivor","Neutralize","Acrobatics","Blur","Well Laid Plans","Escape Plan","Footwork+1","PiercingWail"],"relics":["Ring of the Snake","Bag of Preparation","Sundial","Golden Idol","Pantograph"],"potions_floor_usage":[8,12,12,12],"damage_taken":[{"damage":6,"enemies":"Jaw Worm","floor":1,"turns":6},{"damage":14,"enemies":"Cultist","floor":2,"turns":6},{"damage":0,"enemies":"Small Slimes","floor":4,"turns":4},{"damage":16,"enemies":"Exordium Thugs","floor":8,"turns":7},{"damage":0,"enemies":"Blue Slaver","floor":11,"turns":6},{"damage":33,"enemies":"Lagavulin","floor":12,"turns":20}],"seed_played":"-8989676590512208810","potions_obtained":[{"floor":1,"key":"Weak Potion"},{"floor":2,"key":"Explosive Potion"},{"floor":4,"key":"EssenceOfSteel"},{"floor":11,"key":"GhostInAJar"}],"is_trial":false,"path_per_floor":["M","M","$","M","?","R","?","M","T","?","M","E"],"character_chosen":"THE_SILENT","items_purchased":["Well Laid Plans"],"campfire_rested":1,"item_purchase_floors":[3],"current_hp_per_floor":[64,50,50,50,38,59,42,26,26,26,26,0],"gold":139,"neow_bonus":"RANDOM_COMMON_RELIC","is_prod":false,"is_daily":false,"chose_seed":false,"campfire_upgraded":0,"win_rate":0,"timestamp":1556421606,"path_taken":["M","M","$","M","?","R","?","M","T","?","?","E"],"build_version":"2019-01-23","purchased_purges":0,"victory":false,"max_hp_per_floor":[70,70,70,70,70,70,70,70,70,70,70,70],"card_choices":[{"not_picked":["Tactician","Dagger Spray"],"picked":"Acrobatics","floor":1},{"not_picked":["Heel Hook","Cloak And Dagger"],"picked":"Blur","floor":2},{"not_picked":["Deadly Poison","PiercingWail"],"picked":"Escape Plan","floor":4},{"not_picked":["Dagger Spray","Deflect"],"picked":"Footwork","floor":8},{"not_picked":["Slice","Outmaneuver"],"picked":"PiercingWail","floor":11}],"player_experience":112176,"relics_obtained":[{"floor":9,"key":"Pantograph"}],"event_choices":[{"damage_healed":0,"gold_gain":0,"player_choice":"Success","damage_taken":12,"relics_obtained":["Sundial"],"max_hp_gain":0,"max_hp_loss":0,"event_name":"Scrap Ooze","floor":5,"gold_loss":0},{"damage_healed":0,"gold_gain":0,"player_choice":"Take Damage","damage_taken":17,"relics_obtained":["Golden Idol"],"max_hp_gain":0,"max_hp_loss":0,"event_name":"Golden Idol","floor":7,"gold_loss":0},{"damage_healed":0,"gold_gain":0,"player_choice":"Forge","damage_taken":0,"max_hp_gain":0,"max_hp_loss":0,"event_name":"Accursed Blacksmith","floor":10,"gold_loss":0,"cards_upgraded":["Footwork"]}],"is_beta":false,"boss_relics":[],"items_purged_floors":[],"is_endless":false,"potions_floor_spawned":[1,2,4,11],"killed_by":"Lagavulin","ascension_level":3}