{"gold_per_floor":[113,113,131,142,142,142,175,175,199,214,214,243,32,42,42,141,141,156,170,95,167,186,186,136,34,58,96,121,133,174,203,215,329,341,370,402,433,461,473],"floor_reached":39,"playtime":2595,"items_purged":["Strike_G","Strike_G"],"score":606,"play_id":"efae368e-dace-4b56-a59b-726cffa8c07b","local_time":"20181002045126","is_ascension_mode":true,"campfire_choices":[{"data":"Infinite Blades","floor":6,"key":"SMITH"},{"data":"Wraith Form v2","floor":8,"key":"SMITH"},{"data":"Accuracy","floor":11,"key":"SMITH"},{"data":"Apotheosis","floor":15,"key":"SMITH"},{"data":"Envenom","floor":23,"key":"SMITH"},{"floor":29,"key":"REST"},{"floor":32,"key":"REST"}],"neow_cost":"TEN_PERCENT_HP_LOSS","seed_source_timestamp":1375538005153913,"circlet_count":0,"master_deck":["Defend_G","Defend_G","Defend_G","Defend_G","Defend_G","Strike_G","Strike_G","Survivor","Neutralize+1","Wraith Form v2+1","Infinite Blades+1","Backflip","Slice","Accuracy+1","Envenom+1","Apotheosis+1","Blade Dance","Cloak And Dagger","Storm of Steel","Slice","Well Laid Plans","Deflect","Cloak And Dagger","Dagger Spray","Backflip","Accuracy","A Thousand Cuts","Cloak And Dagger","Blade Dance+1"],"relics":["Ring of the Snake","CultistMask","Vajra","Potion Belt","Smiling Mask","WristBlade","Bottled Flame","MawBank","Kunai","Dream Catcher","Sozu"],"potions_floor_usage":[7,7,12,27,28,37],"damage_taken":[{"damage":2,"enemies":"Jaw Worm","floor":1,"turns":6},{"damage":0,"enemies":"Cultist","floor":3,"turns":4},{"damage":0,"enemies":"Small Slimes","floor":4,"turns":5},{"damage":1,"enemies":"Gremlin Nob","floor":7,"turns":3},{"damage":12,"enemies":"3 Louse","floor":10,"turns":4},{"damage":4,"enemies":"3 Sentries","floor":12,"turns":8},{"damage":3,"enemies":"Red Slaver","floor":14,"turns":5},{"damage":18,"enemies":"Hexaghost","floor":16,"turns":8},{"damage":1,"enemies":"3 Byrds","floor":18,"turns":4},{"damage":1,"enemies":"Spheric Guardian","floor":19,"turns":3},{"damage":2,"enemies":"Chosen and Byrds","floor":22,"turns":6},{"damage":16,"enemies":"Book of Stabbing","floor":27,"turns":4},{"damage":5,"enemies":"Snecko","floor":28,"turns":5},{"damage":23,"enemies":"Slavers","floor":30,"turns":4},{"damage":19,"enemies":"Snake Plant","floor":31,"turns":5},{"damage":19,"enemies":"Champ","floor":33,"turns":7},{"damage":2,"enemies":"Orb Walker","floor":35,"turns":3},{"damage":5,"enemies":"3 Shapes","floor":36,"turns":4},{"damage":5,"enemies":"Reptomancer","floor":37,"turns":4},{"damage":7,"enemies":"Transient","floor":38,"turns":5},{"damage":30,"enemies":"Maw","floor":39,"turns":4}],"seed_played":"-6946827239520534360","potions_obtained":[{"floor":1,"key":"SteroidPotion"},{"floor":4,"key":"Fire Potion"},{"floor":10,"key":"PowerPotion"},{"floor":22,"key":"AttackPotion"},{"floor":27,"key":"Block Potion"},{"floor":33,"key":"Explosive Potion"}],"is_trial":false,"path_per_floor":["M","?","M","M","?","R","E","R","T","M","R","E","$","M","R","B",null,"M","M","?","T","M","R","$","$","T","E","M","R","E","M","R","B",null,"M","M","M","M"],"character_chosen":"THE_SILENT","items_purchased":["Apotheosis","Blade Dance","Deflect"],"campfire_rested":2,"item_purchase_floors":[13,13,25],"current_hp_per_floor":[61,61,61,61,61,61,60,60,60,48,48,44,44,41,41,23,53,52,51,51,51,49,49,49,49,49,33,28,46,23,4,22,3,48,46,41,36,29,0],"gold":473,"neow_bonus":"THREE_RARE_CARDS","is_prod":false,"is_daily":false,"chose_seed":false,"campfire_upgraded":5,"win_rate":0,"timestamp":1538423486,"path_taken":["M","?","M","M","?","R","E","R","T","?","R","E","$","M","R","BOSS","M","M","?","?","?","R","?","$","T","E","M","R","E","M","R","BOSS","M","?","M","M","M"],"build_version":"2018-09-27","purchased_purges":2,"victory":false,"max_hp_per_floor":[63,63,63,63,63,63,63,63,63,63,63,63,63,63,63,63,63,63,63,63,63,63,63,63,63,63,63,63,63,63,63,63,63,63,63,63,63,63,63],"card_choices":[{"not_picked":["Malaise","Doppelganger"],"picked":"Wraith Form v2","floor":0},{"not_picked":["Underhanded Strike","Heel Hook"],"picked":"Infinite Blades","floor":1},{"not_picked":["Masterful Stab","Catalyst"],"picked":"Backflip","floor":3},{"not_picked":["Expertise","Bane"],"picked":"Slice","floor":4},{"not_picked":["Outmaneuver","Flechettes"],"picked":"Accuracy","floor":7},{"not_picked":["Flying Knee","Masterful Stab","Expertise"],"picked":"SKIP","floor":10},{"not_picked":["Cloak And Dagger","PiercingWail"],"picked":"Envenom","floor":12},{"not_picked":["Backflip","Bane"],"picked":"Cloak And Dagger","floor":14},{"not_picked":["Wraith Form v2","Burst"],"picked":"Storm of Steel","floor":16},{"not_picked":["Heel Hook","Dodge and Roll+1","Poisoned Stab"],"picked":"SKIP","floor":18},{"not_picked":["Endless Agony","Blur"],"picked":"Slice","floor":19},{"not_picked":["Bane+1","Acrobatics"],"picked":"Well Laid Plans","floor":22},{"not_picked":["Underhanded Strike+1","Sucker Punch+1"],"picked":"Cloak And Dagger","floor":27},{"not_picked":["Sucker Punch","Dash"],"picked":"Dagger Spray","floor":28},{"not_picked":["Prepared+1","Dodge and Roll+1"],"picked":"Backflip","floor":30},{"not_picked":["Outmaneuver+1","Underhanded Strike","Dodge and Roll"],"picked":"SKIP","floor":31},{"not_picked":["Well Laid Plans+1","Backflip"],"picked":"Accuracy","floor":32},{"not_picked":["Die Die Die","Malaise"],"picked":"A Thousand Cuts","floor":33},{"not_picked":["Quick Slash+1","Underhanded Strike+1"],"picked":"Cloak And Dagger","floor":35},{"not_picked":["Concentrate","Quick Slash+1","Masterful Stab"],"picked":"SKIP","floor":36},{"not_picked":["Sucker Punch","Deflect+1"],"picked":"Blade Dance+1","floor":37},{"not_picked":["PiercingWail","Sucker Punch","Poisoned Stab+1"],"picked":"SKIP","floor":38}],"player_experience":338133,"relics_obtained":[{"floor":7,"key":"Vajra"},{"floor":9,"key":"Potion Belt"},{"floor":12,"key":"Smiling Mask"},{"floor":21,"key":"Bottled Flame"},{"floor":26,"key":"MawBank"},{"floor":27,"key":"Kunai"},{"floor":30,"key":"Dream Catcher"}],"event_choices":[{"event_name":"FaceTrader","player_choice":"Trade","floor":2,"damage_taken":0},{"event_name":"Accursed Blacksmith","player_choice":"Forge","floor":5,"damage_taken":0},{"event_name":"Beggar","player_choice":"Gave Gold","floor":20,"damage_taken":0}],"is_beta":false,"boss_relics":[{"not_picked":["Calling Bell","Ectoplasm"],"picked":"WristBlade"},{"not_picked":["Fusion Hammer","Busted Crown"],"picked":"Sozu"}],"items_purged_floors":[24,25],"is_endless":false,"potions_floor_spawned":[1,4,10,22,27,33,36,37],"killed_by":"Maw","ascension_level":8}