{"gold_per_floor":[16,30,44,44,57,57,86,104,154,4,19,19,19,37,37,140,140,150,163,163],"floor_reached":20,"playtime":960,"items_purged":["Strike_R"],"score":299,"play_id":"a3df8e5f-27b7-4e82-af70-ea1c1734c5c8","local_time":"20181013190523","is_ascension_mode":true,"campfire_choices":[{"data":"Bash","floor":6,"key":"SMITH"},{"data":"Perfected Strike","floor":13,"key":"SMITH"},{"data":"Perfected Strike","floor":15,"key":"SMITH"}],"neow_cost":"NO_GOLD","seed_source_timestamp":43113268852800,"circlet_count":0,"master_deck":["Strike_R","Strike_R","Strike_R","Defend_R","Defend_R","Defend_R","Bash+1","Perfected Strike+1","Perfected Strike+1","Perfected Strike+1","Whirlwind+1","Inflame","Fiend Fire+1","Perfected Strike+1","Immolate+1","Wild Strike+1"],"relics":["Burning Blood","Molten Egg 2","Art of War","White Beast Statue"],"potions_floor_usage":[7,20,20],"damage_taken":[{"damage":6,"enemies":"Cultist","floor":1,"turns":3},{"damage":4,"enemies":"2 Louse","floor":2,"turns":3},{"damage":9,"enemies":"Jaw Worm","floor":3,"turns":4},{"damage":6,"enemies":"Blue Slaver","floor":5,"turns":4},{"damage":10,"enemies":"3 Sentries","floor":7,"turns":6},{"damage":13,"enemies":"Exordium Thugs","floor":8,"turns":3},{"damage":17,"enemies":"Exordium Wildlife","floor":11,"turns":4},{"damage":0,"enemies":"Gremlin Gang","floor":14,"turns":1},{"damage":0,"enemies":"Slime Boss","floor":16,"turns":5},{"damage":6,"enemies":"3 Byrds","floor":18,"turns":2},{"damage":32,"enemies":"Shell Parasite","floor":19,"turns":5},{"damage":39,"enemies":"Shelled Parasite and Fungi","floor":20,"turns":3}],"seed_played":"4729651387021498900","potions_obtained":[{"floor":2,"key":"EssenceOfSteel"},{"floor":3,"key":"SpeedPotion"},{"floor":11,"key":"Poison Potion"},{"floor":14,"key":"Dexterity Potion"},{"floor":16,"key":"Dexterity Potion"},{"floor":19,"key":"FearPotion"}],"is_trial":false,"path_per_floor":["M","M","M","?","M","R","E","M","T","$","M","$","R","M","R","B",null,"M","M"],"character_chosen":"IRONCLAD","items_purchased":["Fiend Fire+1"],"campfire_rested":0,"item_purchase_floors":[10],"current_hp_per_floor":[80,80,77,77,77,77,73,66,66,66,55,55,55,61,61,67,80,80,54,15],"gold":163,"neow_bonus":"REMOVE_TWO","is_prod":false,"is_daily":false,"chose_seed":false,"campfire_upgraded":3,"win_rate":0,"timestamp":1539425123,"path_taken":["M","?","M","?","M","R","E","M","T","?","M","?","R","M","R","BOSS","M","M","?"],"build_version":"2018-10-11","purchased_purges":1,"victory":false,"max_hp_per_floor":[80,80,80,80,80,80,80,80,80,80,80,80,80,80,80,80,80,80,80,80],"card_choices":[{"not_picked":["Anger","Iron Wave","Clash"],"picked":"SKIP","floor":1},{"not_picked":["Second Wind","Headbutt"],"picked":"Perfected Strike","floor":2},{"not_picked":["Reckless Charge","Disarm"],"picked":"Perfected Strike","floor":3},{"not_picked":["Battle Trance","True Grit"],"picked":"Perfected Strike","floor":5},{"not_picked":["Power Through","Shrug It Off"],"picked":"Whirlwind","floor":7},{"not_picked":["Thunderclap+1","Anger+1"],"picked":"Inflame","floor":8},{"not_picked":["Bludgeon+1","Rupture","Flame Barrier"],"picked":"SKIP","floor":11},{"not_picked":["Reckless Charge+1","Feel No Pain"],"picked":"Perfected Strike+1","floor":14},{"not_picked":["Feed+1","Bludgeon+1"],"picked":"Immolate+1","floor":16},{"not_picked":["Infernal Blade","Cleave+1"],"picked":"Wild Strike+1","floor":18},{"not_picked":["Dual Wield","Intimidate","Flex+1"],"picked":"SKIP","floor":19}],"player_experience":405614,"relics_obtained":[{"floor":7,"key":"Molten Egg 2"},{"floor":9,"key":"Art of War"}],"event_choices":[{"event_name":"Living Wall","player_choice":"Grow","floor":4,"damage_taken":0}],"is_beta":false,"boss_relics":[{"not_picked":["Busted Crown","Coffee Dripper"],"picked":"White Beast Statue"}],"items_purged_floors":[10],"is_endless":false,"potions_floor_spawned":[2,3,11,14,16,18,19],"killed_by":"Shelled Parasite and Fungi","ascension_level":4}