{"gold_per_floor":[114,114,139,159,176,201,201,213,238,250,21,21,21,48,48,150,150,168,168,168,185,203,34,62,62,62,77,77,77,77,77,77,174,174,192,211,211,311,261,261,291,566,566,580,1,1,12,25,25,25],"floor_reached":51,"playtime":2032,"items_purged":["Defend_B","Defend_B"],"score":828,"play_id":"2d7ae826-43c8-4d8d-9fbd-40b03cad16c7","local_time":"20190424134348","daily_mods":["Colorless Cards","Heirloom","Time Dilation","Flight"],"is_ascension_mode":false,"campfire_choices":[{"data":"Dualcast","floor":7,"key":"SMITH"},{"floor":13,"key":"REST"},{"floor":15,"key":"REST"},{"floor":25,"key":"REST"},{"floor":28,"key":"REST"},{"data":"Defragment","floor":30,"key":"SMITH"},{"data":"Streamline","floor":32,"key":"SMITH"},{"floor":40,"key":"REST"},{"floor":49,"key":"REST"}],"neow_cost":"","seed_source_timestamp":753815190338319,"circlet_count":0,"master_deck":["Strike_B","Strike_B","Strike_B","Strike_B","Defend_B","Defend_B","Zap","Dualcast+1","Hello World","Gash","Cold Snap+1","Flash of Steel+1","Gash","Streamline+1","Panache","Madness+1","Beam Cell","Ball Lightning","Go for the Eyes","Core Surge","Beam Cell","Coolheaded","Gash","Cold Snap","Electrodynamics","Compile Driver+1","White Noise+1","Redo","Mind Blast","Chaos","Regret","Writhe","Gash","Loop","Streamline","Iron Wave"],"relics":["Cracked Core","Dead Branch","Smiling Mask","Regal Pillow","Happy Flower","Omamori","Dream Catcher","Cursed Key","Nilry\u0027s Codex","DataDisk","Bronze Scales","Pear","Busted Crown","Bird Faced Urn","Nunchaku","Boot","Singing Bowl","Mercury Hourglass","Bag of Marbles"],"potions_floor_usage":[41],"damage_taken":[{"damage":1,"enemies":"Cultist","floor":1,"turns":3},{"damage":0,"enemies":"2 Louse","floor":4,"turns":2},{"damage":1,"enemies":"Jaw Worm","floor":5,"turns":4},{"damage":14,"enemies":"Gremlin Nob","floor":6,"turns":4},{"damage":10,"enemies":"3 Louse","floor":8,"turns":4},{"damage":8,"enemies":"Red Slaver","floor":10,"turns":4},{"damage":18,"enemies":"3 Sentries","floor":14,"turns":5},{"damage":37,"enemies":"Hexaghost","floor":16,"turns":8},{"damage":15,"enemies":"2 Thieves","floor":18,"turns":3},{"damage":12,"enemies":"Shell Parasite","floor":21,"turns":3},{"damage":20,"enemies":"Snecko","floor":22,"turns":5},{"damage":31,"enemies":"Slavers","floor":24,"turns":4},{"damage":30,"enemies":"Sentry and Sphere","floor":27,"turns":3},{"damage":63,"enemies":"Automaton","floor":33,"turns":8},{"damage":43,"enemies":"3 Darklings","floor":35,"turns":4},{"damage":0,"enemies":"3 Shapes","floor":36,"turns":3},{"damage":17,"enemies":"Mind Bloom Boss Battle","floor":38,"turns":4},{"damage":28,"enemies":"Nemesis","floor":41,"turns":7},{"damage":5,"enemies":"Maw","floor":44,"turns":6},{"damage":8,"enemies":"4 Shapes","floor":47,"turns":3},{"damage":24,"enemies":"Spire Growth","floor":48,"turns":4},{"damage":87,"enemies":"Awakened One","floor":50,"turns":9}],"seed_played":"-8127300771846888857","potions_obtained":[{"floor":4,"key":"Energy Potion"},{"floor":10,"key":"Energy Potion"},{"floor":14,"key":"Poison Potion"},{"floor":21,"key":"Energy Potion"},{"floor":41,"key":"Fruit Juice"},{"floor":48,"key":"Weak Potion"}],"is_trial":true,"path_per_floor":["M","$","T","M","M","E","R","M","T","M","$","?","R","E","R","B",null,"M","?","?","M","M","$","E","R","T","M","R","?","R","?","R","B",null,"M","M","T","?","$","R","E","?","T","M","$","?","M","M","R","B",null],"character_chosen":"DEFECT","items_purchased":["Defragment","Omamori","Go for the Eyes","DataDisk","Gash","Loop","Mercury Hourglass","Streamline","Bag of Marbles"],"campfire_rested":6,"item_purchase_floors":[11,11,23,23,45,45,45,45,45],"current_hp_per_floor":[74,74,74,74,73,59,59,49,49,41,41,26,63,45,75,38,75,60,44,85,73,53,53,22,62,72,42,85,85,85,85,85,22,95,52,52,52,47,47,90,81,81,81,86,86,86,88,70,108,29],"gold":25,"neow_bonus":"","is_prod":false,"is_daily":false,"chose_seed":false,"campfire_upgraded":3,"win_rate":0,"timestamp":1556070228,"path_taken":["M","?","?","M","M","E","R","M","T","M","$","?","R","E","R","BOSS","M","?","?","M","M","$","E","R","T","?","R","?","R","?","R","BOSS","M","?","?","?","$","R","E","?","T","?","?","?","M","?","R","BOSS"],"build_version":"2019-01-23","purchased_purges":2,"victory":true,"max_hp_per_floor":[75,75,75,75,75,75,75,75,75,75,75,75,75,75,75,75,75,75,75,85,85,85,85,85,85,95,95,95,95,95,95,95,95,95,95,95,95,95,95,95,100,100,100,102,102,102,104,106,108,108],"card_choices":[{"not_picked":["Turbo","Purity"],"picked":"Hello World","floor":1},{"not_picked":["Stack","Melter"],"picked":"Gash","floor":4},{"not_picked":["Heatsinks","Conserve Battery"],"picked":"Cold Snap","floor":5},{"not_picked":["Leap","Aggregate"],"picked":"Seek","floor":6},{"not_picked":["Deep Breath","Stack","Redo"],"picked":"SKIP","floor":8},{"not_picked":["Reinforced Body","Purity"],"picked":"Flash of Steel","floor":10},{"not_picked":["Buffer","Reprogram"],"picked":"Gash","floor":14},{"not_picked":["Jack Of All Trades","Coolheaded"],"picked":"Streamline","floor":15},{"not_picked":["Meteor Strike","Metamorphosis"],"picked":"Panache","floor":16},{"not_picked":["Reinforced Body","Compile Driver"],"picked":"Madness+1","floor":18},{"not_picked":["Jack Of All Trades","Steam Power"],"picked":"Beam Cell","floor":21},{"not_picked":["Redo","Hologram"],"picked":"Ball Lightning","floor":22},{"not_picked":["Hologram","Barrage+1"],"picked":"Core Surge","floor":24},{"not_picked":["Impatience","Jack Of All Trades"],"picked":"Beam Cell","floor":25},{"not_picked":["Barrage","Turbo"],"picked":"Coolheaded","floor":27},{"not_picked":["Storm","Stack"],"picked":"Gash","floor":28},{"not_picked":["Metamorphosis","Master of Strategy"],"picked":"Electrodynamics","floor":33},{"not_picked":[],"picked":"Compile Driver+1","floor":35},{"not_picked":[],"picked":"White Noise+1","floor":36},{"not_picked":[],"picked":"Redo","floor":38},{"not_picked":[],"picked":"Mind Blast","floor":40},{"not_picked":[],"picked":"Chaos","floor":41},{"not_picked":["Leap"],"picked":"Singing Bowl","floor":44},{"not_picked":["Beam Cell+1"],"picked":"Singing Bowl","floor":47},{"not_picked":["Go for the Eyes+1"],"picked":"Singing Bowl","floor":48},{"not_picked":["Self Repair+1"],"picked":"Singing Bowl","floor":49}],"player_experience":68285,"relics_obtained":[{"floor":3,"key":"Smiling Mask"},{"floor":6,"key":"Regal Pillow"},{"floor":9,"key":"Happy Flower"},{"floor":14,"key":"Dream Catcher"},{"floor":19,"key":"Nilry\u0027s Codex"},{"floor":24,"key":"Bronze Scales"},{"floor":26,"key":"Pear"},{"floor":37,"key":"Bird Faced Urn"},{"floor":38,"key":"Nunchaku"},{"floor":41,"key":"Boot"},{"floor":43,"key":"Singing Bowl"}],"event_choices":[{"damage_healed":0,"gold_gain":0,"player_choice":"Entered Light","damage_taken":15,"max_hp_gain":0,"max_hp_loss":0,"event_name":"Shining Light","floor":12,"gold_loss":0,"cards_upgraded":["Cold Snap","Flash of Steel"]},{"damage_healed":0,"gold_gain":0,"player_choice":"Obtained Book","damage_taken":16,"max_hp_gain":0,"max_hp_loss":0,"event_name":"Cursed Tome","floor":19,"gold_loss":0},{"cards_removed":["Seek"],"damage_healed":31,"gold_gain":0,"player_choice":"Offered Rare","damage_taken":0,"max_hp_gain":10,"max_hp_loss":0,"event_name":"Bonfire Elementals","floor":20,"gold_loss":0},{"damage_healed":0,"gold_gain":0,"player_choice":"Read","damage_taken":0,"max_hp_gain":0,"max_hp_loss":0,"event_name":"The Library","floor":29,"gold_loss":0,"cards_obtained":["Cold Snap"]},{"damage_healed":0,"gold_gain":0,"player_choice":"0 cards matched","damage_taken":0,"max_hp_gain":0,"max_hp_loss":0,"event_name":"Match and Keep!","floor":31,"gold_loss":0,"cards_obtained":[]},{"damage_healed":0,"gold_gain":0,"player_choice":"Fight","damage_taken":0,"max_hp_gain":0,"max_hp_loss":0,"event_name":"MindBloom","floor":38,"gold_loss":0},{"damage_healed":0,"gold_gain":275,"player_choice":"Desecrate","damage_taken":0,"max_hp_gain":0,"max_hp_loss":0,"event_name":"Golden Shrine","floor":42,"gold_loss":0,"cards_obtained":["Regret"]},{"cards_removed":["Defragment"],"damage_healed":0,"gold_gain":0,"player_choice":"Took Card","damage_taken":0,"max_hp_gain":0,"max_hp_loss":0,"event_name":"NoteForYourself","floor":46,"gold_loss":0,"cards_obtained":["Iron Wave"]}],"is_beta":false,"boss_relics":[{"not_picked":["Pandora\u0027s Box","Black Star"],"picked":"Cursed Key"},{"not_picked":["Empty Cage","Runic Dome"],"picked":"Busted Crown"}],"items_purged_floors":[39,45],"is_endless":false,"potions_floor_spawned":[4,10,14,21,24,36,38,41,48],"ascension_level":0}