{"gold_per_floor":[110,110,110,120,45,377,377,277,330,348,365,396,396,427,427,527,527,537,557,194,194,208,208,208,243,243,166,44,44,63,80,80,80],"floor_reached":33,"playtime":2970,"items_purged":["Regret","Strike_G","Strike_G","Decay"],"score":263,"play_id":"b9199e95-1530-4b0e-b3a3-89a5f3c7fa4b","local_time":"20180909172055","is_ascension_mode":false,"campfire_choices":[{"floor":7,"key":"REST"},{"floor":13,"key":"REST"},{"floor":15,"key":"REST"},{"data":"Noxious Fumes","floor":23,"key":"SMITH"},{"data":"Noxious Fumes","floor":29,"key":"SMITH"},{"floor":32,"key":"REST"}],"neow_cost":"NONE","seed_source_timestamp":62049833686201,"circlet_count":0,"master_deck":["Defend_G","Defend_G","Defend_G","Strike_G","Strike_G","Survivor","Neutralize","Dodge and Roll","Escape Plan","Dagger Spray","Terror","Bullet Time","Burst","Bouncing Flask+1","Endless Agony+1","Calculated Gamble+1","Crippling Poison","Backflip","Noxious Fumes+1","Prepared","Deflect","J.A.X.","Noxious Fumes+1","Noxious Fumes"],"relics":["Ring of the Snake","Dodecahedron","Old Coin","Tiny Chest","Letter Opener","Darkstone Periapt","Astrolabe","Blood Vial","Smiling Mask","Red Mask","Bottled Lightning"],"potions_floor_usage":[6,6,10,14,16,16,22,25,33,33],"damage_taken":[{"damage":0,"enemies":"2 Louse","floor":1,"turns":3},{"damage":3,"enemies":"Jaw Worm","floor":4,"turns":4},{"damage":32,"enemies":"3 Sentries","floor":6,"turns":17},{"damage":0,"enemies":"Cultist","floor":10,"turns":4},{"damage":1,"enemies":"Red Slaver","floor":11,"turns":5},{"damage":28,"enemies":"Lagavulin","floor":12,"turns":11},{"damage":22,"enemies":"3 Sentries","floor":14,"turns":9},{"damage":32,"enemies":"The Guardian","floor":16,"turns":20},{"damage":0,"enemies":"Chosen","floor":18,"turns":4},{"damage":0,"enemies":"Spheric Guardian","floor":19,"turns":3},{"damage":9,"enemies":"Cultist and Chosen","floor":22,"turns":6},{"damage":18,"floor":25,"turns":4},{"damage":19,"enemies":"Snake Plant","floor":30,"turns":5},{"damage":23,"enemies":"Shelled Parasite and Fungi","floor":31,"turns":6},{"damage":42,"enemies":"Automaton","floor":33,"turns":8}],"seed_played":"4420017996635266490","potions_obtained":[{"floor":1,"key":"Explosive Potion"},{"floor":14,"key":"Explosive Potion"},{"floor":19,"key":"Energy Potion"},{"floor":22,"key":"Fire Potion"},{"floor":31,"key":"Ancient Potion"}],"is_trial":false,"path_per_floor":["M","?","?","M","$","E","R","$","T","M","M","E","R","E","R","B",null,"M","M","$","?","M","R","?","?","T","?","$","R","M","M","R"],"character_chosen":"THE_SILENT","items_purchased":["Blood Vial","Noxious Fumes","Prepared","Noxious Fumes"],"campfire_rested":4,"item_purchase_floors":[20,20,20,28],"current_hp_per_floor":[70,70,70,67,67,35,56,56,56,56,55,27,48,26,47,15,70,70,70,70,76,67,67,67,51,51,51,51,51,34,13,35,0],"gold":80,"neow_bonus":"TRANSFORM_CARD","is_prod":false,"is_daily":false,"chose_seed":false,"campfire_upgraded":2,"win_rate":1,"timestamp":1536484855,"path_taken":["M","?","?","?","$","E","R","$","T","?","?","E","R","E","R","BOSS","M","M","$","?","?","R","?","?","T","?","?","R","M","M","R","BOSS"],"build_version":"2018-08-16","purchased_purges":4,"victory":false,"max_hp_per_floor":[70,70,70,70,70,70,70,70,70,70,70,70,70,70,70,70,70,70,70,70,76,76,76,76,76,76,76,76,76,76,76,76,76],"card_choices":[{"not_picked":["Quick Slash","Expertise","Masterful Stab"],"picked":"SKIP","floor":1},{"not_picked":["Blade Dance","Finisher"],"picked":"Dodge and Roll","floor":4},{"not_picked":["Poisoned Stab","Quick Slash"],"picked":"Escape Plan","floor":6},{"not_picked":["Endless Agony","Eviscerate"],"picked":"Dagger Spray","floor":10},{"not_picked":["Bane","Choke"],"picked":"Terror","floor":11},{"not_picked":["Predator","Deadly Poison"],"picked":"Bullet Time","floor":12},{"not_picked":["Deadly Poison","Backstab","Eviscerate"],"picked":"SKIP","floor":14},{"not_picked":["Wraith Form v2","Unload"],"picked":"Burst","floor":16},{"not_picked":["Dodge and Roll","Sucker Punch"],"picked":"Crippling Poison","floor":18},{"not_picked":["Finisher","Underhanded Strike"],"picked":"Backflip","floor":19},{"not_picked":["Backflip","Leg Sweep"],"picked":"Deflect","floor":22},{"not_picked":["Sucker Punch","Blade Dance+1"],"picked":"Noxious Fumes","floor":30},{"not_picked":["Reflex","Slice","Terror"],"picked":"SKIP","floor":31}],"player_experience":25075,"relics_obtained":[{"floor":6,"key":"Old Coin"},{"floor":9,"key":"Tiny Chest"},{"floor":12,"key":"Letter Opener"},{"floor":14,"key":"Darkstone Periapt"},{"floor":25,"key":"Red Mask"},{"floor":26,"key":"Bottled Lightning"}],"event_choices":[{"event_name":"Big Fish","player_choice":"Box","floor":2,"damage_taken":0},{"event_name":"The Woman in Blue","player_choice":"Bought 0 Potions","floor":3,"damage_taken":0},{"event_name":"Forgotten Altar","player_choice":"Smashed Altar","floor":21,"damage_taken":0},{"event_name":"The Mausoleum","player_choice":"Yes","floor":24,"damage_taken":0},{"event_name":"Masked Bandits","player_choice":"Fought Bandits","floor":25,"damage_taken":0},{"event_name":"Drug Dealer","player_choice":"Got JAXXED","floor":27,"damage_taken":0}],"is_beta":false,"boss_relics":[{"not_picked":["Eternal Feather","Tiny House"],"picked":"Astrolabe"}],"items_purged_floors":[5,8,20,28],"is_endless":false,"potions_floor_spawned":[1,4,14,19,22,31],"killed_by":"Automaton","ascension_level":0}