{"gold_per_floor":[115,190,206,218,218,218,247,87,111,111,126,137,137,156,156,253,253,264,16,16,31,41,41,75,75,75,93,18,35,69,69,69,166,166,185,0,50,66,66,66,100,100,100,120,120,120,134,144,144,144,144,144,21,49,49],"floor_reached":55,"playtime":2366,"items_purged":["Skim"],"score":773,"play_id":"77985738-3efb-4e74-8a92-9a0465c12a1a","local_time":"20190428110141","is_ascension_mode":true,"campfire_choices":[{"floor":6,"key":"REST"},{"floor":10,"key":"REST"},{"floor":13,"key":"REST"},{"data":"Defragment","floor":15,"key":"SMITH"},{"data":"Electrodynamics","floor":23,"key":"SMITH"},{"floor":25,"key":"REST"},{"data":"Consume","floor":32,"key":"SMITH"},{"floor":40,"key":"REST"},{"floor":42,"key":"RECALL"},{"data":"Thunder Strike","floor":46,"key":"SMITH"},{"data":"Fusion","floor":49,"key":"SMITH"},{"data":"Buffer","floor":52,"key":"SMITH"}],"neow_cost":"NONE","seed_source_timestamp":1092294615674152,"circlet_count":0,"master_deck":["Zap","Dualcast","Electrodynamics+1","FTL","Fusion+1","Thunder Strike+1","Aggregate","Conserve Battery+1","Skim","Storm","Steam","Chill+1","Defragment+1","Cold Snap","Genetic Algorithm","Chill","Go for the Eyes","Buffer+1","Ball Lightning","Streamline","Cold Snap","Consume+1","Self Repair","Redo+1","Consume+1","Steam+1","Madness","Madness","Loop+1","Glacier"],"relics":["Pandora\u0027s Box","Bronze Scales","War Paint","Inserter","Singing Bowl","Nloth\u0027s Gift","Dream Catcher","Strawberry","StoneCalendar","Eternal Feather","Red Mask","Incense Burner","Meat on the Bone","FossilizedHelix","Anchor"],"potions_floor_usage":[30,37,50,54,54,54,55],"damage_taken":[{"damage":11,"enemies":"Jaw Worm","floor":1,"turns":3},{"damage":10,"enemies":"Small Slimes","floor":3,"turns":2},{"damage":9,"enemies":"Cultist","floor":4,"turns":4},{"damage":33,"enemies":"Gremlin Nob","floor":7,"turns":4},{"damage":5,"enemies":"Exordium Thugs","floor":11,"turns":5},{"damage":0,"enemies":"2 Fungi Beasts","floor":12,"turns":2},{"damage":0,"enemies":"Looter","floor":14,"turns":3},{"damage":30,"enemies":"Hexaghost","floor":16,"turns":9},{"damage":9,"enemies":"2 Thieves","floor":18,"turns":3},{"damage":6,"enemies":"Chosen","floor":21,"turns":5},{"damage":9,"enemies":"Sentry and Sphere","floor":22,"turns":4},{"damage":8,"enemies":"Slavers","floor":24,"turns":4},{"damage":4,"enemies":"Shelled Parasite and Fungi","floor":27,"turns":5},{"damage":0,"enemies":"Snecko","floor":29,"turns":4},{"damage":0,"enemies":"Gremlin Leader","floor":30,"turns":5},{"damage":15,"enemies":"Champ","floor":33,"turns":9},{"damage":0,"enemies":"3 Darklings","floor":35,"turns":4},{"damage":36,"enemies":"2 Orb Walkers","floor":37,"turns":5},{"damage":0,"enemies":"3 Shapes","floor":38,"turns":6},{"damage":53,"enemies":"Nemesis","floor":41,"turns":7},{"damage":0,"enemies":"Maw","floor":44,"turns":8},{"damage":0,"enemies":"Jaw Worm Horde","floor":47,"turns":5},{"damage":17,"enemies":"Transient","floor":48,"turns":5},{"damage":52,"enemies":"Awakened One","floor":50,"turns":10},{"damage":53,"enemies":"Shield and Spear","floor":54,"turns":6},{"damage":63,"enemies":"The Heart","floor":55,"turns":6}],"seed_played":"1617326098412872891","potions_obtained":[{"floor":1,"key":"PowerPotion"},{"floor":3,"key":"Energy Potion"},{"floor":14,"key":"Dexterity Potion"},{"floor":24,"key":"Explosive Potion"},{"floor":29,"key":"Block Potion"},{"floor":37,"key":"GamblersBrew"},{"floor":41,"key":"Energy Potion"},{"floor":54,"key":"Strength Potion"}],"is_trial":false,"path_per_floor":["M","?","M","M","?","R","E","$","T","R","M","M","R","M","R","B",null,"M","$","?","M","M","R","E","R","T","M","$","M","E","T","R","B",null,"M","?","?","M","?","R","E","R","T","M","?","R","M","M","R","B",null,"R","$","E","B"],"character_chosen":"DEFECT","items_purchased":["Cold Snap","Genetic Algorithm","Singing Bowl","Self Repair","Glacier","PowerPotion"],"campfire_rested":5,"item_purchase_floors":[8,8,19,28,53,53],"current_hp_per_floor":[64,53,43,34,31,53,20,20,20,42,37,37,59,59,59,29,75,66,66,66,60,51,51,43,67,67,65,65,67,81,81,81,75,90,92,92,63,70,58,92,48,66,66,75,75,90,92,84,99,66,100,100,100,61,0],"gold":49,"neow_bonus":"BOSS_RELIC","is_prod":false,"is_daily":false,"chose_seed":false,"campfire_upgraded":6,"win_rate":0,"timestamp":1556406101,"path_taken":["M","?","M","M","?","R","E","?","T","R","M","M","R","M","R","BOSS","M","$","?","M","?","R","E","R","T","M","$","M","E","?","R","BOSS","M","?","?","M","?","R","E","R","T","M","?","R","?","M","R","BOSS","R","$","E","BOSS"],"build_version":"2019-01-23","purchased_purges":1,"victory":false,"max_hp_per_floor":[75,75,75,75,75,75,75,75,75,75,75,75,75,75,75,75,75,75,75,75,75,75,75,75,77,77,79,79,81,88,88,88,90,90,92,92,92,92,92,92,94,94,94,96,96,96,98,100,100,100,100,100,100,102,102],"card_choices":[{"not_picked":["Conserve Battery","Static Discharge"],"picked":"Storm","floor":1},{"not_picked":["Conserve Battery","Leap"],"picked":"Steam","floor":3},{"not_picked":["Doom and Gloom","Sweeping Beam"],"picked":"Chill","floor":4},{"not_picked":["FTL","Ball Lightning"],"picked":"Defragment","floor":7},{"not_picked":["Heatsinks","Fusion"],"picked":"Gash","floor":11},{"not_picked":["Compile Driver","Hologram"],"picked":"Chill","floor":12},{"not_picked":["Barrage","Auto Shields"],"picked":"Go for the Eyes","floor":14},{"not_picked":["Amplify","Creative AI"],"picked":"Buffer","floor":16},{"not_picked":["Double Energy","Beam Cell+1"],"picked":"Ball Lightning","floor":18},{"not_picked":["Storm","Coolheaded+1"],"picked":"Streamline","floor":21},{"not_picked":["Gash","Ball Lightning"],"picked":"Cold Snap","floor":22},{"not_picked":["FTL+1","Redo"],"picked":"Consume","floor":24},{"not_picked":["Beam Cell+1","Rebound","Leap"],"picked":"Singing Bowl","floor":25},{"not_picked":["Reprogram","Creative AI","Leap"],"picked":"Singing Bowl","floor":27},{"not_picked":["Streamline+1","Compile Driver","Conserve Battery"],"picked":"Singing Bowl","floor":29},{"not_picked":["Streamline","Ball Lightning"],"picked":"Redo+1","floor":30},{"not_picked":["Rainbow","Thunder Strike","Biased Cognition"],"picked":"Singing Bowl","floor":33},{"not_picked":["Stack","Compile Driver+1","Capacitor"],"picked":"Singing Bowl","floor":35},{"not_picked":["Melter","Streamline+1"],"picked":"Consume+1","floor":37},{"not_picked":["Go for the Eyes","FTL+1"],"picked":"Steam+1","floor":38},{"not_picked":["Leap","Recycle+1"],"picked":"Loop+1","floor":40},{"not_picked":["Hologram+1","Stack","Creative AI"],"picked":"Singing Bowl","floor":41},{"not_picked":["Storm","Hologram","Conserve Battery"],"picked":"Singing Bowl","floor":44},{"not_picked":["Consume+1","Hello World","Redo+1"],"picked":"Singing Bowl","floor":47},{"not_picked":["Rebound+1","Chill","Steam Power"],"picked":"Singing Bowl","floor":48},{"not_picked":["Rebound+1","Creative AI","Hologram"],"picked":"Singing Bowl","floor":54}],"player_experience":108496,"relics_obtained":[{"floor":7,"key":"War Paint"},{"floor":9,"key":"Art of War"},{"floor":24,"key":"Dream Catcher"},{"floor":30,"key":"Strawberry"},{"floor":31,"key":"StoneCalendar"},{"floor":37,"key":"Incense Burner"},{"floor":41,"key":"Meat on the Bone"},{"floor":43,"key":"FossilizedHelix"},{"floor":54,"key":"Anchor"}],"event_choices":[{"damage_healed":0,"gold_gain":75,"player_choice":"Gather Gold","damage_taken":11,"max_hp_gain":0,"max_hp_loss":0,"event_name":"World of Goop","floor":2,"gold_loss":0},{"damage_healed":0,"gold_gain":0,"player_choice":"Success","damage_taken":3,"relics_obtained":["Bronze Scales"],"max_hp_gain":0,"max_hp_loss":0,"event_name":"Scrap Ooze","floor":5,"gold_loss":0},{"damage_healed":0,"gold_gain":0,"player_choice":"Traded Relic","damage_taken":0,"relics_obtained":["Nloth\u0027s Gift"],"max_hp_gain":0,"max_hp_loss":0,"event_name":"N\u0027loth","floor":20,"relics_lost":["Art of War"],"gold_loss":0},{"damage_healed":0,"gold_gain":0,"player_choice":"Paid","damage_taken":0,"relics_obtained":["Red Mask"],"max_hp_gain":0,"max_hp_loss":0,"event_name":"Tomb of Lord Red Mask","floor":36,"gold_loss":185},{"damage_healed":0,"gold_gain":0,"player_choice":"Fight","damage_taken":0,"max_hp_gain":0,"max_hp_loss":0,"event_name":"Mysterious Sphere","floor":37,"gold_loss":0},{"damage_healed":0,"gold_gain":0,"player_choice":"Embrace Madness","damage_taken":12,"max_hp_gain":0,"max_hp_loss":0,"event_name":"Winding Halls","floor":39,"gold_loss":0,"cards_obtained":["Madness","Madness"]},{"cards_removed":["Gash"],"damage_healed":0,"gold_gain":0,"player_choice":"Removed Attack","damage_taken":0,"max_hp_gain":0,"max_hp_loss":0,"event_name":"Falling","floor":45,"gold_loss":0}],"is_beta":false,"boss_relics":[{"not_picked":["Cursed Key","Philosopher\u0027s Stone"],"picked":"Inserter"},{"not_picked":["Runic Pyramid","Orrery"],"picked":"Eternal Feather"}],"items_purged_floors":[8],"is_endless":false,"potions_floor_spawned":[1,3,14,22,24,27,29,37,41,44,47,54],"killed_by":"The Heart","ascension_level":1}