{"gold_per_floor":[111,121,121,121,134,134,148,148,230,258,258,271,446,465,465,465],"floor_reached":16,"playtime":384,"items_purged":[],"score":102,"play_id":"544063a6-26c1-407b-9f01-84afacc456df","local_time":"20190512003410","is_ascension_mode":false,"campfire_choices":[{"data":"Skewer","floor":6,"key":"SMITH"},{"floor":8,"key":"REST"},{"data":"Neutralize","floor":11,"key":"SMITH"},{"floor":15,"key":"REST"}],"neow_cost":"NONE","seed_source_timestamp":2266227008844037,"circlet_count":0,"master_deck":["Defend_G","Defend_G","Defend_G","Defend_G","Defend_G","Strike_G","Strike_G","Strike_G","Strike_G","Survivor","Neutralize+1","Skewer+1","All Out Attack","Grand Finale","PiercingWail","Poisoned Stab","PiercingWail","Dagger Throw+1","Doubt","Distraction"],"relics":["Philosopher\u0027s Stone","Strawberry","Molten Egg 2","Juzu Bracelet"],"potions_floor_usage":[16,16],"damage_taken":[{"damage":0,"enemies":"2 Louse","floor":1,"turns":3},{"damage":2,"enemies":"Jaw Worm","floor":2,"turns":2},{"damage":3,"enemies":"Small Slimes","floor":5,"turns":4},{"damage":6,"enemies":"3 Louse","floor":7,"turns":3},{"damage":30,"enemies":"Gremlin Nob","floor":10,"turns":4},{"damage":9,"enemies":"Blue Slaver","floor":12,"turns":4},{"damage":5,"enemies":"2 Fungi Beasts","floor":14,"turns":3},{"damage":52,"enemies":"The Guardian","floor":16,"turns":10}],"seed_played":"5001914388175877989","potions_obtained":[{"floor":1,"key":"Swift Potion"},{"floor":2,"key":"SkillPotion"},{"floor":5,"key":"PowerPotion"}],"is_trial":false,"path_per_floor":["M","M","?","?","M","R","M","R","T","E","R","M","?","M","R","B"],"character_chosen":"THE_SILENT","items_purchased":[],"campfire_rested":2,"item_purchase_floors":[],"current_hp_per_floor":[70,68,57,57,54,54,48,71,71,41,41,32,32,27,50,0],"gold":465,"neow_bonus":"BOSS_RELIC","is_prod":false,"is_daily":false,"chose_seed":false,"campfire_upgraded":2,"win_rate":0,"timestamp":1557578050,"path_taken":["M","M","?","?","M","R","M","R","T","E","R","M","?","M","R","BOSS"],"build_version":"2019-01-23","purchased_purges":0,"victory":false,"max_hp_per_floor":[70,70,77,77,77,77,77,77,77,77,77,77,77,77,77,77],"card_choices":[{"not_picked":["Flechettes","Acrobatics"],"picked":"Skewer","floor":1},{"not_picked":["Underhanded Strike","Cloak And Dagger"],"picked":"All Out Attack","floor":2},{"not_picked":["Bane","Deadly Poison"],"picked":"PiercingWail","floor":5},{"not_picked":["Deflect","Underhanded Strike"],"picked":"Poisoned Stab","floor":7},{"not_picked":["Deadly Poison","Endless Agony+1"],"picked":"PiercingWail","floor":10},{"not_picked":["Blade Dance","Catalyst"],"picked":"Dagger Throw+1","floor":12},{"not_picked":["All Out Attack+1","Prepared"],"picked":"Distraction","floor":14}],"player_experience":233180,"relics_obtained":[{"floor":9,"key":"Molten Egg 2"},{"floor":10,"key":"Juzu Bracelet"}],"event_choices":[{"damage_healed":0,"gold_gain":0,"player_choice":"Success","damage_taken":18,"relics_obtained":["Strawberry"],"max_hp_gain":0,"max_hp_loss":0,"event_name":"Scrap Ooze","floor":3,"gold_loss":0},{"damage_healed":0,"gold_gain":0,"cards_transformed":["Strike_G"],"player_choice":"Change","damage_taken":0,"max_hp_gain":0,"max_hp_loss":0,"event_name":"Living Wall","floor":4,"gold_loss":0,"cards_obtained":["Grand Finale"]},{"damage_healed":0,"gold_gain":175,"player_choice":"AGREE","damage_taken":0,"max_hp_gain":0,"max_hp_loss":0,"event_name":"Liars Game","floor":13,"gold_loss":0,"cards_obtained":["Doubt"]}],"is_beta":false,"boss_relics":[],"items_purged_floors":[],"is_endless":false,"potions_floor_spawned":[1,2,5],"killed_by":"The Guardian","ascension_level":0}