{"gold_per_floor":[109,124,143,143,93,93,124,124,147,147,159,170,41,66,66,161,161,173,173,187,203,203,203,25,25,25,45,45,0,35,35,35,140,140,155,202,202],"floor_reached":37,"playtime":1900,"items_purged":[],"score":424,"play_id":"8146707a-79cb-40f8-bcac-c7a4b9f40641","local_time":"20190427153219","is_ascension_mode":true,"campfire_choices":[{"data":"Terror","floor":6,"key":"SMITH"},{"floor":8,"key":"REST"},{"data":"Noxious Fumes","floor":10,"key":"SMITH"},{"floor":15,"key":"REST"},{"floor":23,"key":"REST"},{"floor":25,"key":"REST"},{"floor":28,"key":"RECALL"},{"floor":32,"key":"REST"}],"neow_cost":"NONE","seed_source_timestamp":1022601209407327,"circlet_count":0,"master_deck":["Defend_G","Defend_G","Defend_G","Defend_G","Defend_G","Strike_G","Strike_G","Strike_G","Strike_G","Survivor","Neutralize+1","Flying Knee","Deadly Poison","Terror+1","Noxious Fumes+1","Escape Plan","Calculated Gamble","Finesse","After Image","Well Laid Plans","RitualDagger","Backflip","Footwork+1","Footwork","Well Laid Plans","Bandage Up","Poisoned Stab+1","Prepared+1","Venomology","Cloak And Dagger+1","Dodge and Roll"],"relics":["Ring of the Snake","PreservedInsect","Strawberry","Fusion Hammer","Dead Branch","Omamori","Sozu","Tough Bandages"],"potions_floor_usage":[36],"damage_taken":[{"damage":11,"enemies":"Cultist","floor":1,"turns":4},{"damage":2,"enemies":"2 Louse","floor":2,"turns":3},{"damage":2,"enemies":"Jaw Worm","floor":3,"turns":3},{"damage":34,"enemies":"Lagavulin","floor":7,"turns":9},{"damage":23,"enemies":"Exordium Wildlife","floor":11,"turns":6},{"damage":1,"enemies":"Blue Slaver","floor":12,"turns":4},{"damage":38,"enemies":"Slime Boss","floor":16,"turns":12},{"damage":19,"enemies":"2 Thieves","floor":18,"turns":5},{"damage":16,"enemies":"Spheric Guardian","floor":20,"turns":7},{"damage":11,"enemies":"Shelled Parasite and Fungi","floor":21,"turns":8},{"damage":1,"enemies":"Centurion and Healer","floor":27,"turns":7},{"damage":29,"enemies":"Slavers","floor":30,"turns":5},{"damage":7,"enemies":"Champ","floor":33,"turns":15},{"damage":11,"enemies":"Orb Walker","floor":35,"turns":5},{"damage":62,"enemies":"2 Orb Walkers","floor":36,"turns":7},{"damage":26,"enemies":"3 Darklings","floor":37,"turns":4}],"seed_played":"7642470805049441459","potions_obtained":[{"floor":2,"key":"GhostInAJar"},{"floor":3,"key":"SpeedPotion"},{"floor":12,"key":"GhostInAJar"}],"is_trial":false,"path_per_floor":["M","M","M","?","?","R","E","R","T","R","M","M","$","T","R","B",null,"M","?","M","M","?","R","$","R","T","M","R","?","E","?","R","B",null,"M","?","M"],"character_chosen":"THE_SILENT","items_purchased":["Calculated Gamble","Finesse","Well Laid Plans","Bandage Up"],"campfire_rested":5,"item_purchase_floors":[13,13,24,24],"current_hp_per_floor":[66,64,62,62,62,62,28,51,58,58,35,34,34,34,59,21,84,65,59,43,32,32,57,57,82,82,83,83,83,58,58,83,80,84,77,19,0],"gold":202,"neow_bonus":"TEN_PERCENT_HP_BONUS","is_prod":false,"is_daily":false,"chose_seed":false,"campfire_upgraded":2,"win_rate":0,"timestamp":1556335939,"path_taken":["M","?","M","?","?","R","E","R","T","R","M","M","$","?","R","BOSS","M","?","M","M","?","R","$","R","T","?","R","?","E","?","R","BOSS","M","?","M"],"build_version":"2019-01-23","purchased_purges":0,"victory":false,"max_hp_per_floor":[77,77,77,77,77,77,77,77,84,84,84,84,84,84,84,84,84,84,84,84,84,84,84,84,84,84,84,84,84,84,84,84,84,84,84,84,84],"card_choices":[{"not_picked":["Outmaneuver","Endless Agony"],"picked":"Flying Knee","floor":1},{"not_picked":["Blade Dance","Bane"],"picked":"Deadly Poison","floor":2},{"not_picked":["Setup","Slice"],"picked":"Terror","floor":3},{"not_picked":["Slice","Blur"],"picked":"Noxious Fumes","floor":7},{"not_picked":["Outmaneuver","Distraction","Concentrate"],"picked":"SKIP","floor":11},{"not_picked":["Finisher","Distraction"],"picked":"Escape Plan","floor":12},{"not_picked":["Wraith Form v2","Envenom"],"picked":"After Image","floor":16},{"not_picked":["Bane","Backflip+1"],"picked":"Well Laid Plans","floor":18},{"not_picked":["Sucker Punch","Deadly Poison"],"picked":"Backflip","floor":20},{"not_picked":["Deflect","Sucker Punch"],"picked":"Footwork","floor":21},{"not_picked":["Blade Dance+1","Dagger Spray"],"picked":"Poisoned Stab+1","floor":27},{"not_picked":["Skewer","Envenom"],"picked":"Prepared+1","floor":30},{"not_picked":["Corpse Explosion","Bullet Time"],"picked":"Venomology","floor":33},{"not_picked":["Prepared","Eviscerate+1"],"picked":"Cloak And Dagger+1","floor":35},{"not_picked":["Outmaneuver+1","Underhanded Strike+1"],"picked":"Dodge and Roll","floor":36}],"player_experience":92361,"relics_obtained":[{"floor":7,"key":"PreservedInsect"},{"floor":9,"key":"Strawberry"},{"floor":26,"key":"Dead Branch"},{"floor":30,"key":"Omamori"},{"floor":36,"key":"Tough Bandages"}],"event_choices":[{"damage_healed":0,"gold_gain":0,"player_choice":"Grow","damage_taken":0,"max_hp_gain":0,"max_hp_loss":0,"event_name":"Living Wall","floor":4,"gold_loss":0,"cards_upgraded":["Neutralize"]},{"cards_removed":["Strike_G"],"damage_healed":0,"gold_gain":0,"player_choice":"Card Removal","damage_taken":0,"max_hp_gain":0,"max_hp_loss":0,"event_name":"The Cleric","floor":5,"gold_loss":50},{"damage_healed":0,"gold_gain":0,"player_choice":"Joined the Cult","damage_taken":6,"max_hp_gain":0,"max_hp_loss":0,"event_name":"Nest","floor":19,"gold_loss":0,"cards_obtained":["RitualDagger"]},{"damage_healed":0,"gold_gain":0,"player_choice":"Copied","damage_taken":0,"max_hp_gain":0,"max_hp_loss":0,"event_name":"Duplicator","floor":22,"gold_loss":0,"cards_obtained":["Footwork"]},{"damage_healed":0,"gold_gain":0,"player_choice":"Paid Fearfully","damage_taken":0,"max_hp_gain":0,"max_hp_loss":0,"event_name":"Masked Bandits","floor":29,"gold_loss":45},{"damage_healed":0,"gold_gain":0,"player_choice":"Upgraded","damage_taken":0,"max_hp_gain":0,"max_hp_loss":0,"event_name":"Upgrade Shrine","floor":31,"gold_loss":0,"cards_upgraded":["Footwork"]},{"damage_healed":0,"gold_gain":0,"player_choice":"Fight","damage_taken":0,"max_hp_gain":0,"max_hp_loss":0,"event_name":"Mysterious Sphere","floor":36,"gold_loss":0}],"is_beta":false,"boss_relics":[{"not_picked":["Coffee Dripper","Philosopher\u0027s Stone"],"picked":"Fusion Hammer"},{"not_picked":["Astrolabe","HoveringKite"],"picked":"Sozu"}],"items_purged_floors":[],"is_endless":false,"potions_floor_spawned":[2,3,12,16,20,30,36],"killed_by":"3 Darklings","ascension_level":2}