{"gold_per_floor":[118,118,20,32,32,67,67,103,130,130,168,168,203,224,224,353,353,372,395,395],"floor_reached":20,"playtime":1410,"items_purged":["Strike_G"],"score":230,"play_id":"233c780b-590b-4e71-bea9-10b2b70b7b36","local_time":"20180912060401","is_ascension_mode":true,"campfire_choices":[{"data":"Tools of the Trade","floor":7,"key":"SMITH"},{"data":"Poisoned Stab","floor":10,"key":"SMITH"},{"floor":12,"key":"REST"},{"data":"Cloak And Dagger","floor":15,"key":"SMITH"}],"neow_cost":"NONE","seed_source_timestamp":2025357200810667,"circlet_count":0,"master_deck":["Defend_G","Defend_G","Defend_G","Defend_G+1","Defend_G","Strike_G","Strike_G","Strike_G","Strike_G","Survivor","Neutralize+1","Poisoned Stab+1","Poisoned Stab","Cloak And Dagger+1","Injury","Tools of the Trade+1","Poisoned Stab","PiercingWail","Accuracy","Cloak And Dagger+1","Envenom","Blade Dance","Bane","Cloak And Dagger","Footwork","PiercingWail","Blade Dance+1"],"relics":["Ring of the Snake","Sundial","Golden Idol","Kunai","Vajra","War Paint","Anchor","Bottled Tornado","Orrery"],"potions_floor_usage":[6,13],"damage_taken":[{"damage":0,"enemies":"Cultist","floor":1,"turns":3},{"damage":0,"enemies":"2 Louse","floor":4,"turns":2},{"damage":21,"enemies":"Gremlin Nob","floor":6,"turns":4},{"damage":16,"enemies":"3 Sentries","floor":8,"turns":10},{"damage":12,"enemies":"Gremlin Nob","floor":11,"turns":3},{"damage":3,"enemies":"3 Sentries","floor":13,"turns":7},{"damage":0,"enemies":"Small Slimes","floor":14,"turns":3},{"damage":30,"enemies":"The Guardian","floor":16,"turns":9},{"damage":18,"enemies":"Spheric Guardian","floor":18,"turns":5},{"damage":2,"enemies":"3 Byrds","floor":19,"turns":6},{"damage":11,"enemies":"Snake Plant","floor":20,"turns":3}],"seed_played":"7580219012870826881","potions_obtained":[{"floor":1,"key":"SkillPotion"},{"floor":11,"key":"SkillPotion"},{"floor":13,"key":"Energy Potion"},{"floor":16,"key":"GamblersBrew"},{"floor":18,"key":"Weak Potion"}],"is_trial":false,"path_per_floor":["M","T","$","M","?","E","R","E","T","R","E","R","E","M","R","B",null,"M","M"],"character_chosen":"THE_SILENT","items_purchased":["Poisoned Stab"],"campfire_rested":1,"item_purchase_floors":[3],"current_hp_per_floor":[70,70,70,70,70,49,49,33,33,33,21,42,39,39,39,9,70,52,50,39],"gold":395,"neow_bonus":"UPGRADE_CARD","is_prod":false,"is_daily":false,"chose_seed":false,"campfire_upgraded":3,"win_rate":0,"timestamp":1536699841,"path_taken":["M","?","?","M","?","E","R","E","T","R","E","R","E","M","R","BOSS","M","M","M"],"build_version":"2018-09-06","purchased_purges":1,"victory":false,"max_hp_per_floor":[70,70,70,70,70,70,70,70,70,70,70,70,70,70,70,70,70,70,70,70],"card_choices":[{"not_picked":["Reflex","Bane"],"picked":"Poisoned Stab","floor":1},{"not_picked":["Slice","Heel Hook"],"picked":"Cloak And Dagger","floor":4},{"not_picked":["Distraction","Dagger Spray"],"picked":"Tools of the Trade","floor":6},{"not_picked":["Distraction","Setup"],"picked":"Poisoned Stab","floor":8},{"not_picked":["Flying Knee","Well Laid Plans"],"picked":"PiercingWail","floor":11},{"not_picked":["Flying Knee","Dagger Throw"],"picked":"Accuracy","floor":13},{"not_picked":["Calculated Gamble","Flying Knee"],"picked":"Cloak And Dagger","floor":14},{"not_picked":["Tools of the Trade","Malaise"],"picked":"Envenom","floor":16},{"not_picked":["Calculated Gamble","Dagger Spray"],"picked":"Blade Dance","floor":17},{"not_picked":["Predator","Bouncing Flask"],"picked":"Bane","floor":17},{"not_picked":["Underhanded Strike","Dagger Spray"],"picked":"Cloak And Dagger","floor":17},{"not_picked":["Eviscerate","Prepared"],"picked":"Footwork","floor":17},{"not_picked":["Prepared","Dodge and Roll"],"picked":"PiercingWail","floor":18},{"not_picked":["Venomology","Underhanded Strike"],"picked":"Blade Dance+1","floor":19}],"player_experience":251223,"relics_obtained":[{"floor":2,"key":"Sundial"},{"floor":6,"key":"Kunai"},{"floor":8,"key":"Vajra"},{"floor":9,"key":"War Paint"},{"floor":11,"key":"Anchor"},{"floor":13,"key":"Bottled Tornado"}],"event_choices":[{"event_name":"Golden Idol","player_choice":"Take Wound","floor":5,"damage_taken":0}],"is_beta":false,"boss_relics":[{"not_picked":["Calling Bell","Runic Dome"],"picked":"Orrery"}],"items_purged_floors":[3],"is_endless":false,"potions_floor_spawned":[1,11,13,16,18],"killed_by":"Snake Plant","ascension_level":3}