{"gold_per_floor":[216,236,254,274,284,284,309,309,309,309,0,10,21,47,47,144,144,156,172,87,106,121,121,121,46,46,58,70,83,83,167,167,167],"floor_reached":33,"playtime":1862,"items_purged":["Strike_B"],"score":316,"play_id":"215fa08f-3514-478a-aa63-e5c66747fb81","local_time":"20180915120852","is_ascension_mode":true,"campfire_choices":[{"data":"Zap","floor":6,"key":"SMITH"},{"data":"Dualcast","floor":8,"key":"SMITH"},{"data":"Conserve Battery","floor":15,"key":"SMITH"},{"data":"Buffer","floor":23,"key":"SMITH"},{"floor":32,"key":"REST"}],"neow_cost":"NONE","seed_source_timestamp":2305993237974826,"circlet_count":0,"master_deck":["Strike_B+1","Strike_B","Defend_B","Defend_B","Defend_B","Zap+1","Dualcast+1","Capacitor","Self Repair","Undo","Ball Lightning+1","Double Energy","Conserve Battery+1","Core Surge","Turbo+1","Undo","Buffer+1","Leap+1","Static Discharge","Defragment","Conserve Battery"],"relics":["Cracked Core","Omamori","Pen Nib","Ancient Tea Set","Emotion Chip","Whetstone","Empty Cage","Gremlin Horn","Bag of Marbles","Bottled Lightning","Tiny Chest"],"potions_floor_usage":[7,14,21,29,33,33,33],"damage_taken":[{"damage":0,"enemies":"Cultist","floor":1,"turns":4},{"damage":0,"enemies":"Jaw Worm","floor":2,"turns":3},{"damage":7,"enemies":"Small Slimes","floor":3,"turns":3},{"damage":16,"enemies":"Looter","floor":4,"turns":5},{"damage":11,"enemies":"3 Louse","floor":5,"turns":5},{"damage":25,"enemies":"3 Sentries","floor":7,"turns":7},{"damage":1,"enemies":"2 Fungi Beasts","floor":12,"turns":3},{"damage":1,"enemies":"Looter","floor":13,"turns":3},{"damage":21,"enemies":"Gremlin Nob","floor":14,"turns":4},{"damage":20,"enemies":"The Guardian","floor":16,"turns":11},{"damage":12,"enemies":"Spheric Guardian","floor":18,"turns":4},{"damage":0,"enemies":"Chosen","floor":19,"turns":4},{"damage":20,"enemies":"Shelled Parasite and Fungi","floor":21,"turns":6},{"damage":37,"enemies":"Snake Plant","floor":22,"turns":5},{"damage":16,"enemies":"Snecko","floor":27,"turns":7},{"damage":1,"enemies":"Chosen and Byrds","floor":28,"turns":6},{"damage":1,"enemies":"Snake Plant","floor":29,"turns":3},{"damage":79,"enemies":"Champ","floor":33,"turns":11}],"seed_played":"-3871993565872273765","potions_obtained":[{"floor":2,"key":"FocusPotion"},{"floor":3,"key":"SteroidPotion"},{"floor":4,"key":"SkillPotion"},{"floor":13,"key":"Dexterity Potion"},{"floor":16,"key":"AttackPotion"},{"floor":28,"key":"FocusPotion"},{"floor":29,"key":"Poison Potion"},{"floor":30,"key":"Ancient Potion"}],"is_trial":false,"path_per_floor":["M","M","M","M","M","R","E","R","T","T","$","M","M","E","R","B",null,"M","M","?","M","M","R","?","$","T","M","M","M","?","T","R"],"character_chosen":"DEFECT","items_purchased":["Emotion Chip"],"campfire_rested":1,"item_purchase_floors":[11],"current_hp_per_floor":[75,75,68,59,55,55,37,37,37,37,37,43,49,35,35,15,75,70,75,75,62,32,32,32,32,32,23,29,35,35,35,57,0],"gold":167,"neow_bonus":"HUNDRED_GOLD","is_prod":false,"is_daily":false,"chose_seed":false,"campfire_upgraded":4,"win_rate":0,"timestamp":1536980932,"path_taken":["M","M","?","M","?","R","E","R","T","?","?","M","?","E","R","BOSS","M","M","?","M","M","R","?","$","T","M","M","M","?","?","R","BOSS"],"build_version":"2018-09-06","purchased_purges":1,"victory":false,"max_hp_per_floor":[75,75,75,75,75,75,75,75,75,75,75,75,75,75,75,75,75,75,75,75,75,75,75,75,75,75,75,75,75,75,75,75,75],"card_choices":[{"not_picked":["Streamline","Stack","Reinforced Body"],"picked":"SKIP","floor":1},{"not_picked":["Sweeping Beam","Barrage"],"picked":"Capacitor","floor":2},{"not_picked":["Stack","Gash"],"picked":"Self Repair","floor":3},{"not_picked":["Gash","Compile Driver"],"picked":"Undo","floor":4},{"not_picked":["Hyperbeam","Hologram"],"picked":"Ball Lightning","floor":5},{"not_picked":["Hologram","Sweeping Beam","FTL"],"picked":"SKIP","floor":7},{"not_picked":["Cold Snap","Rip and Tear","Rebound"],"picked":"SKIP","floor":12},{"not_picked":["Turbo","Streamline"],"picked":"Double Energy","floor":13},{"not_picked":["Cold Snap","Compile Driver"],"picked":"Conserve Battery","floor":14},{"not_picked":["Amplify","Multi-Cast"],"picked":"Core Surge","floor":16},{"not_picked":["Sweeping Beam","Rebound"],"picked":"Turbo+1","floor":18},{"not_picked":["Coolheaded","Steam"],"picked":"Undo","floor":19},{"not_picked":["Go for the Eyes","Streamline"],"picked":"Buffer","floor":21},{"not_picked":["Coolheaded","Sweeping Beam"],"picked":"Leap+1","floor":22},{"not_picked":["Gash+1","Streamline+1"],"picked":"Static Discharge","floor":27},{"not_picked":["Hologram","Doom and Gloom"],"picked":"Defragment","floor":28},{"not_picked":["Cold Snap","Amplify"],"picked":"Conserve Battery","floor":29}],"player_experience":267566,"relics_obtained":[{"floor":7,"key":"Omamori"},{"floor":9,"key":"Pen Nib"},{"floor":10,"key":"Ancient Tea Set"},{"floor":14,"key":"Whetstone"},{"floor":26,"key":"Bottled Lightning"},{"floor":31,"key":"Tiny Chest"}],"event_choices":[{"event_name":"Addict","player_choice":"Obtained Relic","floor":20,"damage_taken":0},{"event_name":"The Mausoleum","player_choice":"Yes","floor":24,"damage_taken":0},{"event_name":"The Lab","player_choice":"Got Potions","floor":30,"damage_taken":0}],"is_beta":false,"boss_relics":[{"not_picked":["Black Star","Astrolabe"],"picked":"Empty Cage"}],"items_purged_floors":[25],"is_endless":false,"potions_floor_spawned":[2,3,4,13,16,18,28,29],"killed_by":"Champ","ascension_level":4}