{"gold_per_floor":[117,292,292,41,61,61,92,92,117,144,144,174,188,210,210,311,311,324,344,371,371,383,383,402,402,402,416,433,33,45,61,61,158,158,175,191,91,58,75,75,75,75,75,75,75,75,75,91,91,91,91,91,13,48,48],"floor_reached":55,"playtime":1906,"items_purged":["Doubt"],"score":919,"play_id":"d6239b06-84bb-443e-b5a8-d6622d37b284","local_time":"20190503141536","is_ascension_mode":true,"campfire_choices":[{"data":"Neutralize","floor":6,"key":"SMITH"},{"data":"Noxious Fumes","floor":8,"key":"SMITH"},{"data":"PiercingWail","floor":11,"key":"SMITH"},{"data":"Deadly Poison","floor":15,"key":"SMITH"},{"data":"Bouncing Flask","floor":23,"key":"SMITH"},{"floor":25,"key":"RECALL"},{"floor":32,"key":"REST"},{"floor":40,"key":"REST"},{"data":"Footwork","floor":42,"key":"SMITH"},{"data":"Noxious Fumes","floor":44,"key":"SMITH"},{"data":"Bouncing Flask","floor":47,"key":"SMITH"},{"floor":49,"key":"REST"},{"data":"PiercingWail","floor":52,"key":"SMITH"}],"neow_cost":"NONE","seed_source_timestamp":1536381193642295,"circlet_count":0,"master_deck":["Defend_G","Defend_G","Defend_G","Defend_G","Defend_G","Strike_G","Strike_G","Strike_G","Strike_G","Strike_G","Survivor","Neutralize+1","Prepared","Backflip","Deadly Poison+1","Noxious Fumes+1","PiercingWail+1","Prepared","Dagger Spray","Bouncing Flask+1","Bullet Time","Acrobatics","Dagger Spray+1","Prepared+1","Leg Sweep","Footwork+1","PiercingWail+1","Corpse Explosion","Noxious Fumes+1","Bouncing Flask+1","Bouncing Flask+1","Footwork","PiercingWail+1"],"relics":["Ring of the Snake","NeowsBlessing","Snake Skull","Ninja Scroll","Blood Vial","FossilizedHelix","Boot","Odd Mushroom","Sozu","Red Mask","Happy Flower","Shuriken","Lantern","Singing Bowl","Calling Bell","Dream Catcher","Blue Candle","Thread and Needle","Bag of Marbles","Gremlin Horn","Mummified Hand"],"potions_floor_usage":[55,55],"damage_taken":[{"damage":0,"enemies":"2 Louse","floor":1,"turns":1},{"damage":0,"enemies":"Small Slimes","floor":5,"turns":1},{"damage":0,"enemies":"3 Sentries","floor":7,"turns":1},{"damage":14,"enemies":"Lagavulin","floor":10,"turns":6},{"damage":4,"enemies":"3 Sentries","floor":12,"turns":5},{"damage":0,"enemies":"Jaw Worm","floor":13,"turns":4},{"damage":0,"enemies":"The Mushroom Lair","floor":14,"turns":3},{"damage":0,"enemies":"Slime Boss","floor":16,"turns":7},{"damage":7,"enemies":"Chosen","floor":18,"turns":4},{"damage":6,"enemies":"2 Thieves","floor":19,"turns":4},{"damage":0,"enemies":"Masked Bandits","floor":20,"turns":3},{"damage":16,"enemies":"Snake Plant","floor":22,"turns":4},{"damage":7,"enemies":"3 Cultists","floor":24,"turns":5},{"damage":12,"enemies":"Centurion and Healer","floor":27,"turns":6},{"damage":12,"enemies":"Chosen and Byrds","floor":28,"turns":5},{"damage":0,"enemies":"Snecko","floor":30,"turns":3},{"damage":14,"enemies":"Cultist and Chosen","floor":31,"turns":5},{"damage":14,"enemies":"Champ","floor":33,"turns":10},{"damage":0,"enemies":"3 Shapes","floor":35,"turns":1},{"damage":20,"enemies":"3 Darklings","floor":36,"turns":4},{"damage":20,"enemies":"Maw","floor":39,"turns":7},{"damage":8,"enemies":"Spire Growth","floor":48,"turns":4},{"damage":17,"enemies":"Donu and Deca","floor":50,"turns":6},{"damage":40,"enemies":"Shield and Spear","floor":54,"turns":7},{"damage":42,"enemies":"The Heart","floor":55,"turns":5}],"seed_played":"28211471597956107","potions_obtained":[{"floor":1,"key":"EssenceOfSteel"},{"floor":10,"key":"Poison Potion"}],"is_trial":false,"path_per_floor":["M","?","?","$","M","R","E","R","T","E","R","E","M","?","R","B",null,"M","M","?","?","M","R","M","R","T","M","M","$","M","M","R","B",null,"M","M","?","$","M","R","$","R","T","R","T","?","R","M","R","B",null,"R","$","E","B"],"character_chosen":"THE_SILENT","items_purchased":["Backflip","Snake Skull","Lantern","Singing Bowl","Bouncing Flask","Footwork"],"campfire_rested":3,"item_purchase_floors":[4,4,29,29,38,53],"current_hp_per_floor":[70,70,75,75,75,75,75,75,75,61,61,59,61,63,63,65,73,68,64,66,66,52,52,47,47,47,37,27,27,29,19,42,30,65,69,51,51,51,35,61,61,61,61,61,61,61,61,55,81,65,78,78,78,40,0],"gold":48,"neow_bonus":"THREE_ENEMY_KILL","is_prod":false,"is_daily":false,"chose_seed":false,"campfire_upgraded":9,"win_rate":0,"timestamp":1556849736,"path_taken":["M","?","?","?","M","R","E","R","T","E","R","E","?","?","R","BOSS","M","M","?","?","M","R","M","R","T","M","M","$","M","M","R","BOSS","M","M","?","?","M","R","$","R","T","R","?","?","R","?","R","BOSS","R","$","E","BOSS"],"build_version":"2019-01-23","purchased_purges":1,"victory":false,"max_hp_per_floor":[70,70,75,75,75,75,75,75,75,75,75,75,75,75,75,75,75,75,75,75,75,75,75,75,75,75,75,75,75,75,77,77,77,77,79,79,79,79,81,83,83,83,83,83,83,80,80,80,82,82,82,82,82,82,82],"card_choices":[{"not_picked":["Cloak And Dagger","Endless Agony"],"picked":"Prepared","floor":1},{"not_picked":["Blade Dance","Slice"],"picked":"Deadly Poison","floor":5},{"not_picked":["Concentrate","Flying Knee"],"picked":"Noxious Fumes","floor":7},{"not_picked":["Leg Sweep","Flying Knee"],"picked":"PiercingWail","floor":10},{"not_picked":["Quick Slash","Underhanded Strike"],"picked":"Prepared","floor":12},{"not_picked":["Leg Sweep","Quick Slash"],"picked":"Dagger Spray","floor":13},{"not_picked":["Flying Knee","Escape Plan"],"picked":"Bouncing Flask","floor":14},{"not_picked":["Storm of Steel","Phantasmal Killer"],"picked":"Bullet Time","floor":16},{"not_picked":["Eviscerate+1","Heel Hook"],"picked":"Acrobatics","floor":18},{"not_picked":["Backflip+1","Deadly Poison"],"picked":"Dagger Spray+1","floor":19},{"not_picked":["Sucker Punch","Dodge and Roll"],"picked":"Prepared+1","floor":20},{"not_picked":["Cloak And Dagger","Leg Sweep","Underhanded Strike"],"picked":"SKIP","floor":22},{"not_picked":["Dagger Spray","Infinite Blades+1"],"picked":"Leg Sweep","floor":24},{"not_picked":["Blade Dance","Dash+1"],"picked":"Footwork","floor":27},{"not_picked":["Endless Agony","Skewer","Deadly Poison"],"picked":"SKIP","floor":28},{"not_picked":["After Image","Dagger Throw"],"picked":"PiercingWail","floor":30},{"not_picked":["Expertise","Dash","Eviscerate"],"picked":"Singing Bowl","floor":31},{"not_picked":["Night Terror","Doppelganger"],"picked":"Corpse Explosion","floor":33},{"not_picked":["Dodge and Roll","Setup","Deflect+1"],"picked":"Singing Bowl","floor":35},{"not_picked":["Bouncing Flask+1","Sucker Punch+1"],"picked":"Noxious Fumes","floor":36},{"not_picked":["Backflip","Quick Slash","Flechettes+1"],"picked":"Singing Bowl","floor":39},{"not_picked":["Outmaneuver","Dodge and Roll","Underhanded Strike"],"picked":"Singing Bowl","floor":40},{"not_picked":["Outmaneuver","Masterful Stab"],"picked":"Bouncing Flask+1","floor":48},{"not_picked":["Concentrate","Noxious Fumes","Quick Slash+1"],"picked":"Singing Bowl","floor":49},{"not_picked":["Backstab+1","Reflex"],"picked":"PiercingWail+1","floor":54}],"player_experience":166615,"relics_obtained":[{"floor":7,"key":"Ninja Scroll"},{"floor":9,"key":"Blood Vial"},{"floor":10,"key":"FossilizedHelix"},{"floor":12,"key":"Boot"},{"floor":14,"key":"Odd Mushroom"},{"floor":20,"key":"Red Mask"},{"floor":26,"key":"Shuriken"},{"floor":34,"key":"Dream Catcher"},{"floor":34,"key":"Blue Candle"},{"floor":34,"key":"Thread and Needle"},{"floor":45,"key":"Gremlin Horn"},{"floor":54,"key":"Mummified Hand"}],"event_choices":[{"damage_healed":0,"gold_gain":175,"player_choice":"AGREE","damage_taken":0,"max_hp_gain":0,"max_hp_loss":0,"event_name":"Liars Game","floor":2,"gold_loss":0,"cards_obtained":["Doubt"]},{"damage_healed":0,"gold_gain":0,"player_choice":"Donut","damage_taken":0,"max_hp_gain":5,"max_hp_loss":0,"event_name":"Big Fish","floor":3,"gold_loss":0},{"damage_healed":0,"gold_gain":0,"player_choice":"Fought Mushrooms","damage_taken":0,"max_hp_gain":0,"max_hp_loss":0,"event_name":"Mushrooms","floor":14,"gold_loss":0},{"damage_healed":0,"gold_gain":0,"player_choice":"Fought Bandits","damage_taken":0,"max_hp_gain":0,"max_hp_loss":0,"event_name":"Masked Bandits","floor":20,"gold_loss":0},{"damage_healed":0,"gold_gain":0,"player_choice":"Opened","damage_taken":0,"relics_obtained":["Happy Flower"],"max_hp_gain":0,"max_hp_loss":0,"event_name":"The Mausoleum","floor":21,"gold_loss":0,"cards_obtained":["Writhe"]},{"damage_healed":0,"gold_gain":0,"player_choice":"Paid Gold","damage_taken":0,"relics_obtained":["Bag of Marbles"],"max_hp_gain":0,"max_hp_loss":0,"event_name":"WeMeetAgain","floor":37,"gold_loss":100},{"cards_removed":["Parasite","Clumsy","Shame","Writhe"],"damage_healed":0,"gold_gain":0,"player_choice":"Removed Curses","damage_taken":0,"max_hp_gain":0,"max_hp_loss":0,"event_name":"Fountain of Cleansing","floor":46,"gold_loss":0}],"is_beta":false,"boss_relics":[{"not_picked":["Empty Cage","Ring of the Serpent"],"picked":"Sozu"},{"not_picked":["Snecko Eye","HoveringKite"],"picked":"Calling Bell"}],"items_purged_floors":[4],"is_endless":false,"potions_floor_spawned":[1,10,18,24,31,39,48,54],"killed_by":"The Heart","ascension_level":5}