{"gold_per_floor":[114,114,131,141,141,166,166,179,179,179,193,213,213,232,232,333,333,344,344,344,314],"floor_reached":21,"playtime":1116,"items_purged":[],"score":226,"play_id":"2e5f1a8d-0b71-4686-95e1-f271c116d511","local_time":"20181031050811","is_ascension_mode":true,"campfire_choices":[{"data":"Armaments","floor":7,"key":"SMITH"},{"data":"Bash","floor":10,"key":"SMITH"},{"data":"Brutality","floor":13,"key":"SMITH"},{"data":"Whirlwind","floor":15,"key":"SMITH"}],"neow_cost":"NONE","seed_source_timestamp":371425356692199,"circlet_count":0,"master_deck":["Strike_R","Strike_R+1","Strike_R","Strike_R","Defend_R","Defend_R","Defend_R","Bash+1","Armaments+1","Ghostly Armor","Spot Weakness+1","Thunderclap","Power Through","Seeing Red","Brutality+1","Whirlwind+1","Double Tap","Metallicize"],"relics":["Black Blood","NeowsBlessing","Thread and Needle","Bottled Lightning","Nilry\u0027s Codex"],"potions_floor_usage":[14,16,21,21],"damage_taken":[{"damage":0,"enemies":"2 Louse","floor":1,"turns":1},{"damage":0,"enemies":"Small Slimes","floor":3,"turns":1},{"damage":0,"enemies":"Jaw Worm","floor":4,"turns":1},{"damage":30,"enemies":"3 Sentries","floor":6,"turns":10},{"damage":12,"enemies":"Large Slime","floor":8,"turns":7},{"damage":0,"enemies":"2 Fungi Beasts","floor":11,"turns":4},{"damage":7,"enemies":"Looter","floor":12,"turns":4},{"damage":13,"enemies":"Exordium Thugs","floor":14,"turns":4},{"damage":16,"enemies":"The Guardian","floor":16,"turns":10},{"damage":21,"enemies":"Shell Parasite","floor":18,"turns":6},{"damage":14,"enemies":"2 Thieves","floor":21,"turns":2}],"seed_played":"-2167780721850722453","potions_obtained":[{"floor":4,"key":"SpeedPotion"},{"floor":11,"key":"FearPotion"},{"floor":12,"key":"EssenceOfSteel"},{"floor":16,"key":"Regen Potion"},{"floor":18,"key":"Poison Potion"}],"is_trial":false,"path_per_floor":["M","?","M","M","?","E","R","M","T","R","M","M","R","M","R","B",null,"M","?","?"],"character_chosen":"IRONCLAD","items_purchased":[],"campfire_rested":0,"item_purchase_floors":[],"current_hp_per_floor":[80,73,79,80,64,40,40,34,34,34,40,39,39,32,32,22,66,55,39,39,30],"gold":314,"neow_bonus":"THREE_ENEMY_KILL","is_prod":false,"is_daily":false,"chose_seed":false,"campfire_upgraded":4,"win_rate":0,"timestamp":1540930091,"path_taken":["M","?","M","M","?","E","R","M","T","R","M","?","R","M","R","BOSS","M","?","?","M"],"build_version":"2018-10-25v2","purchased_purges":0,"victory":false,"max_hp_per_floor":[80,80,80,80,80,80,80,80,80,80,80,80,80,80,80,80,80,80,80,80,80],"card_choices":[{"not_picked":["True Grit","Shrug It Off"],"picked":"Armaments","floor":1},{"not_picked":["Body Slam","Headbutt"],"picked":"Ghostly Armor","floor":3},{"not_picked":["Heavy Blade","Power Through"],"picked":"Spot Weakness","floor":4},{"not_picked":["Warcry","Evolve"],"picked":"Thunderclap","floor":6},{"not_picked":["Thunderclap","Flex"],"picked":"Power Through","floor":8},{"not_picked":["Infernal Blade","Thunderclap"],"picked":"Seeing Red","floor":11},{"not_picked":["Bloodletting","Cleave"],"picked":"Brutality","floor":12},{"not_picked":["Dropkick","Body Slam"],"picked":"Whirlwind","floor":14},{"not_picked":["Juggernaut","Exhume"],"picked":"Double Tap","floor":16},{"not_picked":["Perfected Strike","Warcry"],"picked":"Metallicize","floor":18}],"player_experience":420097,"relics_obtained":[{"floor":6,"key":"Thread and Needle"},{"floor":9,"key":"Bottled Lightning"},{"floor":19,"key":"Nilry\u0027s Codex"}],"event_choices":[{"cards_removed":["Defend_R"],"damage_healed":0,"gold_gain":0,"player_choice":"Card Removal","damage_taken":7,"max_hp_gain":0,"max_hp_loss":0,"event_name":"Golden Wing","floor":2,"gold_loss":0},{"damage_healed":0,"gold_gain":0,"player_choice":"Entered Light","damage_taken":16,"max_hp_gain":0,"max_hp_loss":0,"event_name":"Shining Light","floor":5,"gold_loss":0,"cards_upgraded":["Strike_R","Spot Weakness"]},{"damage_healed":0,"gold_gain":0,"player_choice":"Obtained Book","damage_taken":16,"max_hp_gain":0,"max_hp_loss":0,"event_name":"Cursed Tome","floor":19,"gold_loss":0},{"cards_removed":["Strike_R"],"damage_healed":0,"gold_gain":0,"player_choice":"Elegance","damage_taken":0,"max_hp_gain":0,"max_hp_loss":0,"event_name":"Back to Basics","floor":20,"gold_loss":0}],"is_beta":false,"boss_relics":[{"not_picked":["Lizard Tail","Calling Bell"],"picked":"Black Blood"}],"items_purged_floors":[],"is_endless":false,"potions_floor_spawned":[4,11,12,16,18],"killed_by":"2 Thieves","ascension_level":5}