{"gold_per_floor":[113,34,34,52,69,100,100,120,120,120,295,323,323,340,340,441,441,453,378,408,425,439,439,439,439,439,439,456,456,488,506,506,506],"floor_reached":33,"playtime":1408,"items_purged":["Doubt"],"score":399,"play_id":"2ed98c10-9d82-405d-ad0a-dd314147fb39","local_time":"20190509160348","is_ascension_mode":true,"campfire_choices":[{"floor":7,"key":"REST"},{"floor":10,"key":"REST"},{"data":"Bouncing Flask","floor":15,"key":"SMITH"},{"floor":23,"key":"REST"},{"floor":25,"key":"RECALL"},{"data":"Footwork","floor":27,"key":"SMITH"},{"data":"Footwork","floor":29,"key":"SMITH"},{"data":"Adrenaline","floor":32,"key":"SMITH"}],"neow_cost":"NONE","seed_source_timestamp":2061775401799785,"circlet_count":0,"master_deck":["Defend_G","Defend_G","Defend_G","Defend_G","Defend_G","Strike_G","Strike_G","Strike_G","Strike_G","Strike_G","Survivor","Neutralize","Dagger Spray","Footwork+1","Flying Knee","Adrenaline+1","Dodge and Roll","Footwork+1","Adrenaline","Bouncing Flask+1","Burst","Calculated Gamble","Deadly Poison","Sucker Punch","Dagger Spray+1","Noxious Fumes+1"],"relics":["Ring of the Snake","Meat on the Bone","Pen Nib","Philosopher\u0027s Stone","Red Mask","Molten Egg 2","Turnip","Unceasing Top"],"potions_floor_usage":[6,6,6,6,6,12,16,20,20,30],"damage_taken":[{"damage":0,"enemies":"Jaw Worm","floor":1,"turns":6},{"damage":0,"enemies":"Small Slimes","floor":4,"turns":4},{"damage":4,"enemies":"2 Louse","floor":5,"turns":2},{"damage":36,"enemies":"Gremlin Nob","floor":6,"turns":5},{"damage":17,"enemies":"Gremlin Gang","floor":8,"turns":6},{"damage":30,"enemies":"3 Sentries","floor":12,"turns":13},{"damage":4,"enemies":"3 Louse","floor":14,"turns":5},{"damage":25,"enemies":"Hexaghost","floor":16,"turns":12},{"damage":6,"enemies":"3 Byrds","floor":18,"turns":5},{"damage":36,"enemies":"Masked Bandits","floor":20,"turns":6},{"damage":15,"enemies":"Chosen","floor":21,"turns":5},{"damage":5,"enemies":"Shelled Parasite and Fungi","floor":22,"turns":6},{"damage":1,"enemies":"Centurion and Healer","floor":28,"turns":8},{"damage":2,"enemies":"Book of Stabbing","floor":30,"turns":7},{"damage":25,"enemies":"Snecko","floor":31,"turns":4},{"damage":65,"enemies":"Collector","floor":33,"turns":6}],"seed_played":"2369539997258446604","potions_obtained":[{"floor":0,"key":"EntropicBrew"},{"floor":0,"key":"EssenceOfSteel"},{"floor":0,"key":"LiquidBronze"},{"floor":1,"key":"Fire Potion"},{"floor":5,"key":"Block Potion"},{"floor":12,"key":"Swift Potion"},{"floor":13,"key":"Fire Potion"},{"floor":13,"key":"Ancient Potion"},{"floor":18,"key":"FearPotion"},{"floor":21,"key":"SteroidPotion"},{"floor":28,"key":"PowerPotion"},{"floor":30,"key":"LiquidBronze"}],"is_trial":false,"path_per_floor":["M","$","?","M","M","E","R","M","T","R","?","E","?","M","R","B",null,"M","$","?","M","M","R","?","R","T","R","M","R","E","M","R","B"],"character_chosen":"THE_SILENT","items_purchased":["Footwork"],"campfire_rested":3,"item_purchase_floors":[2],"current_hp_per_floor":[63,63,68,68,64,28,50,45,45,67,67,49,49,45,45,32,64,58,58,34,31,38,60,60,60,60,60,59,59,57,44,44,0],"gold":506,"neow_bonus":"THREE_SMALL_POTIONS","is_prod":false,"is_daily":false,"chose_seed":false,"campfire_upgraded":4,"win_rate":0,"timestamp":1557374628,"path_taken":["M","$","?","M","M","E","R","M","T","R","?","E","?","?","R","BOSS","M","$","?","M","M","R","?","R","T","R","M","R","E","M","R","BOSS"],"build_version":"2019-01-23","purchased_purges":1,"victory":false,"max_hp_per_floor":[70,70,75,75,75,75,75,75,75,75,75,75,75,75,75,75,75,75,75,75,75,75,75,75,75,75,75,75,75,75,75,75,75],"card_choices":[{"not_picked":["Dagger Throw","Sucker Punch"],"picked":"Dagger Spray","floor":1},{"not_picked":["Slice","Terror"],"picked":"Flying Knee","floor":4},{"not_picked":["Poisoned Stab","Bane"],"picked":"Adrenaline","floor":5},{"not_picked":["Acrobatics","Poisoned Stab"],"picked":"Dodge and Roll","floor":6},{"not_picked":["Blade Dance","Dagger Throw"],"picked":"Footwork","floor":8},{"not_picked":["Concentrate","Choke"],"picked":"Adrenaline","floor":12},{"not_picked":["Prepared","Choke"],"picked":"Bouncing Flask","floor":14},{"not_picked":["Wraith Form v2","Envenom"],"picked":"Burst","floor":16},{"not_picked":["Prepared","Masterful Stab+1"],"picked":"Calculated Gamble","floor":18},{"not_picked":["Acrobatics","Poisoned Stab"],"picked":"Deadly Poison","floor":21},{"not_picked":["Dagger Throw","Reflex+1"],"picked":"Sucker Punch","floor":22},{"not_picked":["Deflect","Tactician"],"picked":"Dagger Spray+1","floor":28},{"not_picked":["Wraith Form v2","Escape Plan"],"picked":"Noxious Fumes+1","floor":30},{"not_picked":["Expertise","Endless Agony+1","Cloak And Dagger+1"],"picked":"SKIP","floor":31}],"player_experience":209820,"relics_obtained":[{"floor":6,"key":"Meat on the Bone"},{"floor":12,"key":"Pen Nib"},{"floor":20,"key":"Red Mask"},{"floor":24,"key":"Molten Egg 2"},{"floor":26,"key":"Turnip"},{"floor":30,"key":"Unceasing Top"}],"event_choices":[{"damage_healed":0,"gold_gain":0,"player_choice":"Donut","damage_taken":0,"max_hp_gain":5,"max_hp_loss":0,"event_name":"Big Fish","floor":3,"gold_loss":0},{"damage_healed":0,"gold_gain":175,"player_choice":"AGREE","damage_taken":0,"max_hp_gain":0,"max_hp_loss":0,"event_name":"Liars Game","floor":11,"gold_loss":0,"cards_obtained":["Doubt"]},{"damage_healed":0,"gold_gain":0,"player_choice":"Got Potions","damage_taken":0,"max_hp_gain":0,"max_hp_loss":0,"event_name":"Lab","floor":13,"gold_loss":0},{"damage_healed":0,"gold_gain":0,"player_choice":"Fought Bandits","damage_taken":0,"max_hp_gain":0,"max_hp_loss":0,"event_name":"Masked Bandits","floor":20,"gold_loss":0},{"damage_healed":0,"gold_gain":0,"player_choice":"Relic","damage_taken":0,"max_hp_gain":0,"max_hp_loss":0,"event_name":"Wheel of Change","floor":24,"gold_loss":0}],"is_beta":false,"boss_relics":[{"not_picked":["Runic Dome","Pandora\u0027s Box"],"picked":"Philosopher\u0027s Stone"}],"items_purged_floors":[19],"is_endless":false,"potions_floor_spawned":[1,5,12,18,21,28,30],"killed_by":"Collector","ascension_level":9}