{"gold_per_floor":[119,89,55,75,75,132,152,172,197,52,78,78,29,43,43,144,144,157,167,178,178,178,208,208,208],"floor_reached":25,"playtime":23046,"items_purged":["Strike_B"],"score":266,"play_id":"ef0b296e-3c6a-47f0-86b3-0e3ea46890b2","local_time":"20190515194135","is_ascension_mode":true,"campfire_choices":[{"data":"Chill","floor":12,"key":"SMITH"},{"data":"Go for the Eyes","floor":15,"key":"SMITH"}],"neow_cost":"NONE","seed_source_timestamp":63589249274880,"circlet_count":0,"master_deck":["Strike_B","Strike_B","Strike_B","Defend_B","Defend_B","Defend_B","Defend_B","Zap","Dualcast","Loop","Defragment","Leap","Heatsinks","Leap","Go for the Eyes+1","Cold Snap","Conserve Battery","Chill+1","Cold Snap","Doom and Gloom","Machine Learning","Ball Lightning","Self Repair","Capacitor","Conserve Battery"],"relics":["Cracked Core","Orichalcum","Tiny Chest","Bag of Marbles","Bronze Scales","Cursed Key","Pen Nib"],"potions_floor_usage":[16,23,24],"damage_taken":[{"damage":0,"enemies":"2 Louse","floor":1,"turns":2},{"damage":0,"enemies":"Cultist","floor":4,"turns":4},{"damage":11,"enemies":"Lagavulin","floor":6,"turns":8},{"damage":6,"enemies":"Small Slimes","floor":7,"turns":3},{"damage":7,"enemies":"Red Slaver","floor":8,"turns":5},{"damage":15,"enemies":"Gremlin Nob","floor":11,"turns":4},{"damage":0,"enemies":"Lots of Slimes","floor":14,"turns":4},{"damage":13,"enemies":"Hexaghost","floor":16,"turns":11},{"damage":0,"enemies":"Spheric Guardian","floor":18,"turns":6},{"damage":8,"enemies":"Shell Parasite","floor":19,"turns":4},{"damage":10,"enemies":"3 Cultists","floor":20,"turns":5},{"damage":15,"enemies":"Slavers","floor":23,"turns":6},{"damage":12,"enemies":"Colosseum Slavers","floor":24,"turns":6},{"damage":37,"enemies":"Book of Stabbing","floor":25,"turns":4}],"seed_played":"-1305202887565567536","potions_obtained":[{"floor":1,"key":"Fire Potion"},{"floor":2,"key":"Block Potion"},{"floor":2,"key":"SpeedPotion"},{"floor":4,"key":"Fire Potion"},{"floor":11,"key":"SpeedPotion"},{"floor":19,"key":"Ancient Potion"},{"floor":23,"key":"EssenceOfSteel"}],"is_trial":false,"path_per_floor":["M","?","$","M","?","E","M","M","T","$","E","R","$","M","R","B",null,"M","M","M","?","?","E","?","E"],"character_chosen":"DEFECT","items_purchased":["Defragment","Cold Snap","Conserve Battery","Cold Snap"],"campfire_rested":0,"item_purchase_floors":[3,10,10,13],"current_hp_per_floor":[82,82,82,82,82,71,65,58,58,58,43,43,43,43,43,30,82,82,74,64,64,48,40,35,0],"gold":208,"neow_bonus":"TEN_PERCENT_HP_BONUS","is_prod":false,"is_daily":false,"chose_seed":false,"campfire_upgraded":2,"win_rate":0,"timestamp":1557963695,"path_taken":["M","?","?","M","?","E","M","?","T","?","E","R","$","M","R","BOSS","M","M","?","?","?","E","?","E"],"build_version":"2019-01-23","purchased_purges":1,"victory":false,"max_hp_per_floor":[82,82,82,82,82,82,82,82,82,82,82,82,82,82,82,82,82,82,82,82,82,87,87,87,87],"card_choices":[{"not_picked":["Fusion","Go for the Eyes"],"picked":"Loop","floor":1},{"not_picked":["Beam Cell","Streamline"],"picked":"Leap","floor":4},{"not_picked":["Redo","Double Energy"],"picked":"Heatsinks","floor":6},{"not_picked":["Electrodynamics","Rebound"],"picked":"Leap","floor":7},{"not_picked":["Barrage","Beam Cell"],"picked":"Go for the Eyes","floor":8},{"not_picked":["Streamline","Conserve Battery"],"picked":"Chill","floor":11},{"not_picked":["Storm","Go for the Eyes"],"picked":"Doom and Gloom","floor":14},{"not_picked":["Thunder Strike","Core Surge"],"picked":"Machine Learning","floor":16},{"not_picked":["Rebound","Go for the Eyes"],"picked":"Ball Lightning","floor":18},{"not_picked":["Steam","Go for the Eyes"],"picked":"Self Repair","floor":19},{"not_picked":["Chaos","Meteor Strike","Undo"],"picked":"SKIP","floor":20},{"not_picked":["Gash","White Noise"],"picked":"Conserve Battery","floor":23}],"player_experience":259110,"relics_obtained":[{"floor":6,"key":"Tiny Chest"},{"floor":9,"key":"Bag of Marbles"},{"floor":11,"key":"Bronze Scales"},{"floor":23,"key":"Pen Nib"}],"event_choices":[{"damage_healed":0,"gold_gain":0,"player_choice":"Bought 2 Potions","damage_taken":0,"max_hp_gain":0,"max_hp_loss":0,"event_name":"The Woman in Blue","floor":2,"gold_loss":0},{"damage_healed":0,"gold_gain":0,"player_choice":"Gave Potion","damage_taken":0,"relics_obtained":["Orichalcum"],"max_hp_gain":0,"max_hp_loss":0,"event_name":"WeMeetAgain","floor":5,"gold_loss":0},{"damage_healed":0,"gold_gain":0,"player_choice":"Read","damage_taken":0,"max_hp_gain":0,"max_hp_loss":0,"event_name":"The Library","floor":21,"gold_loss":0,"cards_obtained":["Capacitor"]},{"damage_healed":0,"gold_gain":0,"player_choice":"Shed Blood","damage_taken":21,"max_hp_gain":5,"max_hp_loss":0,"event_name":"Forgotten Altar","floor":22,"gold_loss":0},{"damage_healed":0,"gold_gain":0,"player_choice":"Fight","damage_taken":0,"max_hp_gain":0,"max_hp_loss":0,"event_name":"Colosseum","floor":24,"gold_loss":0},{"damage_healed":0,"gold_gain":0,"player_choice":"Fled From Nobs","damage_taken":0,"max_hp_gain":0,"max_hp_loss":0,"event_name":"Colosseum","floor":24,"gold_loss":0}],"is_beta":false,"boss_relics":[{"not_picked":["Busted Crown","Lizard Tail"],"picked":"Cursed Key"}],"items_purged_floors":[10],"is_endless":false,"potions_floor_spawned":[1,4,11,19,23,24],"killed_by":"Book of Stabbing","ascension_level":3}