{"gold_per_floor":[112,129,229,248,266,296,326,326,326,356,371,385,385,404,404,499,499,518,492,508,508,528,627,35,63,63,76,76,105,105,116,116,214,214,227,227,245,245,133,133,168,168,191,91,191,191,204,217,217,217,217,217,23,58,58],"floor_reached":55,"playtime":2711,"items_purged":["Writhe","Pain"],"score":869,"play_id":"b8c4ccee-8274-447b-a6c5-163f43a966d4","local_time":"20190430180822","is_ascension_mode":true,"campfire_choices":[{"floor":8,"key":"REST"},{"floor":13,"key":"REST"},{"floor":15,"key":"RECALL"},{"floor":28,"key":"REST"},{"floor":30,"key":"REST"},{"floor":32,"key":"REST"},{"floor":40,"key":"REST"},{"floor":42,"key":"REST"},{"floor":46,"key":"DIG"},{"floor":49,"key":"REST"},{"floor":52,"key":"DIG"}],"neow_cost":"NONE","seed_source_timestamp":1290349561003192,"circlet_count":0,"master_deck":["Strike_B","Strike_B","Strike_B","Defend_B","Defend_B+1","Defend_B","Zap","Dualcast","Glacier+1","Glacier","Cold Snap","Steam","Go for the Eyes","Chaos","Static Discharge+1","Streamline","Go for the Eyes","Ball Lightning","Core Surge","Beam Cell","Conserve Battery+1","Stack+1","Skim","Go for the Eyes","Leap+1","Mayhem+1","Hologram+1","Injury","FTL","Machine Learning+1","Writhe","Storm+1","Madness","Madness","Capacitor+1","Parasite","Coolheaded+1"],"relics":["Fusion Hammer","Darkstone Periapt","Odd Mushroom","Letter Opener","Frozen Egg 2","Cursed Key","Pear","Strawberry","Shuriken","Singing Bowl","PreservedInsect","Calling Bell","Art of War","Ornamental Fan","Emotion Chip","Blood Vial","Shovel","Bag of Marbles","Mummified Hand","War Paint","Cables"],"potions_floor_usage":[16,47,47,50,50,55,55],"damage_taken":[{"damage":1,"enemies":"Cultist","floor":1,"turns":3},{"damage":4,"enemies":"2 Louse","floor":2,"turns":4},{"damage":1,"enemies":"Jaw Worm","floor":4,"turns":4},{"damage":3,"enemies":"2 Fungi Beasts","floor":5,"turns":5},{"damage":27,"enemies":"Gremlin Nob","floor":6,"turns":6},{"damage":13,"enemies":"The Mushroom Lair","floor":7,"turns":5},{"damage":4,"enemies":"Lagavulin","floor":10,"turns":13},{"damage":4,"enemies":"3 Louse","floor":11,"turns":3},{"damage":10,"enemies":"Large Slime","floor":12,"turns":5},{"damage":0,"enemies":"Blue Slaver","floor":14,"turns":4},{"damage":27,"enemies":"Hexaghost","floor":16,"turns":11},{"damage":8,"enemies":"Shell Parasite","floor":18,"turns":5},{"damage":24,"enemies":"2 Thieves","floor":19,"turns":5},{"damage":2,"enemies":"Centurion and Healer","floor":20,"turns":10},{"damage":8,"enemies":"Snake Plant","floor":22,"turns":5},{"damage":12,"enemies":"Book of Stabbing","floor":25,"turns":5},{"damage":35,"enemies":"Chosen and Byrds","floor":27,"turns":6},{"damage":20,"enemies":"Gremlin Leader","floor":29,"turns":9},{"damage":2,"enemies":"Snecko","floor":31,"turns":5},{"damage":29,"enemies":"Collector","floor":33,"turns":9},{"damage":12,"enemies":"Orb Walker","floor":35,"turns":4},{"damage":52,"enemies":"3 Darklings","floor":37,"turns":4},{"damage":65,"enemies":"Reptomancer","floor":41,"turns":7},{"damage":0,"enemies":"Mind Bloom Boss Battle","floor":45,"turns":8},{"damage":16,"enemies":"Sphere and 2 Shapes","floor":47,"turns":4},{"damage":12,"enemies":"Spire Growth","floor":48,"turns":5},{"damage":71,"enemies":"Awakened One","floor":50,"turns":13},{"damage":67,"enemies":"Shield and Spear","floor":54,"turns":9},{"damage":71,"enemies":"The Heart","floor":55,"turns":11}],"seed_played":"4501107120758694817","potions_obtained":[{"floor":1,"key":"Fire Potion"},{"floor":2,"key":"SpeedPotion"},{"floor":7,"key":"Block Potion"},{"floor":11,"key":"PowerPotion"},{"floor":14,"key":"LiquidBronze"},{"floor":18,"key":"Poison Potion"},{"floor":31,"key":"GamblersBrew"},{"floor":35,"key":"SkillPotion"},{"floor":48,"key":"SteroidPotion"},{"floor":54,"key":"Swift Potion"}],"is_trial":false,"path_per_floor":["M","M","?","M","M","E","?","R","T","E","M","M","R","M","R","B",null,"M","M","M","?","M","?","$","E","T","M","R","E","R","M","R","B",null,"M","?","M","?","$","R","E","R","T","$","?","R","M","M","R","B",null,"R","$","E","B"],"character_chosen":"DEFECT","items_purchased":["Mayhem+1","Pear","Strawberry","Capacitor+1","War Paint","Strength Potion"],"campfire_rested":8,"item_purchase_floors":[24,24,24,39,53,53],"current_hp_per_floor":[74,70,70,69,66,39,26,48,48,44,40,30,52,52,52,25,75,67,43,41,41,33,33,50,38,44,11,41,21,51,51,81,52,120,108,93,43,43,43,79,16,53,59,59,63,63,51,43,83,14,136,136,136,69,0],"gold":58,"neow_bonus":"BOSS_RELIC","is_prod":false,"is_daily":false,"chose_seed":false,"campfire_upgraded":0,"win_rate":0,"timestamp":1556604502,"path_taken":["M","?","?","?","M","E","?","R","T","E","M","M","R","M","R","BOSS","M","M","M","?","M","?","$","E","T","M","R","E","R","M","R","BOSS","M","?","M","?","$","R","E","R","T","$","?","R","M","M","R","BOSS","R","$","E","BOSS"],"build_version":"2019-01-23","purchased_purges":2,"victory":false,"max_hp_per_floor":[75,75,75,75,75,75,75,75,75,75,75,75,75,75,75,75,75,75,75,75,75,75,75,92,92,98,100,100,100,100,102,102,102,120,120,120,122,122,122,122,124,124,130,130,132,132,134,136,136,136,136,136,136,136,136],"card_choices":[{"not_picked":["Static Discharge","Hologram"],"picked":"Glacier","floor":1},{"not_picked":["Turbo","Reinforced Body"],"picked":"Glacier","floor":2},{"not_picked":["Ball Lightning","Go for the Eyes"],"picked":"Cold Snap","floor":4},{"not_picked":["Barrage","Rebound"],"picked":"Steam","floor":5},{"not_picked":["Compile Driver","Turbo"],"picked":"Go for the Eyes","floor":6},{"not_picked":["Reinforced Body","Aggregate"],"picked":"Chaos","floor":7},{"not_picked":["Compile Driver","Recycle"],"picked":"Static Discharge","floor":10},{"not_picked":["Heatsinks+1","Conserve Battery"],"picked":"Streamline","floor":11},{"not_picked":["Turbo","Conserve Battery"],"picked":"Go for the Eyes","floor":12},{"not_picked":["BootSequence","Sweeping Beam"],"picked":"Ball Lightning","floor":14},{"not_picked":["Hyperbeam","Amplify"],"picked":"Core Surge","floor":16},{"not_picked":["Rebound","Steam"],"picked":"Beam Cell","floor":18},{"not_picked":["Barrage+1","Streamline"],"picked":"Conserve Battery+1","floor":19},{"not_picked":["Sweeping Beam","Hologram"],"picked":"Stack+1","floor":20},{"not_picked":["Heatsinks+1","Sweeping Beam"],"picked":"Leap+1","floor":22},{"not_picked":["Recycle","Doom and Gloom"],"picked":"Hologram+1","floor":25},{"not_picked":["Cold Snap","Beam Cell","Streamline+1"],"picked":"Singing Bowl","floor":27},{"not_picked":["Biased Cognition+1","Leap+1"],"picked":"FTL","floor":29},{"not_picked":["Redo","Aggregate","Turbo"],"picked":"Singing Bowl","floor":31},{"not_picked":["Reboot","Meteor Strike"],"picked":"Machine Learning+1","floor":33},{"not_picked":["Gash","Streamline"],"picked":"Storm+1","floor":35},{"not_picked":["Hologram+1","Stack","Genetic Algorithm+1"],"picked":"Singing Bowl","floor":37},{"not_picked":["Reinforced Body","Meteor Strike","Steam+1"],"picked":"Singing Bowl","floor":41},{"not_picked":["Steam Power+1","Redo","Static Discharge+1"],"picked":"Singing Bowl","floor":45},{"not_picked":["Gash","Ball Lightning","Stack+1"],"picked":"Singing Bowl","floor":47},{"not_picked":["Compile Driver+1","Stack","Hologram+1"],"picked":"Singing Bowl","floor":48},{"not_picked":["Self Repair+1","Gash"],"picked":"Coolheaded+1","floor":54}],"player_experience":142183,"relics_obtained":[{"floor":6,"key":"Darkstone Periapt"},{"floor":7,"key":"Odd Mushroom"},{"floor":9,"key":"Letter Opener"},{"floor":10,"key":"Frozen Egg 2"},{"floor":25,"key":"Shuriken"},{"floor":26,"key":"Singing Bowl"},{"floor":29,"key":"PreservedInsect"},{"floor":34,"key":"Art of War"},{"floor":34,"key":"Ornamental Fan"},{"floor":34,"key":"Emotion Chip"},{"floor":41,"key":"Blood Vial"},{"floor":45,"key":"Shovel"},{"floor":46,"key":"Bag of Marbles"},{"floor":52,"key":"Mummified Hand"},{"floor":54,"key":"Cables"}],"event_choices":[{"damage_healed":0,"gold_gain":100,"player_choice":"Gold","damage_taken":0,"max_hp_gain":0,"max_hp_loss":0,"event_name":"Wheel of Change","floor":3,"gold_loss":0},{"damage_healed":0,"gold_gain":0,"player_choice":"Fought Mushrooms","damage_taken":0,"max_hp_gain":0,"max_hp_loss":0,"event_name":"Mushrooms","floor":7,"gold_loss":0},{"damage_healed":0,"gold_gain":0,"cards_transformed":["Strike_B","Defend_B"],"player_choice":"Became Test Subject","damage_taken":0,"max_hp_gain":0,"max_hp_loss":0,"event_name":"Drug Dealer","floor":21,"gold_loss":0,"cards_obtained":["Skim","Go for the Eyes"]},{"damage_healed":0,"gold_gain":99,"player_choice":"Stole From Cult","damage_taken":0,"max_hp_gain":0,"max_hp_loss":0,"event_name":"Nest","floor":23,"gold_loss":0},{"damage_healed":0,"gold_gain":0,"player_choice":"Embrace Madness","damage_taken":15,"max_hp_gain":0,"max_hp_loss":0,"event_name":"Winding Halls","floor":36,"gold_loss":0,"cards_obtained":["Madness","Madness"]},{"damage_healed":0,"gold_gain":0,"player_choice":"Ignored","damage_taken":0,"max_hp_gain":0,"max_hp_loss":0,"event_name":"Mysterious Sphere","floor":38,"gold_loss":0},{"damage_healed":0,"gold_gain":0,"player_choice":"Fight","damage_taken":0,"max_hp_gain":0,"max_hp_loss":0,"event_name":"MindBloom","floor":45,"gold_loss":0}],"is_beta":false,"boss_relics":[{"not_picked":["Tiny House","Inserter"],"picked":"Cursed Key"},{"not_picked":["Philosopher\u0027s Stone","Eternal Feather"],"picked":"Calling Bell"}],"items_purged_floors":[39,44],"is_endless":false,"potions_floor_spawned":[1,2,7,11,12,14,18,25,31,33,35,41,48,54],"killed_by":"The Heart","ascension_level":2}