{"gold_per_floor":[112,112,187,112,112,145,145,156,156,215,215,233,244,69,69,172,172,190,205,215,215],"floor_reached":21,"playtime":1684,"items_purged":["Defend_G","Defend_G"],"score":225,"play_id":"5d73f432-f737-403a-9294-9277c13c645c","local_time":"20180827232812","is_ascension_mode":true,"campfire_choices":[{"data":"Neutralize","floor":7,"key":"SMITH"},{"floor":11,"key":"REST"},{"floor":15,"key":"REST"}],"neow_cost":"NONE","seed_source_timestamp":705337168544062,"circlet_count":0,"master_deck":["Defend_G","Defend_G","Defend_G","Strike_G","Strike_G","Strike_G","Strike_G","Survivor","Neutralize+1","Dagger Spray","Backflip","Cloak And Dagger","Adrenaline","Caltrops","Adrenaline","Pain","Blade Dance","Distraction+1","Cloak And Dagger"],"relics":["Ring of the Snake","NeowsBlessing","Omamori","Question Card","Tiny Chest","Calling Bell","Oddly Smooth Stone","Shuriken","Incense Burner"],"potions_floor_usage":[6,10,10,16,20,21],"damage_taken":[{"damage":0,"enemies":"Small Slimes","floor":1,"turns":1},{"damage":0,"enemies":"Gremlin Nob","floor":6,"turns":1},{"damage":0,"enemies":"Cultist","floor":8,"turns":1},{"damage":39,"enemies":"Lagavulin","floor":10,"turns":16},{"damage":0,"enemies":"2 Louse","floor":12,"turns":2},{"damage":0,"enemies":"2 Fungi Beasts","floor":13,"turns":4},{"damage":29,"enemies":"The Guardian","floor":16,"turns":15},{"damage":26,"enemies":"Spheric Guardian","floor":18,"turns":4},{"damage":26,"enemies":"Shell Parasite","floor":19,"turns":6},{"damage":19,"enemies":"Shelled Parasite and Fungi","floor":20,"turns":6},{"damage":5,"enemies":"Snake Plant","floor":21,"turns":3}],"seed_played":"6780282499244796366","potions_obtained":[{"floor":2,"key":"GhostInAJar"},{"floor":2,"key":"Fruit Juice"},{"floor":2,"key":"Strength Potion"},{"floor":8,"key":"Ancient Potion"},{"floor":12,"key":"FearPotion"},{"floor":13,"key":"Ancient Potion"},{"floor":18,"key":"Ancient Potion"},{"floor":20,"key":"Weak Potion"}],"is_trial":false,"path_per_floor":["M","?","?","$","?","E","R","M","T","E","R","M","M","$","R","B",null,"M","M","M"],"character_chosen":"THE_SILENT","items_purchased":["Caltrops"],"campfire_rested":2,"item_purchase_floors":[14],"current_hp_per_floor":[70,70,59,59,52,57,57,57,57,18,40,40,40,40,62,33,75,49,23,4,0],"gold":215,"neow_bonus":"THREE_ENEMY_KILL","is_prod":false,"is_daily":false,"chose_seed":false,"campfire_upgraded":1,"win_rate":0,"timestamp":1535380092,"path_taken":["M","?","?","$","?","E","R","M","T","E","R","M","M","$","R","BOSS","M","?","M","M"],"build_version":"2018-08-23v2","purchased_purges":2,"victory":false,"max_hp_per_floor":[70,70,70,70,70,75,75,75,75,75,75,75,75,75,75,75,75,75,75,75,75],"card_choices":[{"not_picked":["Slice","Flechettes","Deflect"],"picked":"SKIP","floor":1},{"not_picked":["Catalyst","Bane"],"picked":"Dagger Spray","floor":6},{"not_picked":["Dodge and Roll","Blur"],"picked":"Backflip","floor":8},{"not_picked":["Sucker Punch","Deflect","Dagger Throw","Quick Slash"],"picked":"SKIP","floor":10},{"not_picked":["Dagger Throw","Reflex","Sucker Punch"],"picked":"Cloak And Dagger","floor":12},{"not_picked":["Crippling Poison","Calculated Gamble","Blur"],"picked":"Adrenaline","floor":13},{"not_picked":["Malaise","Grand Finale","Doppelganger"],"picked":"Adrenaline","floor":16},{"not_picked":["Quick Slash","Cloak And Dagger","Dodge and Roll"],"picked":"Blade Dance","floor":18},{"not_picked":["Noxious Fumes","Prepared","Caltrops"],"picked":"Distraction+1","floor":19},{"not_picked":["Blur+1","Bane+1","Deflect+1"],"picked":"Cloak And Dagger","floor":20}],"player_experience":149513,"relics_obtained":[{"floor":6,"key":"Omamori"},{"floor":9,"key":"Question Card"},{"floor":10,"key":"Tiny Chest"},{"floor":17,"key":"Oddly Smooth Stone"},{"floor":17,"key":"Shuriken"},{"floor":17,"key":"Incense Burner"}],"event_choices":[{"event_name":"The Lab","player_choice":"Got Potions","floor":2,"damage_taken":0},{"event_name":"World of Goop","player_choice":"Gather Gold","floor":3,"damage_taken":0},{"event_name":"Golden Wing","player_choice":"Card Removal","floor":5,"damage_taken":0}],"is_beta":false,"boss_relics":[{"not_picked":["Ring of the Serpent","Lizard Tail"],"picked":"Calling Bell"}],"items_purged_floors":[4,14],"is_endless":false,"potions_floor_spawned":[8,12,13,18,20],"killed_by":"Snake Plant","ascension_level":1}