{"gold_per_floor":[211,231,231,247,79,79,112,112,112,130,186,186,203,214,214,316,316,335,89,89,105,125,125,139,154,208,208,237,237,255,255,255,255],"floor_reached":33,"playtime":1510,"items_purged":["Defend_R","Strike_R"],"score":323,"play_id":"ae24fe4a-2a16-4018-bfc0-183fe3e418df","local_time":"20181013184903","is_ascension_mode":true,"campfire_choices":[{"data":"Armaments","floor":6,"key":"SMITH"},{"data":"Bash","floor":8,"key":"SMITH"},{"data":"Pommel Strike","floor":12,"key":"SMITH"},{"data":"Perfected Strike","floor":15,"key":"SMITH"},{"data":"Immolate","floor":23,"key":"SMITH"},{"data":"Offering","floor":27,"key":"SMITH"},{"data":"Reckless Charge","floor":29,"key":"SMITH"},{"data":"Heavy Blade","floor":32,"key":"SMITH"}],"neow_cost":"NONE","seed_source_timestamp":41587775839182,"circlet_count":0,"master_deck":["Strike_R","Strike_R","Strike_R","Strike_R","Defend_R","Defend_R","Defend_R","Bash+1","Offering+1","Armaments+1","Pommel Strike+1","Shrug It Off+1","Heavy Blade+1","Perfected Strike+1","Immolate+1","Decay","Pommel Strike+1","Twin Strike+1","Shrug It Off+1","Reckless Charge+1"],"relics":["Burning Blood","Sundial","Shuriken","Red Skull","Sozu","Bag of Marbles","Ancient Tea Set","Potion Belt"],"potions_floor_usage":[11,14,16,21],"damage_taken":[{"damage":4,"enemies":"Small Slimes","floor":1,"turns":4},{"damage":6,"enemies":"Cultist","floor":2,"turns":4},{"damage":7,"enemies":"Jaw Worm","floor":4,"turns":3},{"damage":23,"enemies":"3 Sentries","floor":7,"turns":9},{"damage":6,"enemies":"Blue Slaver","floor":10,"turns":3},{"damage":11,"enemies":"3 Sentries","floor":11,"turns":7},{"damage":27,"enemies":"Exordium Thugs","floor":13,"turns":4},{"damage":6,"enemies":"3 Louse","floor":14,"turns":2},{"damage":19,"enemies":"Slime Boss","floor":16,"turns":5},{"damage":6,"enemies":"Spheric Guardian","floor":18,"turns":2},{"damage":6,"enemies":"2 Thieves","floor":21,"turns":2},{"damage":18,"enemies":"Chosen and Byrds","floor":22,"turns":3},{"damage":6,"enemies":"Cultist and Chosen","floor":24,"turns":4},{"damage":11,"enemies":"Snecko","floor":25,"turns":3},{"damage":8,"enemies":"Gremlin Leader","floor":28,"turns":3},{"damage":0,"enemies":"Shelled Parasite and Fungi","floor":30,"turns":1},{"damage":69,"enemies":"Automaton","floor":33,"turns":6}],"seed_played":"-3076307989380926201","potions_obtained":[{"floor":7,"key":"AttackPotion"},{"floor":10,"key":"Block Potion"},{"floor":11,"key":"Ancient Potion"},{"floor":13,"key":"Strength Potion"},{"floor":14,"key":"Block Potion"}],"is_trial":false,"path_per_floor":["M","M","?","M","$","R","E","R","T","M","?","R","M","M","R","B",null,"M","$","?","M","M","R","M","M","T","R","E","R","M","?","R"],"character_chosen":"IRONCLAD","items_purchased":["Armaments","Pommel Strike","Bag of Marbles"],"campfire_rested":0,"item_purchase_floors":[5,5,19],"current_hp_per_floor":[80,80,80,79,79,79,62,62,62,62,57,57,36,36,36,23,80,80,80,80,80,68,68,68,63,63,63,61,61,67,67,67,0],"gold":255,"neow_bonus":"HUNDRED_GOLD","is_prod":false,"is_daily":false,"chose_seed":false,"campfire_upgraded":8,"win_rate":0,"timestamp":1539424143,"path_taken":["M","M","?","M","$","R","E","R","T","M","?","R","M","M","R","BOSS","M","$","?","M","M","R","M","?","T","R","E","R","M","?","R","BOSS"],"build_version":"2018-10-11","purchased_purges":2,"victory":false,"max_hp_per_floor":[80,80,80,80,80,80,80,80,80,80,80,80,80,80,80,80,80,80,80,80,80,80,80,80,80,80,80,80,80,80,80,80,80],"card_choices":[{"not_picked":["Havoc","Perfected Strike","Sever Soul"],"picked":"SKIP","floor":1},{"not_picked":["Sword Boomerang","Twin Strike","Clash"],"picked":"SKIP","floor":2},{"not_picked":["Burning Pact","Infernal Blade"],"picked":"Offering","floor":4},{"not_picked":["Havoc","Thunderclap"],"picked":"Shrug It Off","floor":7},{"not_picked":["Intimidate","True Grit","Dual Wield"],"picked":"SKIP","floor":10},{"not_picked":["Pommel Strike","Twin Strike"],"picked":"Heavy Blade","floor":11},{"not_picked":["Anger","True Grit","Flame Barrier"],"picked":"SKIP","floor":13},{"not_picked":["Pommel Strike","Twin Strike"],"picked":"Perfected Strike","floor":14},{"not_picked":["Exhume","Bludgeon"],"picked":"Immolate","floor":16},{"not_picked":["Havoc","Armaments","Sword Boomerang"],"picked":"SKIP","floor":18},{"not_picked":["Metallicize","Cleave"],"picked":"Pommel Strike+1","floor":21},{"not_picked":["Iron Wave+1","Body Slam","Flame Barrier"],"picked":"SKIP","floor":22},{"not_picked":["Blood for Blood","Metallicize"],"picked":"Twin Strike+1","floor":24},{"not_picked":["Twin Strike","Headbutt"],"picked":"Shrug It Off+1","floor":25},{"not_picked":["Sentinel","Metallicize"],"picked":"Reckless Charge","floor":28},{"not_picked":["Havoc","Headbutt+1","Sword Boomerang+1"],"picked":"SKIP","floor":30}],"player_experience":404104,"relics_obtained":[{"floor":7,"key":"Sundial"},{"floor":9,"key":"Shuriken"},{"floor":11,"key":"Red Skull"},{"floor":26,"key":"Ancient Tea Set"},{"floor":28,"key":"Potion Belt"}],"event_choices":[{"event_name":"Match and Keep!","player_choice":"0 cards matched","floor":3,"damage_taken":0},{"event_name":"Dead Adventurer","player_choice":"Searched \u00271\u0027 times","floor":11,"damage_taken":0},{"event_name":"Forgotten Altar","player_choice":"Smashed Altar","floor":20,"damage_taken":0},{"event_name":"Accursed Blacksmith","player_choice":"Forge","floor":31,"damage_taken":0}],"is_beta":false,"boss_relics":[{"not_picked":["Ectoplasm","Philosopher\u0027s Stone"],"picked":"Sozu"}],"items_purged_floors":[5,19],"is_endless":false,"potions_floor_spawned":[7,10,11,13,14,18,22,28],"killed_by":"Automaton","ascension_level":4}