{"gold_per_floor":[117,67,67,44,44,44,57,92,92,92,92,92,167,183,183,284,284,298,298,308,223,237,237,250,250,250,250,28,62,16,27,27,131,131,151,161,177,196,196,196,96,96,96,150,150],"floor_reached":45,"playtime":2702,"items_purged":["Strike_R","Strike_R"],"score":477,"play_id":"98b5cb37-ca5b-4d48-b748-8ee544f73549","local_time":"20180828091006","is_ascension_mode":true,"campfire_choices":[{"data":"Armaments","floor":6,"key":"SMITH"},{"data":"Wild Strike","floor":10,"key":"SMITH"},{"floor":12,"key":"REST"},{"floor":15,"key":"REST"},{"floor":23,"key":"REST"},{"data":"Demon Form","floor":25,"key":"SMITH"},{"floor":27,"key":"REST"},{"floor":32,"key":"REST"},{"floor":40,"key":"REST"}],"neow_cost":"NONE","seed_source_timestamp":739232725135977,"circlet_count":0,"master_deck":["Strike_R","Strike_R","Strike_R","Defend_R","Defend_R","Defend_R","Bash+1","Armaments+1","Flex","Wild Strike+1","Shrug It Off","Demon Form+1","Perfected Strike","Pommel Strike+1","Heavy Blade+1","Heavy Blade+1","Perfected Strike+1","Shrug It Off","Evolve+1","Heavy Blade+1","Discovery","Enlightenment","Shrug It Off"],"relics":["Burning Blood","Mummified Hand","Self Forming Clay","Question Card","Darkstone Periapt","Sozu","Molten Egg 2","Bottled Tornado","Lantern","Omamori","Cursed Key","GremlinMask","Paper Frog","Unceasing Top"],"potions_floor_usage":[16,20,37],"damage_taken":[{"damage":6,"enemies":"Jaw Worm","floor":1,"turns":4},{"damage":2,"enemies":"2 Louse","floor":7,"turns":3},{"damage":38,"enemies":"3 Sentries","floor":8,"turns":11},{"damage":0,"enemies":"Small Slimes","floor":14,"turns":2},{"damage":31,"enemies":"The Guardian","floor":16,"turns":13},{"damage":23,"enemies":"Spheric Guardian","floor":18,"turns":6},{"damage":10,"enemies":"2 Thieves","floor":20,"turns":4},{"damage":33,"enemies":"Snake Plant","floor":22,"turns":5},{"damage":13,"enemies":"Cultist and Chosen","floor":24,"turns":6},{"damage":35,"enemies":"Book of Stabbing","floor":29,"turns":5},{"damage":0,"enemies":"Centurion and Healer","floor":31,"turns":3},{"damage":72,"enemies":"Automaton","floor":33,"turns":7},{"damage":22,"enemies":"Flame Bruiser 1 Orb","floor":35,"turns":3},{"damage":1,"enemies":"3 Darklings","floor":36,"turns":4},{"damage":6,"enemies":"Spire Growth","floor":37,"turns":3},{"damage":21,"enemies":"Transient","floor":38,"turns":5},{"damage":55,"enemies":"Mysterious Sphere","floor":44,"turns":6},{"damage":19,"enemies":"2 Orb Walkers","floor":45,"turns":2}],"seed_played":"-2349223046442697139","potions_obtained":[{"floor":8,"key":"Block Potion"},{"floor":14,"key":"SpeedPotion"},{"floor":16,"key":"Block Potion"}],"is_trial":false,"path_per_floor":["M","?","T","$","$","R","M","E","T","R","?","R","?","M","R","B",null,"M","?","M","?","M","R","M","R","T","R","$","E","$","M","R","B",null,"M","M","M","M","?","R","$","?","T","?"],"character_chosen":"IRONCLAD","items_purchased":["Flex","Lantern","Perfected Strike+1"],"campfire_rested":6,"item_purchase_floors":[4,28,30],"current_hp_per_floor":[80,80,80,80,80,80,80,48,48,48,23,47,36,42,66,41,80,63,63,59,59,32,56,49,49,49,73,73,44,44,50,74,8,80,64,69,69,54,44,68,68,68,68,19,0],"gold":150,"neow_bonus":"UPGRADE_CARD","is_prod":false,"is_daily":false,"chose_seed":false,"campfire_upgraded":3,"win_rate":0,"timestamp":1535415006,"path_taken":["M","?","?","?","$","R","M","E","T","R","?","R","?","M","R","BOSS","M","?","?","?","M","R","M","R","T","R","$","E","?","M","R","BOSS","M","M","M","M","?","R","$","?","T","?","E"],"build_version":"2018-08-23v2","purchased_purges":2,"victory":false,"max_hp_per_floor":[80,80,80,80,80,80,80,80,80,80,80,80,80,80,80,80,80,80,80,80,80,80,80,80,80,80,80,80,80,80,80,80,80,80,80,80,80,80,80,80,80,80,80,80,80],"card_choices":[{"not_picked":["Headbutt","Havoc"],"picked":"Armaments","floor":1},{"not_picked":["Flame Barrier","Dual Wield","Intimidate"],"picked":"SKIP","floor":7},{"not_picked":["Feel No Pain","Sword Boomerang"],"picked":"Wild Strike","floor":8},{"not_picked":["Thunderclap","Headbutt","Clash"],"picked":"Shrug It Off","floor":14},{"not_picked":["Double Tap","Offering","Immolate"],"picked":"Demon Form","floor":16},{"not_picked":["Warcry","Flame Barrier","Flex"],"picked":"Perfected Strike","floor":18},{"not_picked":["Armaments","Anger","Dark Embrace","Hemokinesis"],"picked":"SKIP","floor":20},{"not_picked":["Disarm","Intimidate","Searing Blow+1"],"picked":"Pommel Strike+1","floor":22},{"not_picked":["Clash+1","True Grit+1","Sever Soul+1"],"picked":"Heavy Blade+1","floor":24},{"not_picked":["Flame Barrier","Twin Strike+1","Battle Trance"],"picked":"Heavy Blade+1","floor":29},{"not_picked":["Uppercut+1","Pommel Strike+1","Hemokinesis+1","Flex"],"picked":"SKIP","floor":31},{"not_picked":["Entrench","Headbutt+1","Perfected Strike+1"],"picked":"Shrug It Off","floor":35},{"not_picked":["Inflame+1","Infernal Blade+1","Bludgeon+1"],"picked":"Evolve+1","floor":36},{"not_picked":["Blood for Blood+1","Hemokinesis+1","Clothesline+1","Sword Boomerang+1"],"picked":"SKIP","floor":37},{"not_picked":["Reckless Charge+1","Headbutt+1","Pommel Strike+1"],"picked":"Heavy Blade+1","floor":38},{"not_picked":["Forethought","Jack Of All Trades","PanicButton"],"picked":"Discovery","floor":39},{"not_picked":["Good Instincts","Forethought","Madness"],"picked":"Enlightenment","floor":39},{"not_picked":["Barricade","Evolve","Armaments"],"picked":"Shrug It Off","floor":44}],"player_experience":155147,"relics_obtained":[{"floor":3,"key":"Mummified Hand"},{"floor":8,"key":"Self Forming Clay"},{"floor":9,"key":"Question Card"},{"floor":26,"key":"Bottled Tornado"},{"floor":29,"key":"Omamori"},{"floor":43,"key":"Paper Frog"},{"floor":44,"key":"Unceasing Top"}],"event_choices":[{"event_name":"The Cleric","player_choice":"Card Removal","floor":2,"damage_taken":0},{"event_name":"Scrap Ooze","player_choice":"success","floor":11,"damage_taken":25},{"event_name":"World of Goop","player_choice":"Gather Gold","floor":13,"damage_taken":0},{"event_name":"Vampires","player_choice":"Ignored","floor":19,"damage_taken":0},{"event_name":"Addict","player_choice":"Obtained Relic","floor":21,"damage_taken":0},{"event_name":"SensoryStone","player_choice":"Memory 3","floor":39,"damage_taken":0},{"event_name":"FaceTrader","player_choice":"Trade","floor":42,"damage_taken":0},{"event_name":"Mysterious Sphere","player_choice":"Fight","floor":44,"damage_taken":0}],"is_beta":false,"boss_relics":[{"not_picked":["Empty Cage","Runic Cube"],"picked":"Sozu"},{"not_picked":["Lizard Tail","Black Blood"],"picked":"Cursed Key"}],"items_purged_floors":[28,41],"is_endless":false,"potions_floor_spawned":[8,14,16,18,29,35,38],"killed_by":"2 Orb Walkers","ascension_level":1}