{"gold_per_floor":[114,114,128,146,146,176,176,176,245,89,89,106,122,134,134,237,237,252,267,267,267,287,300,300,331,331,348,359,371,371,390,390,492,492,510,564,564,231,248,264,281,296,376,392,392,392,392,412,412,412,412,412,17,42,42],"floor_reached":55,"playtime":2120,"items_purged":["Strike_G","Strike_G"],"score":891,"play_id":"02f5f2e8-f776-443c-8f47-a970b7691756","local_time":"20190503133847","is_ascension_mode":true,"campfire_choices":[{"floor":7,"key":"REST"},{"data":"Neutralize","floor":11,"key":"SMITH"},{"floor":15,"key":"REST"},{"data":"Noxious Fumes","floor":24,"key":"SMITH"},{"floor":30,"key":"REST"},{"floor":32,"key":"REST"},{"floor":45,"key":"REST"},{"floor":49,"key":"RECALL"},{"data":"Footwork","floor":52,"key":"SMITH"}],"neow_cost":"NONE","seed_source_timestamp":1533958454623747,"circlet_count":0,"master_deck":["Defend_G","Defend_G","Defend_G","Defend_G","Defend_G","Strike_G","Strike_G+1","Strike_G+1","Survivor","Neutralize+1","Bane","Backflip","Deadly Poison","Deflect","Noxious Fumes+1","Footwork+1","Backflip+1","Dodge and Roll+1","Deadly Poison+1","Dagger Spray","Blur+1","Catalyst+1","Prepared+1","Catalyst+1","Dodge and Roll+1","Prepared+1","Caltrops+1","Terror+1","PiercingWail+1","Prepared+1","Adrenaline+1","Sucker Punch+1","Acrobatics+1","Flying Knee+1","PiercingWail+1","Catalyst+1","Crippling Poison+1","Bouncing Flask+1"],"relics":["Ring of the Snake","NeowsBlessing","Lantern","Strawberry","Toxic Egg 2","Sozu","Kunai","FaceOfCleric","Vajra","StoneCalendar","Lizard Tail","Tough Bandages","Letter Opener","Happy Flower","DollysMirror","Bottled Flame"],"potions_floor_usage":[25,25],"damage_taken":[{"damage":0,"enemies":"Small Slimes","floor":1,"turns":1},{"damage":0,"enemies":"Cultist","floor":3,"turns":1},{"damage":0,"enemies":"Jaw Worm","floor":4,"turns":1},{"damage":41,"enemies":"Lagavulin","floor":6,"turns":7},{"damage":14,"enemies":"Large Slime","floor":12,"turns":6},{"damage":1,"enemies":"2 Fungi Beasts","floor":13,"turns":3},{"damage":0,"enemies":"Looter","floor":14,"turns":3},{"damage":28,"enemies":"Hexaghost","floor":16,"turns":12},{"damage":5,"enemies":"Spheric Guardian","floor":18,"turns":6},{"damage":0,"enemies":"Shell Parasite","floor":19,"turns":5},{"damage":10,"enemies":"Snecko","floor":22,"turns":5},{"damage":12,"enemies":"Cultist and Chosen","floor":23,"turns":7},{"damage":27,"enemies":"Book of Stabbing","floor":25,"turns":5},{"damage":10,"enemies":"Snake Plant","floor":27,"turns":5},{"damage":0,"enemies":"Centurion and Healer","floor":28,"turns":6},{"damage":0,"enemies":"Snecko","floor":29,"turns":3},{"damage":0,"enemies":"3 Cultists","floor":31,"turns":5},{"damage":0,"enemies":"Champ","floor":33,"turns":6},{"damage":12,"enemies":"3 Darklings","floor":35,"turns":4},{"damage":67,"enemies":"2 Orb Walkers","floor":36,"turns":5},{"damage":0,"enemies":"Orb Walker","floor":39,"turns":3},{"damage":16,"enemies":"Transient","floor":40,"turns":5},{"damage":10,"enemies":"Writhing Mass","floor":41,"turns":5},{"damage":19,"enemies":"Sphere and 2 Shapes","floor":42,"turns":7},{"damage":0,"enemies":"Transient","floor":44,"turns":5},{"damage":0,"enemies":"4 Shapes","floor":48,"turns":5},{"damage":57,"enemies":"Time Eater","floor":50,"turns":5},{"damage":39,"enemies":"Shield and Spear","floor":54,"turns":7},{"damage":62,"enemies":"The Heart","floor":55,"turns":3}],"seed_played":"1417680151251100514","potions_obtained":[{"floor":1,"key":"Weak Potion"},{"floor":6,"key":"SkillPotion"}],"is_trial":false,"path_per_floor":["M","?","M","M","?","E","R","?","T","$","R","M","M","M","R","B",null,"M","M","?","?","M","M","R","E","T","M","M","M","R","M","R","B",null,"M","?","?","$","M","M","M","M","T","M","R","?","?","M","R","B",null,"R","$","E","B"],"character_chosen":"THE_SILENT","items_purchased":["Noxious Fumes","Prepared+1","Adrenaline+1","Happy Flower","PiercingWail+1","DollysMirror","Crippling Poison+1"],"campfire_rested":5,"item_purchase_floors":[10,38,38,38,53,53,53],"current_hp_per_floor":[70,70,70,70,63,29,52,37,37,37,37,23,22,22,45,17,77,72,72,72,72,63,52,52,26,26,17,18,19,43,44,69,70,85,74,8,8,8,9,45,36,18,18,19,46,80,80,81,81,25,82,82,82,44,0],"gold":42,"neow_bonus":"THREE_ENEMY_KILL","is_prod":false,"is_daily":false,"chose_seed":false,"campfire_upgraded":3,"win_rate":0,"timestamp":1556847527,"path_taken":["M","?","?","M","?","E","R","?","T","$","R","M","M","M","R","BOSS","M","M","?","?","?","M","R","E","T","M","M","M","R","M","R","BOSS","M","?","?","$","M","M","M","?","T","M","R","?","?","M","R","BOSS","R","$","E","BOSS"],"build_version":"2019-01-23","purchased_purges":2,"victory":false,"max_hp_per_floor":[70,70,70,70,70,77,77,77,77,77,77,77,77,77,77,77,77,77,77,77,77,78,79,79,80,80,81,82,83,83,84,84,85,85,86,87,87,87,88,89,90,91,91,92,92,80,80,81,81,82,82,82,82,83,83],"card_choices":[{"not_picked":["Underhanded Strike","Choke"],"picked":"Bane","floor":1},{"not_picked":["Blade Dance","Flying Knee"],"picked":"Backflip","floor":3},{"not_picked":["Outmaneuver","Dodge and Roll"],"picked":"Deadly Poison","floor":4},{"not_picked":["Finisher","Dagger Throw"],"picked":"Deflect","floor":6},{"not_picked":["Deadly Poison+1","Deflect+1"],"picked":"Footwork","floor":12},{"not_picked":["Acrobatics+1","Dagger Throw"],"picked":"Backflip+1","floor":13},{"not_picked":["Prepared+1","Riddle With Holes"],"picked":"Dodge and Roll+1","floor":14},{"not_picked":["Slice","Bane"],"picked":"Deadly Poison+1","floor":18},{"not_picked":["Prepared+1","Dagger Throw"],"picked":"Dagger Spray","floor":19},{"not_picked":["Underhanded Strike+1","Blade Dance+1"],"picked":"Blur+1","floor":22},{"not_picked":["Underhanded Strike","Quick Slash"],"picked":"Catalyst+1","floor":23},{"not_picked":["Terror+1","Endless Agony"],"picked":"Prepared+1","floor":25},{"not_picked":["Sucker Punch+1","Crippling Poison+1"],"picked":"Catalyst+1","floor":27},{"not_picked":["Bane","Acrobatics+1"],"picked":"Dodge and Roll+1","floor":28},{"not_picked":["Backstab","Phantasmal Killer+1"],"picked":"Prepared+1","floor":29},{"not_picked":["Dodge and Roll+1","Acrobatics+1"],"picked":"Caltrops+1","floor":31},{"not_picked":["Skewer+1","Finisher+1"],"picked":"Terror+1","floor":35},{"not_picked":["Deflect+1","Flying Knee"],"picked":"PiercingWail+1","floor":36},{"not_picked":["Flying Knee","Underhanded Strike"],"picked":"Sucker Punch+1","floor":39},{"not_picked":["Sucker Punch","Predator+1","Backstab"],"picked":"SKIP","floor":40},{"not_picked":["Terror+1","Unload","Infinite Blades"],"picked":"SKIP","floor":41},{"not_picked":["Predator+1","Dagger Throw+1"],"picked":"Acrobatics+1","floor":42},{"not_picked":["Outmaneuver+1","Caltrops+1"],"picked":"Flying Knee+1","floor":44},{"not_picked":["Bane","Dash","Dodge and Roll+1"],"picked":"SKIP","floor":48},{"not_picked":["Concentrate+1","Slice"],"picked":"Bouncing Flask+1","floor":54}],"player_experience":164244,"relics_obtained":[{"floor":6,"key":"Strawberry"},{"floor":9,"key":"Toxic Egg 2"},{"floor":25,"key":"Vajra"},{"floor":26,"key":"StoneCalendar"},{"floor":36,"key":"Tough Bandages"},{"floor":37,"key":"Letter Opener"},{"floor":54,"key":"Bottled Flame"}],"event_choices":[{"damage_healed":0,"gold_gain":0,"player_choice":"Full Heal","damage_taken":0,"max_hp_gain":0,"max_hp_loss":0,"event_name":"Wheel of Change","floor":2,"gold_loss":0},{"damage_healed":0,"gold_gain":0,"player_choice":"Success","damage_taken":7,"relics_obtained":["Lantern"],"max_hp_gain":0,"max_hp_loss":0,"event_name":"Scrap Ooze","floor":5,"gold_loss":0},{"damage_healed":0,"gold_gain":0,"player_choice":"Entered Light","damage_taken":15,"max_hp_gain":0,"max_hp_loss":0,"event_name":"Shining Light","floor":8,"gold_loss":0,"cards_upgraded":["Strike_G","Strike_G"]},{"damage_healed":0,"gold_gain":0,"player_choice":"Opened","damage_taken":0,"relics_obtained":["Kunai"],"max_hp_gain":0,"max_hp_loss":0,"event_name":"The Mausoleum","floor":20,"gold_loss":0},{"damage_healed":0,"gold_gain":0,"player_choice":"Trade","damage_taken":0,"relics_obtained":["FaceOfCleric"],"max_hp_gain":0,"max_hp_loss":0,"event_name":"FaceTrader","floor":21,"gold_loss":0},{"damage_healed":0,"gold_gain":0,"player_choice":"Fight","damage_taken":0,"max_hp_gain":0,"max_hp_loss":0,"event_name":"Mysterious Sphere","floor":36,"gold_loss":0},{"damage_healed":0,"gold_gain":0,"player_choice":"Relic","damage_taken":0,"max_hp_gain":0,"max_hp_loss":0,"event_name":"Wheel of Change","floor":37,"gold_loss":0},{"damage_healed":80,"gold_gain":0,"player_choice":"Heal","damage_taken":0,"max_hp_gain":0,"max_hp_loss":12,"event_name":"The Moai Head","floor":46,"gold_loss":0},{"damage_healed":0,"gold_gain":0,"player_choice":"Memory 1","damage_taken":0,"max_hp_gain":0,"max_hp_loss":0,"event_name":"SensoryStone","floor":47,"gold_loss":0}],"is_beta":false,"boss_relics":[{"not_picked":["Ring of the Serpent","Pandora\u0027s Box"],"picked":"Sozu"},{"not_picked":["Orrery","Snecko Eye"],"picked":"Lizard Tail"}],"items_purged_floors":[10,53],"is_endless":false,"potions_floor_spawned":[1,6,23,29,31,33,35,36,41,42,48],"killed_by":"The Heart","ascension_level":4}