{"gold_per_floor":[116,41,41,57,57,57,72,72,72,87,87,112,130,141,141,238,238,257,269,40,40,59,59,74,149,199,212,228,82,111,121,121,219,219,219],"floor_reached":35,"playtime":1229,"items_purged":["Pain","Clumsy"],"score":513,"play_id":"2fc5e0f8-ddd7-4212-a045-00812230f3d8","local_time":"20190505162844","is_ascension_mode":true,"campfire_choices":[{"data":"Neutralize","floor":6,"key":"SMITH"},{"data":"Poisoned Stab","floor":8,"key":"SMITH"},{"data":"Bouncing Flask","floor":15,"key":"SMITH"},{"floor":23,"key":"REST"},{"floor":32,"key":"REST"}],"neow_cost":"NONE","seed_source_timestamp":1717842749089097,"circlet_count":0,"master_deck":["Defend_G","Defend_G","Defend_G","Defend_G","Strike_G","Strike_G","Strike_G","Survivor","Neutralize+1","Poisoned Stab+1","Backflip","Bouncing Flask+1","Bane","Catalyst","Malaise","Bouncing Flask","Dodge and Roll","Well Laid Plans","Deadly Poison","Shame","Bane","Unload","Leg Sweep+1","Backflip+1","Poisoned Stab+1","Dodge and Roll+1","Doppelganger+1","Malaise+1","Acrobatics+1","Infinite Blades+1"],"relics":["Calling Bell","Bronze Scales","Meat on the Bone","FossilizedHelix","Spirit Poop","Pear","Bottled Flame","Sozu","Bird Faced Urn","Toxic Egg 2","Regal Pillow","PreservedInsect","Shuriken","Astrolabe"],"potions_floor_usage":[30,30,33],"damage_taken":[{"damage":1,"enemies":"2 Louse","floor":1,"turns":3},{"damage":0,"enemies":"Cultist","floor":4,"turns":5},{"damage":0,"enemies":"Jaw Worm","floor":7,"turns":5},{"damage":11,"enemies":"Lots of Slimes","floor":10,"turns":5},{"damage":18,"enemies":"Gremlin Nob","floor":12,"turns":4},{"damage":0,"enemies":"Blue Slaver","floor":13,"turns":3},{"damage":0,"enemies":"Exordium Wildlife","floor":14,"turns":3},{"damage":21,"enemies":"The Guardian","floor":16,"turns":9},{"damage":13,"enemies":"3 Byrds","floor":18,"turns":4},{"damage":2,"enemies":"Chosen","floor":19,"turns":4},{"damage":29,"enemies":"Shelled Parasite and Fungi","floor":22,"turns":4},{"damage":16,"enemies":"Snake Plant","floor":24,"turns":3},{"damage":5,"enemies":"Snecko","floor":27,"turns":4},{"damage":25,"enemies":"Centurion and Healer","floor":28,"turns":8},{"damage":10,"enemies":"Slavers","floor":30,"turns":6},{"damage":20,"enemies":"3 Cultists","floor":31,"turns":6},{"damage":68,"enemies":"Automaton","floor":33,"turns":12},{"damage":69,"enemies":"3 Darklings","floor":35,"turns":5}],"seed_played":"-5959452570647981948","potions_obtained":[{"floor":7,"key":"SpeedPotion"},{"floor":12,"key":"Strength Potion"},{"floor":14,"key":"Block Potion"},{"floor":16,"key":"Block Potion"}],"is_trial":false,"path_per_floor":["M","$","?","M","?","R","M","R","T","M","$","E","M","M","R","B",null,"M","M","$","?","M","R","M","T","T","M","M","$","E","M","R","B",null,"M"],"character_chosen":"THE_SILENT","items_purchased":["Well Laid Plans","Deadly Poison","PreservedInsect"],"campfire_rested":2,"item_purchase_floors":[20,20,29],"current_hp_per_floor":[62,62,62,62,55,55,55,55,65,54,54,48,48,48,48,39,70,57,55,55,55,38,62,46,46,46,41,30,30,34,28,67,13,63,0],"gold":219,"neow_bonus":"BOSS_RELIC","is_prod":false,"is_daily":false,"chose_seed":false,"campfire_upgraded":3,"win_rate":0,"timestamp":1557030524,"path_taken":["M","$","?","?","?","R","M","R","T","M","$","E","?","M","R","BOSS","M","M","$","?","M","R","M","?","T","M","M","$","E","M","R","BOSS","M"],"build_version":"2019-01-23","purchased_purges":2,"victory":false,"max_hp_per_floor":[70,70,70,70,70,70,70,70,80,80,80,80,80,80,80,80,80,80,80,80,80,80,80,80,80,80,80,80,80,80,80,80,80,80,80],"card_choices":[{"not_picked":["Underhanded Strike","Infinite Blades","Deflect"],"picked":"SKIP","floor":1},{"not_picked":["Blade Dance","Reflex","Slice"],"picked":"SKIP","floor":4},{"not_picked":["Riddle With Holes","Concentrate"],"picked":"Poisoned Stab","floor":7},{"not_picked":["Blade Dance","Footwork"],"picked":"Backflip","floor":10},{"not_picked":["Leg Sweep","Night Terror"],"picked":"Bouncing Flask","floor":12},{"not_picked":["Sucker Punch","Dodge and Roll"],"picked":"Bane","floor":13},{"not_picked":["Prepared","Eviscerate"],"picked":"Catalyst","floor":14},{"not_picked":["Night Terror","Die Die Die"],"picked":"Malaise","floor":16},{"not_picked":["Prepared","Riddle With Holes"],"picked":"Bouncing Flask","floor":18},{"not_picked":["Bane","Cloak And Dagger"],"picked":"Dodge and Roll","floor":19},{"not_picked":["Infinite Blades+1","Outmaneuver"],"picked":"Bane","floor":22},{"not_picked":["Blade Dance","Quick Slash"],"picked":"Unload","floor":24},{"not_picked":["Masterful Stab","Heel Hook+1"],"picked":"Leg Sweep+1","floor":27},{"not_picked":["Deadly Poison+1","Underhanded Strike"],"picked":"Backflip+1","floor":28},{"not_picked":["Acrobatics+1","Underhanded Strike+1"],"picked":"Poisoned Stab+1","floor":30},{"not_picked":["Deadly Poison+1","Poisoned Stab"],"picked":"Dodge and Roll+1","floor":31},{"not_picked":["Envenom","Phantasmal Killer+1"],"picked":"Doppelganger+1","floor":33}],"player_experience":194259,"relics_obtained":[{"floor":0,"key":"Bronze Scales"},{"floor":0,"key":"Meat on the Bone"},{"floor":0,"key":"FossilizedHelix"},{"floor":9,"key":"Pear"},{"floor":12,"key":"Bottled Flame"},{"floor":25,"key":"Toxic Egg 2"},{"floor":26,"key":"Regal Pillow"},{"floor":30,"key":"Shuriken"}],"event_choices":[{"cards_removed":["Doubt"],"damage_healed":0,"gold_gain":0,"player_choice":"Offered Curse","damage_taken":0,"relics_obtained":["Spirit Poop"],"max_hp_gain":0,"max_hp_loss":0,"event_name":"Bonfire Elementals","floor":3,"gold_loss":0},{"damage_healed":0,"gold_gain":0,"player_choice":"Damaged","damage_taken":7,"max_hp_gain":0,"max_hp_loss":0,"event_name":"Wheel of Change","floor":5,"gold_loss":0},{"damage_healed":0,"gold_gain":0,"player_choice":"Stole Relic","damage_taken":0,"relics_obtained":["Bird Faced Urn"],"max_hp_gain":0,"max_hp_loss":0,"event_name":"Addict","floor":21,"gold_loss":0,"cards_obtained":["Shame"]}],"is_beta":false,"boss_relics":[{"not_picked":["Orrery","Velvet Choker"],"picked":"Sozu"},{"not_picked":["Tiny House","Philosopher\u0027s Stone"],"picked":"Astrolabe"}],"items_purged_floors":[2,20],"is_endless":false,"potions_floor_spawned":[7,12,14,16,22,24,28,30],"killed_by":"3 Darklings","ascension_level":7}