{"gold_per_floor":[18,38,38,54,70,70,170,170,170,170,181,201,151,151,151,254,254,267,267,267,282,282,282,299,43,43,43,63,63,63,76,76,175,175,185,185,203,216,229,229,229,32,32,32,42,60,60,60,60,60],"floor_reached":51,"playtime":1778,"items_purged":["Strike_B+1","Strike_B+1"],"score":1014,"play_id":"4aea11ca-339c-45ec-ad91-434af437089d","local_time":"20190518023920","is_ascension_mode":true,"campfire_choices":[{"data":"Zap","floor":6,"key":"SMITH"},{"data":"Dualcast","floor":8,"key":"SMITH"},{"data":"Defragment","floor":10,"key":"SMITH"},{"floor":15,"key":"REST"},{"data":"Go for the Eyes","floor":23,"key":"SMITH"},{"data":"Hologram","floor":29,"key":"SMITH"},{"floor":32,"key":"REST"},{"data":"Capacitor","floor":40,"key":"SMITH"},{"data":"Defragment","floor":44,"key":"SMITH"},{"floor":47,"key":"REST"},{"floor":49,"key":"REST"}],"neow_cost":"NO_GOLD","seed_source_timestamp":370792619212555,"circlet_count":0,"master_deck":["AscendersBane","Strike_B+1","Defend_B+1","Defend_B+1","Defend_B+1","Zap+1","Dualcast+1","Gash","Gash","Defragment+1","Cold Snap+1","Steam+1","All For One","Go for the Eyes+1","Hologram+1","Sweeping Beam+1","Loop+1","Capacitor+1","Gash","Defragment+1","White Noise"],"relics":["FrozenCore","Bird Faced Urn","Symbiotic Virus","The Courier","Odd Mushroom","ClockworkSouvenir","Omamori","Bronze Scales","Lizard Tail","Pen Nib"],"potions_floor_usage":[12,16,28,31,33,50,50],"damage_taken":[{"damage":14,"enemies":"Small Slimes","floor":1,"turns":4},{"damage":2,"enemies":"Jaw Worm","floor":2,"turns":3},{"damage":1,"enemies":"Cultist","floor":4,"turns":3},{"damage":0,"enemies":"Large Slime","floor":5,"turns":5},{"damage":3,"enemies":"3 Louse","floor":11,"turns":3},{"damage":4,"enemies":"The Mushroom Lair","floor":12,"turns":4},{"damage":24,"enemies":"The Guardian","floor":16,"turns":10},{"damage":5,"enemies":"Shell Parasite","floor":18,"turns":6},{"damage":3,"enemies":"Chosen","floor":21,"turns":4},{"damage":10,"enemies":"Snake Plant","floor":24,"turns":5},{"damage":0,"enemies":"3 Cultists","floor":28,"turns":5},{"damage":0,"enemies":"Sentry and Sphere","floor":31,"turns":3},{"damage":37,"enemies":"Automaton","floor":33,"turns":10},{"damage":5,"enemies":"3 Shapes","floor":35,"turns":6},{"damage":13,"enemies":"3 Darklings","floor":37,"turns":6},{"damage":11,"enemies":"Sphere and 2 Shapes","floor":38,"turns":6},{"damage":16,"enemies":"Spire Growth","floor":39,"turns":5},{"damage":9,"enemies":"4 Shapes","floor":45,"turns":5},{"damage":13,"enemies":"Sphere and 2 Shapes","floor":46,"turns":5},{"damage":78,"enemies":"Donu and Deca","floor":50,"turns":6}],"seed_played":"1010385031352109430","potions_obtained":[{"floor":4,"key":"AttackPotion"},{"floor":5,"key":"Swift Potion"},{"floor":12,"key":"SpeedPotion"},{"floor":24,"key":"Block Potion"},{"floor":28,"key":"Block Potion"},{"floor":31,"key":"FocusPotion"},{"floor":37,"key":"Swift Potion"}],"is_trial":false,"path_per_floor":["M","M","?","M","M","R","?","R","T","R","M","?","?","?","R","B",null,"M","?","?","M","?","R","M","$","T","?","M","R","?","M","R","B",null,"M","?","M","M","M","R","?","$","T","R","M","M","R","?","R","B",null],"character_chosen":"DEFECT","items_purchased":["Hologram","ClockworkSouvenir","Defragment","White Noise"],"campfire_rested":4,"item_purchase_floors":[25,25,42,42],"current_hp_per_floor":[54,52,45,44,44,44,44,44,44,44,41,39,39,24,46,24,62,59,59,45,44,44,44,36,36,36,36,38,38,38,40,64,29,67,64,64,53,46,36,36,36,36,36,36,35,30,54,54,78,6],"gold":60,"neow_bonus":"ONE_RARE_RELIC","is_prod":false,"is_daily":false,"chose_seed":false,"campfire_upgraded":7,"win_rate":0,"timestamp":1558114760,"path_taken":["M","M","?","M","M","R","?","R","T","R","?","?","?","?","R","BOSS","M","?","?","M","?","R","M","$","T","?","?","R","?","M","R","BOSS","M","?","M","M","M","R","?","$","T","R","M","?","R","?","R","BOSS"],"build_version":"2019-01-23","purchased_purges":2,"victory":true,"max_hp_per_floor":[75,75,75,75,75,75,75,75,75,75,75,75,75,75,75,75,75,75,75,80,80,80,80,80,80,80,80,80,80,80,80,80,80,80,80,80,80,80,80,80,80,80,80,80,80,80,80,80,80,80],"card_choices":[{"not_picked":["Compile Driver","Hologram"],"picked":"Gash","floor":1},{"not_picked":["Ball Lightning","Turbo"],"picked":"Gash","floor":2},{"not_picked":["Aggregate","Capacitor","Skim"],"picked":"SKIP","floor":4},{"not_picked":["Blizzard","Reprogram"],"picked":"Defragment","floor":5},{"not_picked":["Rebound","Sweeping Beam"],"picked":"Cold Snap","floor":11},{"not_picked":["Beam Cell","Hyperbeam"],"picked":"Steam","floor":12},{"not_picked":["Hyperbeam","Reboot"],"picked":"All For One","floor":16},{"not_picked":["Hologram","Gash"],"picked":"Go for the Eyes","floor":18},{"not_picked":["Coolheaded","Compile Driver","Steam"],"picked":"SKIP","floor":21},{"not_picked":["Coolheaded","Rip and Tear","Melter+1"],"picked":"SKIP","floor":24},{"not_picked":["Coolheaded","Cold Snap","Skim"],"picked":"SKIP","floor":28},{"not_picked":["Darkness","Biased Cognition"],"picked":"Sweeping Beam+1","floor":31},{"not_picked":["Barrage","Rebound","Redo+1"],"picked":"SKIP","floor":35},{"not_picked":["Coolheaded+1","Lockon"],"picked":"Loop+1","floor":37},{"not_picked":["Conserve Battery","Streamline"],"picked":"Capacitor","floor":38},{"not_picked":["Conserve Battery","Undo"],"picked":"Gash","floor":39},{"not_picked":["Barrage","Storm","Rebound+1"],"picked":"SKIP","floor":45},{"not_picked":["Defragment+1","Turbo","Go for the Eyes"],"picked":"SKIP","floor":46}],"player_experience":706879,"relics_obtained":[{"floor":9,"key":"The Courier"},{"floor":12,"key":"Odd Mushroom"},{"floor":26,"key":"Omamori"},{"floor":43,"key":"Pen Nib"}],"event_choices":[{"damage_healed":0,"gold_gain":0,"player_choice":"Success","damage_taken":7,"relics_obtained":["Symbiotic Virus"],"max_hp_gain":0,"max_hp_loss":0,"event_name":"Scrap Ooze","floor":3,"gold_loss":0},{"damage_healed":0,"gold_gain":100,"player_choice":"Pray","damage_taken":0,"max_hp_gain":0,"max_hp_loss":0,"event_name":"Golden Shrine","floor":7,"gold_loss":0},{"damage_healed":0,"gold_gain":0,"player_choice":"Fought Mushrooms","damage_taken":0,"max_hp_gain":0,"max_hp_loss":0,"event_name":"Mushrooms","floor":12,"gold_loss":0},{"cards_removed":["Strike_B"],"damage_healed":0,"gold_gain":0,"player_choice":"Card Removal","damage_taken":0,"max_hp_gain":0,"max_hp_loss":0,"event_name":"The Cleric","floor":13,"gold_loss":50},{"damage_healed":0,"gold_gain":0,"player_choice":"Entered Light","damage_taken":15,"max_hp_gain":0,"max_hp_loss":0,"event_name":"Shining Light","floor":14,"gold_loss":0,"cards_upgraded":["Strike_B","Cold Snap"]},{"damage_healed":0,"gold_gain":0,"player_choice":"Ignored","damage_taken":0,"max_hp_gain":0,"max_hp_loss":0,"event_name":"Ghosts","floor":19,"gold_loss":0},{"damage_healed":0,"gold_gain":0,"player_choice":"Shed Blood","damage_taken":19,"max_hp_gain":5,"max_hp_loss":0,"event_name":"Forgotten Altar","floor":20,"gold_loss":0},{"damage_healed":0,"gold_gain":0,"player_choice":"Simplicity","damage_taken":0,"max_hp_gain":0,"max_hp_loss":0,"event_name":"Back to Basics","floor":22,"gold_loss":0,"cards_upgraded":["Strike_B","Strike_B","Defend_B","Defend_B","Defend_B","Defend_B"]},{"damage_healed":0,"gold_gain":0,"player_choice":"Ignored","damage_taken":0,"max_hp_gain":0,"max_hp_loss":0,"event_name":"Cursed Tome","floor":27,"gold_loss":0},{"damage_healed":0,"gold_gain":0,"player_choice":"Opened","damage_taken":0,"relics_obtained":["Bronze Scales"],"max_hp_gain":0,"max_hp_loss":0,"event_name":"The Mausoleum","floor":30,"gold_loss":0},{"damage_healed":0,"gold_gain":0,"player_choice":"Ignored","damage_taken":0,"max_hp_gain":0,"max_hp_loss":0,"event_name":"Mysterious Sphere","floor":36,"gold_loss":0},{"damage_healed":0,"gold_gain":0,"player_choice":"Upgraded","damage_taken":0,"max_hp_gain":0,"max_hp_loss":0,"event_name":"Upgrade Shrine","floor":41,"gold_loss":0,"cards_upgraded":["Steam"]},{"cards_removed":["Defend_B"],"damage_healed":0,"gold_gain":0,"player_choice":"Removed Skill","damage_taken":0,"max_hp_gain":0,"max_hp_loss":0,"event_name":"Falling","floor":48,"gold_loss":0}],"is_beta":false,"boss_relics":[{"not_picked":["Coffee Dripper","Runic Pyramid"],"picked":"FrozenCore"},{"not_picked":["Velvet Choker","Philosopher\u0027s Stone"],"picked":"Lizard Tail"}],"items_purged_floors":[25,42],"is_endless":false,"potions_floor_spawned":[4,5,12,24,28,31,37,39],"ascension_level":12}