{"gold_per_floor":[111,111,131,206,216,216,205,205,258,258,258,318,333,344,344,344],"floor_reached":16,"playtime":606,"items_purged":[],"score":122,"play_id":"e7fdaf4a-5187-4311-92bb-6d48e844dbd7","local_time":"20181026195137","is_ascension_mode":true,"campfire_choices":[{"data":"Seeing Red","floor":6,"key":"SMITH"},{"data":"Seeing Red","floor":8,"key":"SMITH"},{"data":"Bash","floor":11,"key":"SMITH"},{"data":"Armaments","floor":15,"key":"SMITH"}],"neow_cost":"NONE","seed_source_timestamp":1169438735595465,"circlet_count":0,"master_deck":["Strike_R","Strike_R","Strike_R","Strike_R","Strike_R","Defend_R","Defend_R","Defend_R","Bash+1","Shrug It Off","Seeing Red+1","Shrug It Off","Seeing Red+1","True Grit","Wild Strike","Armaments+1"],"relics":["Burning Blood","NeowsBlessing","Oddly Smooth Stone","Tiny Chest"],"potions_floor_usage":[7,12,12,14],"damage_taken":[{"damage":0,"enemies":"Jaw Worm","floor":1,"turns":1},{"damage":0,"enemies":"2 Louse","floor":3,"turns":1},{"damage":0,"enemies":"Small Slimes","floor":5,"turns":1},{"damage":3,"enemies":"Exordium Thugs","floor":7,"turns":4},{"damage":29,"enemies":"Gremlin Nob","floor":12,"turns":5},{"damage":2,"enemies":"3 Louse","floor":13,"turns":5},{"damage":24,"enemies":"Gremlin Gang","floor":14,"turns":7},{"damage":6,"enemies":"Hexaghost","floor":16,"turns":9}],"seed_played":"3730697909294559858","potions_obtained":[{"floor":1,"key":"Swift Potion"},{"floor":3,"key":"Block Potion"},{"floor":7,"key":"Explosive Potion"},{"floor":12,"key":"Weak Potion"}],"is_trial":false,"path_per_floor":["M","?","M","?","M","R","M","R","T","?","R","E","M","M","R"],"character_chosen":"IRONCLAD","items_purchased":[],"campfire_rested":0,"item_purchase_floors":[],"current_hp_per_floor":[80,85,85,74,80,80,83,83,83,76,76,53,57,39,39,33],"gold":344,"neow_bonus":"THREE_ENEMY_KILL","is_prod":false,"is_daily":false,"chose_seed":false,"campfire_upgraded":4,"win_rate":0,"timestamp":1540551097,"path_taken":["M","?","M","?","M","R","M","R","T","?","R","E","?","?","R","BOSS"],"build_version":"2018-10-25v2","purchased_purges":0,"victory":false,"max_hp_per_floor":[80,85,85,85,85,85,85,85,85,85,85,85,85,85,85,85],"card_choices":[{"not_picked":["Intimidate","Flex"],"picked":"Shrug It Off","floor":1},{"not_picked":["Headbutt","Reckless Charge"],"picked":"Seeing Red","floor":3},{"not_picked":["Sword Boomerang","Feed"],"picked":"Shrug It Off","floor":5},{"not_picked":["Flame Barrier","Rampage"],"picked":"Seeing Red","floor":7},{"not_picked":["Clash","Spot Weakness"],"picked":"True Grit","floor":12},{"not_picked":["Iron Wave","Sever Soul"],"picked":"Wild Strike","floor":13},{"not_picked":["Shrug It Off","Body Slam"],"picked":"Armaments","floor":14}],"player_experience":406574,"relics_obtained":[{"floor":9,"key":"Oddly Smooth Stone"},{"floor":12,"key":"Tiny Chest"}],"event_choices":[{"damage_healed":0,"gold_gain":0,"player_choice":"Donut","damage_taken":0,"max_hp_gain":5,"max_hp_loss":0,"event_name":"Big Fish","floor":2,"gold_loss":0},{"damage_healed":0,"gold_gain":75,"player_choice":"Gather Gold","damage_taken":11,"max_hp_gain":0,"max_hp_loss":0,"event_name":"World of Goop","floor":4,"gold_loss":0},{"cards_removed":["Defend_R"],"damage_healed":0,"gold_gain":0,"player_choice":"Card Removal","damage_taken":7,"max_hp_gain":0,"max_hp_loss":0,"event_name":"Golden Wing","floor":10,"gold_loss":0}],"is_beta":false,"boss_relics":[],"items_purged_floors":[],"is_endless":false,"potions_floor_spawned":[1,3,7,12],"killed_by":"Hexaghost","ascension_level":4}