{"gold_per_floor":[112,123,2,12,30,30,45,45,45,56,69,69,81,81,81,178,178,192,92,92,16,29,29,299,312,312,312,347,359,383,426,438,550,562,591,603,634,646,658,670,682,694,752,782,794,820,103,123,123,123],"floor_reached":51,"playtime":2796,"items_purged":["Strike_R","Strike_R","Strike_R"],"score":742,"play_id":"9fedfefe-e2ec-4679-beaa-682405777481","local_time":"20181013163414","is_ascension_mode":true,"campfire_choices":[{"data":"Bash","floor":6,"key":"SMITH"},{"data":"Armaments","floor":8,"key":"SMITH"},{"data":"Ghostly Armor","floor":12,"key":"SMITH"},{"data":"Evolve","floor":15,"key":"SMITH"},{"data":"Fiend Fire","floor":23,"key":"SMITH"},{"floor":27,"key":"REST"},{"floor":29,"key":"REST"},{"floor":32,"key":"REST"},{"data":"Dark Embrace","floor":40,"key":"SMITH"},{"data":"Demon Form","floor":42,"key":"SMITH"},{"data":"Power Through","floor":45,"key":"SMITH"},{"floor":49,"key":"REST"}],"neow_cost":"NONE","seed_source_timestamp":32205201451977,"circlet_count":0,"master_deck":["Strike_R","Strike_R","Defend_R","Defend_R","Defend_R","Defend_R","Bash+1","Immolate","Wild Strike","Ghostly Armor+1","Wild Strike","Iron Wave","Wild Strike","Armaments+1","Dark Embrace+1","Evolve+1","Fiend Fire+1","Power Through+1","Metallicize+1","Infernal Blade+1","Demon Form+1","Offering","Exhume","True Grit+1","Shrug It Off+1","Madness","True Grit","Shrug It Off","Heavy Blade"],"relics":["Burning Blood","Mummified Hand","Mark of Pain","Enchiridion","Happy Flower","MawBank","Du-Vu Doll","Eternal Feather","Mercury Hourglass","Anchor","Medical Kit","Blood Vial","Omamori"],"potions_floor_usage":[13,22,25,28,30,33,48],"damage_taken":[{"damage":1,"enemies":"Cultist","floor":1,"turns":3},{"damage":4,"enemies":"Jaw Worm","floor":2,"turns":3},{"damage":0,"enemies":"2 Louse","floor":4,"turns":1},{"damage":0,"enemies":"Gremlin Gang","floor":5,"turns":2},{"damage":0,"enemies":"Exordium Thugs","floor":7,"turns":3},{"damage":0,"enemies":"Red Slaver","floor":10,"turns":2},{"damage":11,"enemies":"Large Slime","floor":11,"turns":4},{"damage":10,"enemies":"Exordium Wildlife","floor":13,"turns":4},{"damage":14,"enemies":"Slime Boss","floor":16,"turns":8},{"damage":7,"enemies":"Chosen","floor":18,"turns":4},{"damage":7,"enemies":"3 Byrds","floor":22,"turns":4},{"damage":22,"enemies":"Snecko","floor":25,"turns":5},{"damage":26,"enemies":"Book of Stabbing","floor":28,"turns":6},{"damage":14,"enemies":"Snake Plant","floor":30,"turns":3},{"damage":37,"enemies":"Gremlin Leader","floor":31,"turns":6},{"damage":21,"enemies":"Collector","floor":33,"turns":8},{"damage":1,"enemies":"3 Shapes","floor":35,"turns":5},{"damage":6,"enemies":"Orb Walker","floor":37,"turns":2},{"damage":36,"enemies":"Maw","floor":44,"turns":7},{"damage":17,"enemies":"Sphere and 2 Shapes","floor":46,"turns":5},{"damage":37,"enemies":"Reptomancer","floor":48,"turns":5},{"damage":39,"enemies":"Donu and Deca","floor":50,"turns":8}],"seed_played":"7819408153066071761","potions_obtained":[{"floor":2,"key":"Strength Potion"},{"floor":4,"key":"SpeedPotion"},{"floor":11,"key":"Regen Potion"},{"floor":13,"key":"Weak Potion"},{"floor":28,"key":"BloodPotion"},{"floor":31,"key":"Regen Potion"},{"floor":37,"key":"PowerPotion"},{"floor":44,"key":"SteroidPotion"}],"is_trial":false,"path_per_floor":["M","M","$","M","M","R","M","R","T","M","M","R","M","$","R","B",null,"M","$","?","$","M","R","?","M","T","R","E","R","M","E","R","B",null,"M","T","M","?","?","R","?","R","T","M","R","M","$","M","R","B"],"character_chosen":"IRONCLAD","items_purchased":["Wild Strike","Power Through","Medical Kit","Shrug It Off","Heavy Blade","Blood Vial","Omamori"],"campfire_rested":4,"item_purchase_floors":[3,21,47,47,47,47,47],"current_hp_per_floor":[80,80,80,80,80,80,80,80,80,80,75,75,80,80,80,72,80,79,79,63,63,62,62,30,14,14,38,18,42,42,11,35,35,80,80,80,80,80,70,80,80,80,80,50,65,54,54,25,64,33],"gold":123,"neow_bonus":"ONE_RANDOM_RARE_CARD","is_prod":false,"is_daily":false,"chose_seed":false,"campfire_upgraded":8,"win_rate":0,"timestamp":1539416054,"path_taken":["M","M","$","M","M","R","M","R","T","M","M","R","M","$","R","BOSS","M","$","?","$","M","R","?","M","T","R","E","R","?","E","R","BOSS","M","?","?","?","?","R","?","R","T","M","R","?","$","M","R","BOSS"],"build_version":"2018-10-11","purchased_purges":3,"victory":true,"max_hp_per_floor":[80,80,80,80,80,80,80,80,80,80,80,80,80,80,80,80,80,80,80,80,80,80,80,80,80,80,80,80,80,80,80,80,80,80,80,80,80,80,80,80,80,80,80,80,80,80,80,80,80,80],"card_choices":[{"not_picked":["Anger","Sentinel"],"picked":"Wild Strike","floor":1},{"not_picked":["Fire Breathing","Body Slam"],"picked":"Ghostly Armor","floor":2},{"not_picked":["Body Slam","Headbutt"],"picked":"Iron Wave","floor":4},{"not_picked":["Rampage","Uppercut"],"picked":"Wild Strike","floor":5},{"not_picked":["Clothesline","Flex"],"picked":"Armaments","floor":7},{"not_picked":["Anger","Armaments","Havoc"],"picked":"SKIP","floor":10},{"not_picked":["Spot Weakness","Clash"],"picked":"Dark Embrace","floor":11},{"not_picked":["Wild Strike","Armaments"],"picked":"Evolve","floor":13},{"not_picked":["Juggernaut","Berserk"],"picked":"Fiend Fire","floor":16},{"not_picked":["Warcry","Sword Boomerang+1","Havoc+1"],"picked":"SKIP","floor":18},{"not_picked":["Havoc+1","Armaments","Clash+1"],"picked":"SKIP","floor":22},{"not_picked":["Twin Strike","Flex"],"picked":"Metallicize+1","floor":25},{"not_picked":["Clash","Carnage"],"picked":"Infernal Blade+1","floor":28},{"not_picked":["Rage","Flex"],"picked":"Demon Form","floor":30},{"not_picked":["Clash","Spot Weakness"],"picked":"Offering","floor":31},{"not_picked":["Dark Embrace","Reaper"],"picked":"Exhume","floor":33},{"not_picked":["Twin Strike+1","Cleave+1"],"picked":"True Grit+1","floor":35},{"not_picked":["Combust+1","Armaments"],"picked":"Shrug It Off+1","floor":37},{"not_picked":["Pummel+1","Wild Strike+1","Pommel Strike"],"picked":"SKIP","floor":44},{"not_picked":["Hemokinesis","Flame Barrier"],"picked":"True Grit","floor":46},{"not_picked":["Warcry","Whirlwind","Clothesline+1"],"picked":"SKIP","floor":48}],"player_experience":395002,"relics_obtained":[{"floor":9,"key":"Mummified Hand"},{"floor":20,"key":"Enchiridion"},{"floor":26,"key":"Happy Flower"},{"floor":28,"key":"MawBank"},{"floor":31,"key":"Du-Vu Doll"},{"floor":36,"key":"Mercury Hourglass"},{"floor":43,"key":"Anchor"}],"event_choices":[{"event_name":"Cursed Tome","player_choice":"Obtained Book","floor":20,"damage_taken":0},{"event_name":"Knowing Skull","player_choice":"GOLD GOLD GOLD ","floor":24,"damage_taken":0},{"event_name":"Tomb of Lord Red Mask","player_choice":"Ignored","floor":38,"damage_taken":0},{"event_name":"Winding Halls","player_choice":"Embrace Madness","floor":39,"damage_taken":0},{"event_name":"Falling","player_choice":"Removed Skill","floor":41,"damage_taken":0}],"is_beta":false,"boss_relics":[{"not_picked":["Calling Bell","Runic Cube"],"picked":"Mark of Pain"},{"not_picked":["Astrolabe","Fusion Hammer"],"picked":"Eternal Feather"}],"items_purged_floors":[3,19,47],"is_endless":false,"potions_floor_spawned":[2,4,11,13,28,31,37,44],"ascension_level":2}