{"gold_per_floor":[116,135,150,150,75,102,102,137,137,137,149,164,164,64,64,165,165,184,204,0,0,0,0,0,0,53,53,152,172,192,209,209,209],"floor_reached":33,"playtime":2308,"items_purged":["Defend_R","Defend_R"],"score":255,"play_id":"eb7083a9-bd6c-4397-b694-ec14d81cd747","local_time":"20190504034826","is_ascension_mode":false,"campfire_choices":[{"floor":7,"key":"REST"},{"data":"Twin Strike","floor":10,"key":"SMITH"},{"data":"Iron Wave","floor":13,"key":"SMITH"},{"data":"Clash","floor":15,"key":"SMITH"},{"floor":23,"key":"REST"},{"data":"J.A.X.","floor":25,"key":"SMITH"},{"data":"Twin Strike","floor":27,"key":"SMITH"},{"data":"Perfected Strike","floor":32,"key":"SMITH"}],"neow_cost":"NONE","seed_source_timestamp":116216519938983,"circlet_count":0,"master_deck":["Strike_R+1","Strike_R+1","Strike_R","Strike_R","Strike_R","Defend_R","Defend_R","Bash","Twin Strike+1","Clash+1","True Grit","Twin Strike+1","Iron Wave+1","Shrug It Off","Pommel Strike","J.A.X.+1","Clash","Shrug It Off","Perfected Strike+1"],"relics":["Burning Blood","Whetstone","Bronze Scales","Thread and Needle","Shuriken","Black Star","Membership Card","Potion Belt"],"potions_floor_usage":[8,16,16,33,33],"damage_taken":[{"damage":0,"enemies":"Small Slimes","floor":1,"turns":2},{"damage":1,"enemies":"Cultist","floor":2,"turns":3},{"damage":6,"enemies":"Jaw Worm","floor":3,"turns":2},{"damage":36,"enemies":"3 Sentries","floor":6,"turns":10},{"damage":14,"enemies":"Gremlin Nob","floor":8,"turns":3},{"damage":7,"enemies":"Large Slime","floor":11,"turns":2},{"damage":0,"enemies":"Looter","floor":12,"turns":2},{"damage":22,"enemies":"Hexaghost","floor":16,"turns":8},{"damage":6,"enemies":"3 Byrds","floor":18,"turns":4},{"damage":17,"enemies":"2 Thieves","floor":19,"turns":3},{"damage":16,"enemies":"Colosseum Slavers","floor":21,"turns":6},{"damage":6,"enemies":"Centurion and Healer","floor":29,"turns":5},{"damage":3,"enemies":"Cultist and Chosen","floor":30,"turns":5},{"damage":17,"enemies":"Snake Plant","floor":31,"turns":3},{"damage":80,"enemies":"Champ","floor":33,"turns":6}],"seed_played":"1404800567886847793","potions_obtained":[{"floor":3,"key":"Energy Potion"},{"floor":8,"key":"SteroidPotion"},{"floor":11,"key":"Fire Potion"},{"floor":19,"key":"Explosive Potion"},{"floor":31,"key":"Energy Potion"}],"is_trial":false,"path_per_floor":["M","M","M","?","$","E","R","E","T","R","M","M","R","$","R","B",null,"M","M","$","?","?","R","$","R","T","R","?","M","M","M","R","B"],"character_chosen":"IRONCLAD","items_purchased":["Membership Card"],"campfire_rested":2,"item_purchase_floors":[20],"current_hp_per_floor":[80,80,80,80,80,50,74,66,66,66,65,71,71,71,71,55,80,80,69,69,59,59,80,80,80,80,80,80,80,80,69,69,0],"gold":209,"neow_bonus":"RANDOM_COMMON_RELIC","is_prod":false,"is_daily":false,"chose_seed":false,"campfire_upgraded":6,"win_rate":0,"timestamp":1556959706,"path_taken":["M","M","M","?","$","E","R","E","T","R","?","M","R","$","R","BOSS","M","M","$","?","?","R","$","R","T","R","?","M","M","M","R","BOSS"],"build_version":"2019-01-23","purchased_purges":2,"victory":false,"max_hp_per_floor":[80,80,80,80,80,80,80,80,80,80,80,80,80,80,80,80,80,80,80,80,80,80,80,80,80,80,80,80,80,80,80,80,80],"card_choices":[{"not_picked":["Whirlwind","Rupture"],"picked":"Twin Strike","floor":1},{"not_picked":["Headbutt","Blood for Blood"],"picked":"Clash","floor":2},{"not_picked":["Dropkick","Metallicize"],"picked":"True Grit","floor":3},{"not_picked":["Fire Breathing","Heavy Blade"],"picked":"Twin Strike","floor":6},{"not_picked":["Disarm","Havoc","Dropkick"],"picked":"SKIP","floor":8},{"not_picked":["Metallicize","Shrug It Off"],"picked":"Iron Wave","floor":11},{"not_picked":["Demon Form","Carnage","Havoc"],"picked":"SKIP","floor":12},{"not_picked":["Sever Soul+1","Searing Blow"],"picked":"Shrug It Off","floor":18},{"not_picked":["Sword Boomerang+1","Body Slam"],"picked":"Pommel Strike","floor":19},{"not_picked":["Headbutt","Disarm"],"picked":"Clash","floor":29},{"not_picked":["Combust+1","Clothesline+1"],"picked":"Shrug It Off","floor":30},{"not_picked":["Clothesline","Wild Strike+1"],"picked":"Perfected Strike","floor":31}],"player_experience":459612,"relics_obtained":[{"floor":6,"key":"Bronze Scales"},{"floor":8,"key":"Thread and Needle"},{"floor":9,"key":"Shuriken"},{"floor":26,"key":"Potion Belt"}],"event_choices":[{"damage_healed":0,"gold_gain":0,"player_choice":"Bought 0 Potions","damage_taken":0,"max_hp_gain":0,"max_hp_loss":0,"event_name":"The Woman in Blue","floor":4,"gold_loss":0},{"damage_healed":0,"gold_gain":0,"player_choice":"Fight","damage_taken":0,"max_hp_gain":0,"max_hp_loss":0,"event_name":"Colosseum","floor":21,"gold_loss":0},{"damage_healed":0,"gold_gain":0,"player_choice":"Fled From Nobs","damage_taken":0,"max_hp_gain":0,"max_hp_loss":0,"event_name":"Colosseum","floor":21,"gold_loss":0},{"damage_healed":0,"gold_gain":0,"player_choice":"Obtain J.A.X.","damage_taken":0,"max_hp_gain":0,"max_hp_loss":0,"event_name":"Drug Dealer","floor":22,"gold_loss":0,"cards_obtained":["J.A.X."]},{"damage_healed":0,"gold_gain":99,"player_choice":"Stole From Cult","damage_taken":0,"max_hp_gain":0,"max_hp_loss":0,"event_name":"Nest","floor":28,"gold_loss":0}],"is_beta":false,"boss_relics":[{"not_picked":["Runic Cube","Runic Dome"],"picked":"Black Star"}],"items_purged_floors":[5,14],"is_endless":false,"potions_floor_spawned":[3,8,11,19,31],"killed_by":"Champ","ascension_level":0}