{"gold_per_floor":[114,114,46,46,46,80,100,114,137,137,156,186,186,186,186,264,264,280,296,316,30,46,46,46],"floor_reached":24,"playtime":1243,"items_purged":[],"score":393,"play_id":"6b8b2ec6-bd0c-49b7-902b-37a05fe3f26a","local_time":"20190517212430","is_ascension_mode":true,"campfire_choices":[{"data":"Well Laid Plans","floor":10,"key":"SMITH"},{"floor":13,"key":"REST"},{"floor":15,"key":"REST"},{"floor":23,"key":"REST"}],"neow_cost":"NONE","seed_source_timestamp":2772392293081151,"circlet_count":0,"master_deck":["AscendersBane","Defend_G","Defend_G","Defend_G","Defend_G+1","Defend_G+1","Strike_G+1","Strike_G+1","Strike_G","Strike_G","Survivor","Neutralize+1","PiercingWail+1","Well Laid Plans+1","Flying Knee","Dodge and Roll","Die Die Die","Flying Knee","Corpse Explosion","Terror","PiercingWail","Dagger Spray"],"relics":["Ring of the Snake","NeowsBlessing","War Paint","Kunai","Whetstone","Question Card","Velvet Choker","WingedGreaves"],"potions_floor_usage":[11,19,24,24],"damage_taken":[{"damage":0,"enemies":"Jaw Worm","floor":1,"turns":1},{"damage":0,"enemies":"Gremlin Nob","floor":6,"turns":1},{"damage":0,"enemies":"Small Slimes","floor":7,"turns":1},{"damage":7,"enemies":"2 Louse","floor":8,"turns":3},{"damage":0,"enemies":"Lots of Slimes","floor":11,"turns":3},{"damage":14,"enemies":"Lagavulin","floor":12,"turns":8},{"damage":62,"enemies":"Slime Boss","floor":16,"turns":26},{"damage":12,"enemies":"Spheric Guardian","floor":18,"turns":6},{"damage":6,"enemies":"2 Thieves","floor":19,"turns":3},{"damage":3,"enemies":"Centurion and Healer","floor":20,"turns":7},{"damage":10,"enemies":"Shelled Parasite and Fungi","floor":22,"turns":6},{"damage":45,"enemies":"Book of Stabbing","floor":24,"turns":6}],"seed_played":"-404362006392753294","potions_obtained":[{"floor":6,"key":"Explosive Potion"},{"floor":7,"key":"Energy Potion"},{"floor":16,"key":"Weak Potion"},{"floor":19,"key":"Poison Potion"}],"is_trial":false,"path_per_floor":["M","?","$","?","?","E","M","M","T","R","M","E","R","?","R","B",null,"M","M","M","$","M","R","E"],"character_chosen":"THE_SILENT","items_purchased":["Well Laid Plans","WingedGreaves"],"campfire_rested":3,"item_purchase_floors":[3,21],"current_hp_per_floor":[59,64,64,50,47,47,47,40,40,40,40,26,47,47,68,6,55,43,37,34,34,24,45,0],"gold":46,"neow_bonus":"THREE_ENEMY_KILL","is_prod":false,"is_daily":false,"chose_seed":false,"campfire_upgraded":1,"win_rate":0,"timestamp":1558085070,"path_taken":["M","?","$","?","?","E","M","M","T","R","M","E","R","?","R","BOSS","M","?","M","$","M","R","E"],"build_version":"2019-01-23","purchased_purges":0,"victory":false,"max_hp_per_floor":[66,71,71,71,71,71,71,71,71,71,71,71,71,71,71,71,71,71,71,71,71,71,71,71],"card_choices":[{"not_picked":["Dagger Throw","Reflex"],"picked":"PiercingWail","floor":1},{"not_picked":["Cloak And Dagger","Prepared"],"picked":"Flying Knee","floor":6},{"not_picked":["Blade Dance","Bane","Eviscerate"],"picked":"SKIP","floor":7},{"not_picked":["Caltrops","Burst"],"picked":"Dodge and Roll","floor":8},{"not_picked":["Underhanded Strike","Slice"],"picked":"Die Die Die","floor":11},{"not_picked":["Flechettes","Concentrate","Riddle With Holes"],"picked":"SKIP","floor":12},{"not_picked":["Die Die Die","Phantasmal Killer","Bullet Time"],"picked":"Corpse Explosion","floor":16},{"not_picked":["Bane+1","Dagger Throw","Underhanded Strike"],"picked":"Terror","floor":18},{"not_picked":["Outmaneuver","Finisher+1","Flying Knee"],"picked":"PiercingWail","floor":19},{"not_picked":["PiercingWail+1","Dagger Throw","Quick Slash"],"picked":"Dagger Spray","floor":20},{"not_picked":["Choke","Predator","Setup","Reflex"],"picked":"SKIP","floor":22}],"player_experience":288653,"relics_obtained":[{"floor":6,"key":"Kunai"},{"floor":9,"key":"Whetstone"},{"floor":12,"key":"Question Card"}],"event_choices":[{"damage_healed":0,"gold_gain":0,"player_choice":"Donut","damage_taken":0,"max_hp_gain":5,"max_hp_loss":0,"event_name":"Big Fish","floor":2,"gold_loss":0},{"damage_healed":0,"gold_gain":0,"player_choice":"Entered Light","damage_taken":14,"max_hp_gain":0,"max_hp_loss":0,"event_name":"Shining Light","floor":4,"gold_loss":0,"cards_upgraded":["Defend_G","Neutralize"]},{"damage_healed":0,"gold_gain":0,"player_choice":"Success","damage_taken":3,"relics_obtained":["War Paint"],"max_hp_gain":0,"max_hp_loss":0,"event_name":"Scrap Ooze","floor":5,"gold_loss":0},{"damage_healed":0,"gold_gain":0,"cards_transformed":["Strike_G"],"player_choice":"Transformed","damage_taken":0,"max_hp_gain":0,"max_hp_loss":0,"event_name":"Transmorgrifier","floor":14,"gold_loss":0,"cards_obtained":["Flying Knee"]}],"is_beta":false,"boss_relics":[{"not_picked":["Runic Pyramid","Ring of the Serpent"],"picked":"Velvet Choker"}],"items_purged_floors":[],"is_endless":false,"potions_floor_spawned":[6,7,16,19],"killed_by":"Book of Stabbing","ascension_level":14}