{"gold_per_floor":[109,109,119,44,44,44,71,84,133,133,148,148,179,199,199,295,295,313,313,313,323,13,13,47,47,47,47,58,58,72,82,82,180,180,192,209,209,219,235,235,135,153,153,153,166,166,186,61,61,61],"floor_reached":51,"playtime":2925,"items_purged":["Defend_G","Writhe","Defend_G+1"],"score":906,"play_id":"1d343241-011b-4d46-bfcd-82d20e912b14","local_time":"20181002061625","is_ascension_mode":true,"campfire_choices":[{"data":"Backflip","floor":6,"key":"SMITH"},{"data":"Dagger Spray","floor":10,"key":"SMITH"},{"data":"Infinite Blades","floor":12,"key":"SMITH"},{"floor":15,"key":"REST"},{"data":"Bullet Time","floor":23,"key":"SMITH"},{"data":"Wraith Form v2","floor":25,"key":"SMITH"},{"data":"Cloak And Dagger","floor":27,"key":"SMITH"},{"data":"Flechettes","floor":29,"key":"SMITH"},{"data":"All Out Attack","floor":32,"key":"SMITH"},{"data":"Finisher","floor":40,"key":"SMITH"},{"data":"Backflip","floor":44,"key":"SMITH"},{"data":"Burst","floor":46,"key":"SMITH"},{"data":"Survivor","floor":49,"key":"SMITH"}],"neow_cost":"NONE","seed_source_timestamp":1380297960009306,"circlet_count":0,"master_deck":["Defend_G+1","Defend_G+1","Defend_G+1","Strike_G+1","Strike_G+1","Strike_G+1","Strike_G+1","Survivor+1","Neutralize+1","Backflip+1","All Out Attack+1","Dagger Spray+1","Infinite Blades+1","Bullet Time+1","Cloak And Dagger+1","Flechettes+1","Wraith Form v2+1","Well Laid Plans+1","Backflip+1","PiercingWail","Burst+1","Finisher+1","Cloak And Dagger+1","Accuracy+1"],"relics":["Ring of the Snake","Lantern","Bag of Marbles","Dream Catcher","Potion Belt","Eternal Feather","Shuriken","Happy Flower","Pantograph","White Beast Statue","Omamori"],"potions_floor_usage":[7,11,16,33,33,35,36,38,38,39,45,47,50,50],"damage_taken":[{"damage":0,"enemies":"Jaw Worm","floor":1,"turns":6},{"damage":0,"enemies":"Cultist","floor":3,"turns":5},{"damage":18,"enemies":"Gremlin Nob","floor":7,"turns":5},{"damage":0,"enemies":"2 Louse","floor":8,"turns":2},{"damage":0,"enemies":"Large Slime","floor":11,"turns":4},{"damage":16,"enemies":"Lagavulin","floor":13,"turns":6},{"damage":3,"enemies":"Blue Slaver","floor":14,"turns":2},{"damage":29,"enemies":"The Guardian","floor":16,"turns":16},{"damage":1,"enemies":"Chosen","floor":18,"turns":5},{"damage":0,"enemies":"3 Byrds","floor":21,"turns":3},{"damage":4,"enemies":"Book of Stabbing","floor":24,"turns":6},{"damage":0,"enemies":"3 Cultists","floor":28,"turns":4},{"damage":0,"enemies":"Centurion and Healer","floor":30,"turns":4},{"damage":10,"enemies":"Chosen and Byrds","floor":31,"turns":6},{"damage":13,"enemies":"Champ","floor":33,"turns":8},{"damage":32,"enemies":"3 Shapes","floor":35,"turns":4},{"damage":6,"enemies":"Orb Walker","floor":36,"turns":2},{"damage":3,"enemies":"3 Darklings","floor":38,"turns":3},{"damage":16,"enemies":"Transient","floor":39,"turns":5},{"damage":3,"enemies":"Sphere and 2 Shapes","floor":42,"turns":4},{"damage":2,"enemies":"Maw","floor":45,"turns":7},{"damage":8,"enemies":"4 Shapes","floor":47,"turns":3},{"damage":55,"enemies":"Awakened One","floor":50,"turns":10}],"seed_played":"2108432480628483841","potions_obtained":[{"floor":3,"key":"Fire Potion"},{"floor":7,"key":"Regen Potion"},{"floor":13,"key":"SteroidPotion"},{"floor":16,"key":"Swift Potion"},{"floor":21,"key":"SteroidPotion"},{"floor":28,"key":"Strength Potion"},{"floor":31,"key":"Ancient Potion"},{"floor":35,"key":"Dexterity Potion"},{"floor":36,"key":"SteroidPotion"},{"floor":38,"key":"Energy Potion"},{"floor":39,"key":"EssenceOfSteel"},{"floor":42,"key":"Regen Potion"},{"floor":45,"key":"Strength Potion"},{"floor":47,"key":"GhostInAJar"}],"is_trial":false,"path_per_floor":["M","?","M","$","?","R","E","M","T","R","M","R","E","M","R","B",null,"M","?","?","M","$","R","E","R","T","R","M","R","M","M","R","B",null,"M","M","?","M","M","R","$","M","T","R","M","R","M","$","R","B"],"character_chosen":"THE_SILENT","items_purchased":["Shuriken","Backflip"],"campfire_rested":1,"item_purchase_floors":[22,22],"current_hp_per_floor":[63,63,63,63,63,63,45,45,45,45,57,57,41,38,59,30,60,59,70,70,70,70,70,66,70,70,70,70,70,70,60,70,57,67,35,29,47,44,28,40,40,37,37,49,62,70,62,62,70,15],"gold":61,"neow_bonus":"RANDOM_COMMON_RELIC","is_prod":false,"is_daily":false,"chose_seed":false,"campfire_upgraded":12,"win_rate":0,"timestamp":1538428585,"path_taken":["M","?","M","?","?","R","E","?","T","R","M","R","E","M","R","BOSS","M","?","?","M","$","R","E","R","T","R","M","R","M","M","R","BOSS","M","M","?","M","M","R","$","M","T","R","M","R","?","?","R","BOSS"],"build_version":"2018-09-27","purchased_purges":3,"victory":true,"max_hp_per_floor":[70,70,70,70,70,70,70,70,70,70,70,70,70,70,70,70,70,70,70,70,70,70,70,70,70,70,70,70,70,70,70,70,70,70,70,70,70,70,70,70,70,70,70,70,70,70,70,70,70,70],"card_choices":[{"not_picked":["Deadly Poison","Prepared","Dagger Throw"],"picked":"SKIP","floor":1},{"not_picked":["Distraction","Expertise"],"picked":"Backflip","floor":3},{"not_picked":["Masterful Stab","Prepared"],"picked":"All Out Attack","floor":7},{"not_picked":["PiercingWail","Deadly Poison"],"picked":"Dagger Spray","floor":8},{"not_picked":["Underhanded Strike","Flying Knee"],"picked":"Infinite Blades","floor":11},{"not_picked":["Expertise","Wraith Form v2"],"picked":"Bullet Time","floor":13},{"not_picked":["Flying Knee","Terror"],"picked":"Cloak And Dagger","floor":14},{"not_picked":["Slice","Sucker Punch"],"picked":"Flechettes","floor":15},{"not_picked":["Malaise","Unload"],"picked":"Wraith Form v2","floor":16},{"not_picked":["Deflect","Prepared+1"],"picked":"Well Laid Plans+1","floor":18},{"not_picked":["Bane+1","Sucker Punch","Poisoned Stab"],"picked":"SKIP","floor":21},{"not_picked":["Underhanded Strike+1","Outmaneuver+1"],"picked":"PiercingWail","floor":24},{"not_picked":["Deadly Poison","Outmaneuver+1","Caltrops"],"picked":"SKIP","floor":28},{"not_picked":["Outmaneuver+1","Heel Hook","Acrobatics"],"picked":"SKIP","floor":30},{"not_picked":["Caltrops","Bane","Outmaneuver"],"picked":"SKIP","floor":31},{"not_picked":["Doppelganger","Glass Knife"],"picked":"Burst","floor":33},{"not_picked":["Slice+1","Deadly Poison","Underhanded Strike+1"],"picked":"SKIP","floor":35},{"not_picked":["Dodge and Roll","Backflip+1","Flying Knee+1"],"picked":"SKIP","floor":36},{"not_picked":["Acrobatics","Bouncing Flask"],"picked":"Finisher","floor":38},{"not_picked":["Underhanded Strike","Deadly Poison","Slice"],"picked":"SKIP","floor":39},{"not_picked":["Bane","Calculated Gamble"],"picked":"Cloak And Dagger+1","floor":42},{"not_picked":["Crippling Poison","Setup+1"],"picked":"Accuracy+1","floor":45},{"not_picked":["All Out Attack+1","Heel Hook","Blur+1"],"picked":"SKIP","floor":47}],"player_experience":342862,"relics_obtained":[{"floor":7,"key":"Bag of Marbles"},{"floor":9,"key":"Dream Catcher"},{"floor":13,"key":"Potion Belt"},{"floor":24,"key":"Happy Flower"},{"floor":26,"key":"Pantograph"},{"floor":43,"key":"Omamori"}],"event_choices":[{"event_name":"Purifier","player_choice":"One Purge","floor":2,"damage_taken":0},{"event_name":"Living Wall","player_choice":"Grow","floor":5,"damage_taken":0},{"event_name":"The Library","player_choice":"Heal","floor":19,"damage_taken":0},{"event_name":"Back to Basics","player_choice":"Simplicity","floor":20,"damage_taken":0},{"event_name":"Winding Halls","player_choice":"Writhe","floor":37,"damage_taken":0}],"is_beta":false,"boss_relics":[{"not_picked":["Ring of the Serpent","Busted Crown"],"picked":"Eternal Feather"},{"not_picked":["Astrolabe","Runic Dome"],"picked":"White Beast Statue"}],"items_purged_floors":[4,41,48],"is_endless":false,"potions_floor_spawned":[3,7,13,16,21,28,31,35,36,38,39,42,45,47],"ascension_level":8}