{"gold_per_floor":[217,237,255,105,117,117,128,128,179,236,236,265,285,301,301,402,402,416,416,445,96,114,145,145,160,160,160,173,123,123,171,171,171],"floor_reached":33,"playtime":2774,"items_purged":["Strike_R","Strike_R","Defend_R"],"score":317,"play_id":"9f736d8f-be0e-403b-8d2a-bc08fa4f8faa","local_time":"20180707185811","is_ascension_mode":false,"campfire_choices":[{"data":"Armaments","floor":6,"key":"SMITH"},{"data":"Rampage","floor":11,"key":"SMITH"},{"data":"Shrug It Off","floor":15,"key":"SMITH"},{"data":"Metallicize","floor":24,"key":"SMITH"},{"data":"Feed","floor":27,"key":"SMITH"},{"floor":30,"key":"REST"},{"data":"Dropkick","floor":32,"key":"SMITH"}],"neow_cost":"NONE","seed_source_timestamp":75949579403477,"circlet_count":0,"master_deck":["Strike_R","Strike_R","Strike_R","Defend_R","Defend_R","Defend_R","Bash","Dropkick+1","Headbutt","Armaments+1","Rampage+1","Metallicize+1","Feed+1","Shrug It Off+1","Clothesline+1","Dark Shackles","Headbutt+1","Infernal Blade+1","Thunderclap+1"],"relics":["Black Blood","Dodecahedron","Dream Catcher","Orichalcum","Smiling Mask","Red Mask","TwistedFunnel","Pantograph","Meat on the Bone","Bag of Marbles"],"potions_floor_usage":[5,16,16,16,20,33,33],"damage_taken":[{"damage":8,"enemies":"Cultist","floor":1,"turns":5},{"damage":6,"enemies":"2 Louse","floor":2,"turns":3},{"damage":7,"enemies":"Small Slimes","floor":3,"turns":3},{"damage":8,"enemies":"Exordium Thugs","floor":5,"turns":6},{"damage":1,"enemies":"2 Fungi Beasts","floor":7,"turns":4},{"damage":13,"enemies":"Lagavulin Event","floor":10,"turns":5},{"damage":0,"enemies":"Gremlin Nob","floor":12,"turns":5},{"damage":2,"enemies":"Looter","floor":13,"turns":3},{"damage":0,"enemies":"Exordium Wildlife","floor":14,"turns":3},{"damage":42,"enemies":"Hexaghost","floor":16,"turns":9},{"damage":19,"enemies":"3 Byrds","floor":18,"turns":8},{"damage":33,"floor":20,"turns":6},{"damage":0,"enemies":"Chosen","floor":22,"turns":5},{"damage":13,"enemies":"Slavers","floor":23,"turns":6},{"damage":8,"enemies":"Snake Plant","floor":25,"turns":8},{"damage":24,"enemies":"Snecko","floor":28,"turns":7},{"damage":124,"enemies":"Automaton","floor":33,"turns":12}],"seed_played":"7101632670369903280","potions_obtained":[{"floor":1,"key":"EssenceOfSteel"},{"floor":2,"key":"PowerPotion"},{"floor":5,"key":"Ancient Potion"},{"floor":12,"key":"SpeedPotion"},{"floor":14,"key":"Swift Potion"},{"floor":18,"key":"SkillPotion"},{"floor":22,"key":"AttackPotion"},{"floor":25,"key":"AttackPotion"}],"is_trial":false,"path_per_floor":["M","M","M","$","M","R","M","T","T","?","R","E","M","M","R","B",null,"M","?","?","$","M","E","R","M","T","R","M","$","R","T","R"],"character_chosen":"IRONCLAD","items_purchased":["Rampage","Dark Shackles","TwistedFunnel"],"campfire_rested":1,"item_purchase_floors":[4,21,21],"current_hp_per_floor":[78,78,77,77,75,75,80,80,80,73,73,79,80,83,83,47,83,77,60,41,41,54,54,54,60,60,60,62,62,94,94,94,0],"gold":171,"neow_bonus":"HUNDRED_GOLD","is_prod":false,"is_daily":false,"chose_seed":false,"campfire_upgraded":6,"win_rate":0.0,"timestamp":1530957491,"path_taken":["M","M","M","$","M","R","M","?","T","?","R","E","M","M","R","BOSS","M","?","?","$","M","E","R","?","T","R","M","$","R","?","R","BOSS"],"build_version":"2018-07-05","purchased_purges":3,"victory":false,"max_hp_per_floor":[80,80,80,80,80,80,80,80,80,80,80,80,80,83,83,83,83,86,91,95,95,98,101,101,105,105,105,109,109,109,109,109,109],"card_choices":[{"not_picked":["Seeing Red","Carnage"],"picked":"Dropkick","floor":1},{"not_picked":["Second Wind","Perfected Strike"],"picked":"Headbutt","floor":2},{"not_picked":["Sword Boomerang","Iron Wave"],"picked":"Armaments","floor":3},{"not_picked":["Intimidate","Sever Soul","Heavy Blade"],"picked":"SKIP","floor":5},{"not_picked":["Searing Blow","Clash","Battle Trance"],"picked":"SKIP","floor":7},{"not_picked":["Flame Barrier","Pommel Strike"],"picked":"Metallicize","floor":10},{"not_picked":["Warcry","Cleave"],"picked":"Feed","floor":12},{"not_picked":["Clash","Sword Boomerang"],"picked":"Shrug It Off","floor":13},{"not_picked":["Entrench","Sword Boomerang","Seeing Red"],"picked":"SKIP","floor":14},{"not_picked":["Sword Boomerang","Searing Blow"],"picked":"Clothesline+1","floor":18},{"not_picked":["Iron Wave","Feed"],"picked":"Headbutt+1","floor":22},{"not_picked":["Perfected Strike","Berserk","Heavy Blade"],"picked":"SKIP","floor":23},{"not_picked":["Thunderclap","Reckless Charge"],"picked":"Infernal Blade+1","floor":25},{"not_picked":["Cleave","Battle Trance","Warcry"],"picked":"SKIP","floor":28},{"not_picked":["Inflame","Dropkick"],"picked":"Thunderclap+1","floor":30}],"player_experience":46353,"relics_obtained":[{"floor":8,"key":"Dodecahedron"},{"floor":9,"key":"Dream Catcher"},{"floor":10,"key":"Orichalcum"},{"floor":12,"key":"Smiling Mask"},{"floor":20,"key":"Red Mask"},{"floor":23,"key":"Pantograph"},{"floor":26,"key":"Meat on the Bone"},{"floor":31,"key":"Bag of Marbles"}],"event_choices":[{"event_name":"Dead Adventurer","player_choice":"Searched \u00271\u0027 times","floor":10,"damage_taken":0},{"event_name":"Forgotten Altar","player_choice":"Shed Blood","floor":19,"damage_taken":0},{"event_name":"Masked Bandits","player_choice":"Fought over 416 gold","floor":20,"damage_taken":0}],"boss_relics":[{"not_picked":["Fusion Hammer","Cursed Key"],"picked":"Black Blood"}],"items_purged_floors":[4,21,29],"is_endless":false,"potions_floor_spawned":[1,2,5,12,13,14,18,22,25],"killed_by":"Automaton","ascension_level":0}