{"gold_per_floor":[118,136,154,173,191,191,191,217,217,245,245,245,259,278,278,382,382,392,14,25,25,25,25],"floor_reached":23,"playtime":1059,"items_purged":["Injury"],"score":203,"play_id":"517b3990-e207-4dad-8da0-6b7b9f3f2682","local_time":"20190420160931","is_ascension_mode":false,"campfire_choices":[{"data":"Defragment","floor":6,"key":"SMITH"},{"floor":11,"key":"REST"},{"floor":15,"key":"REST"}],"neow_cost":"CURSE","seed_source_timestamp":420876316496833,"circlet_count":0,"master_deck":["Strike_B","Strike_B","Strike_B","Strike_B","Defend_B","Defend_B","Defend_B","Defend_B","Zap","Dualcast","Good Instincts","Mayhem","Defragment+1","Cold Snap","BootSequence","Redo","Redo","Parasite","Double Energy","Leap","Chill","Turbo","Buffer","Cold Snap","Capacitor","White Noise","Steam+1"],"relics":["Cracked Core","Bag of Preparation","Nunchaku","Calipers","GremlinMask","Black Star","Vajra"],"potions_floor_usage":[10,16,23,23],"damage_taken":[{"damage":5,"enemies":"Small Slimes","floor":1,"turns":3},{"damage":6,"enemies":"Jaw Worm","floor":2,"turns":3},{"damage":0,"enemies":"Cultist","floor":3,"turns":3},{"damage":10,"enemies":"3 Louse","floor":4,"turns":3},{"damage":6,"enemies":"Red Slaver","floor":5,"turns":3},{"damage":23,"enemies":"Gremlin Nob","floor":8,"turns":4},{"damage":31,"enemies":"3 Sentries","floor":10,"turns":7},{"damage":0,"enemies":"2 Fungi Beasts","floor":13,"turns":4},{"damage":10,"enemies":"Blue Slaver","floor":14,"turns":3},{"damage":39,"enemies":"Slime Boss","floor":16,"turns":20},{"damage":21,"enemies":"3 Byrds","floor":18,"turns":11},{"damage":6,"enemies":"Spheric Guardian","floor":20,"turns":7},{"damage":35,"enemies":"Slavers","floor":23,"turns":3}],"seed_played":"602531009532308481","potions_obtained":[{"floor":1,"key":"Explosive Potion"},{"floor":4,"key":"EssenceOfSteel"},{"floor":5,"key":"Explosive Potion"},{"floor":8,"key":"Regen Potion"},{"floor":16,"key":"PowerPotion"}],"is_trial":false,"path_per_floor":["M","M","M","M","M","R","?","E","T","E","R","?","M","M","R","B",null,"M","$","M","?","?","E"],"character_chosen":"DEFECT","items_purchased":["Capacitor","White Noise","Vajra"],"campfire_rested":2,"item_purchase_floors":[19,19,19],"current_hp_per_floor":[70,64,64,54,48,48,66,43,43,17,39,39,39,29,51,12,75,54,54,48,48,34,0],"gold":25,"neow_bonus":"RANDOM_COLORLESS_2","is_prod":false,"is_daily":false,"chose_seed":false,"campfire_upgraded":1,"win_rate":0,"timestamp":1555733371,"path_taken":["M","M","M","M","M","R","?","E","T","E","R","?","M","M","R","BOSS","M","$","M","?","?","E"],"build_version":"2019-01-23","purchased_purges":1,"victory":false,"max_hp_per_floor":[75,75,75,75,75,75,75,75,75,75,75,75,75,75,75,75,75,75,75,75,75,80,80],"card_choices":[{"not_picked":["Glacier","Cold Snap"],"picked":"Defragment","floor":1},{"not_picked":["Genetic Algorithm","Coolheaded"],"picked":"Cold Snap","floor":2},{"not_picked":["Rebound","Compile Driver"],"picked":"BootSequence","floor":3},{"not_picked":["Storm","Leap"],"picked":"Redo","floor":4},{"not_picked":["Steam","Stack"],"picked":"Redo","floor":5},{"not_picked":["Beam Cell","Amplify"],"picked":"Double Energy","floor":8},{"not_picked":["Heatsinks","Skim"],"picked":"Leap","floor":10},{"not_picked":["Beam Cell","Streamline"],"picked":"Chill","floor":13},{"not_picked":["Sweeping Beam","Steam Power"],"picked":"Turbo","floor":14},{"not_picked":["Electrodynamics","All For One"],"picked":"Buffer","floor":16},{"not_picked":["Redo","Hologram+1"],"picked":"Cold Snap","floor":18},{"not_picked":["Leap","Hologram"],"picked":"Steam+1","floor":20}],"player_experience":30149,"relics_obtained":[{"floor":8,"key":"Bag of Preparation"},{"floor":9,"key":"Nunchaku"},{"floor":10,"key":"Calipers"}],"event_choices":[{"damage_healed":18,"gold_gain":0,"player_choice":"Healed and dodged fight","damage_taken":0,"max_hp_gain":0,"max_hp_loss":0,"event_name":"Mushrooms","floor":7,"gold_loss":0,"cards_obtained":["Parasite"]},{"damage_healed":0,"gold_gain":0,"player_choice":"Trade","damage_taken":0,"relics_obtained":["GremlinMask"],"max_hp_gain":0,"max_hp_loss":0,"event_name":"FaceTrader","floor":12,"gold_loss":0},{"damage_healed":0,"gold_gain":0,"player_choice":"Ignored","damage_taken":0,"max_hp_gain":0,"max_hp_loss":0,"event_name":"Beggar","floor":21,"gold_loss":0},{"damage_healed":0,"gold_gain":0,"player_choice":"Shed Blood","damage_taken":19,"max_hp_gain":5,"max_hp_loss":0,"event_name":"Forgotten Altar","floor":22,"gold_loss":0}],"is_beta":false,"boss_relics":[{"not_picked":["Coffee Dripper","Runic Pyramid"],"picked":"Black Star"}],"items_purged_floors":[19],"is_endless":false,"potions_floor_spawned":[1,4,5,8,16],"killed_by":"Slavers","ascension_level":0}