{"gold_per_floor":[359,17,27,43,58,58,68,68,68,68,68,79,79,105,105,210,210,227,243,168,180,180,180,80,80,107,107,125,138,152,152,152,254,254,271,287,287,287,287,317,317,337,337,337,8,8,8,28,28,28,28,28,28,54,54],"floor_reached":55,"playtime":2449,"items_purged":["Pain","Defend_B","Writhe"],"score":722,"play_id":"c6d5a3ba-9bed-4ab5-a430-ae93bb8131bc","local_time":"20190424130145","is_ascension_mode":false,"campfire_choices":[{"floor":6,"key":"REST"},{"floor":8,"key":"RECALL"},{"data":"Defragment","floor":10,"key":"SMITH"},{"data":"Capacitor","floor":15,"key":"SMITH"},{"floor":23,"key":"REST"},{"data":"Echo Form","floor":25,"key":"SMITH"},{"data":"Defragment","floor":27,"key":"SMITH"},{"floor":32,"key":"REST"},{"floor":41,"key":"REST"},{"floor":44,"key":"REST"},{"floor":47,"key":"REST"},{"floor":49,"key":"REST"},{"data":"Buffer","floor":52,"key":"SMITH"}],"neow_cost":"PERCENT_DAMAGE","seed_source_timestamp":753815190338319,"circlet_count":0,"master_deck":["Strike_B","Strike_B","Strike_B","Strike_B","Defend_B","Defend_B","Defend_B","Dualcast","Glacier","Capacitor+1","Cold Snap","Chill","Defragment+1","Conserve Battery","Storm","Streamline","Echo Form+1","Defragment+1","Capacitor","Gash","Gash","Steam","Buffer+1","Gash","Loop","Consume+1"],"relics":["Cracked Core","DataDisk","Strawberry","Bottled Lightning","WarpedTongs","Singing Bowl","Orrery","Lizard Tail","Ancient Tea Set","Incense Burner","Runic Capacitor","Frozen Egg 2","Bag of Marbles"],"potions_floor_usage":[40,40,40,54,55],"damage_taken":[{"damage":1,"enemies":"Cultist","floor":1,"turns":3},{"damage":4,"enemies":"Jaw Worm","floor":3,"turns":5},{"damage":0,"enemies":"Small Slimes","floor":4,"turns":3},{"damage":4,"enemies":"3 Louse","floor":5,"turns":4},{"damage":0,"enemies":"Exordium Wildlife","floor":7,"turns":5},{"damage":8,"enemies":"Large Slime","floor":12,"turns":3},{"damage":7,"enemies":"3 Sentries","floor":14,"turns":14},{"damage":17,"enemies":"Hexaghost","floor":16,"turns":11},{"damage":11,"enemies":"Chosen","floor":18,"turns":6},{"damage":9,"enemies":"3 Byrds","floor":19,"turns":6},{"damage":16,"enemies":"Centurion and Healer","floor":21,"turns":8},{"damage":4,"enemies":"Shelled Parasite and Fungi","floor":28,"turns":8},{"damage":19,"enemies":"Snake Plant","floor":29,"turns":6},{"damage":8,"enemies":"3 Cultists","floor":30,"turns":8},{"damage":32,"enemies":"Collector","floor":33,"turns":8},{"damage":12,"enemies":"Orb Walker","floor":35,"turns":6},{"damage":0,"enemies":"3 Shapes","floor":36,"turns":6},{"damage":79,"enemies":"Reptomancer","floor":40,"turns":5},{"damage":42,"enemies":"Spire Growth","floor":42,"turns":7},{"damage":11,"enemies":"Jaw Worm Horde","floor":48,"turns":6},{"damage":85,"enemies":"Time Eater","floor":50,"turns":11},{"damage":36,"enemies":"Shield and Spear","floor":54,"turns":8},{"damage":145,"enemies":"The Heart","floor":55,"turns":14}],"seed_played":"3129054163263003697","potions_obtained":[{"floor":1,"key":"Strength Potion"},{"floor":16,"key":"SteroidPotion"},{"floor":18,"key":"PowerPotion"},{"floor":21,"key":"FocusPotion"},{"floor":35,"key":"EssenceOfSteel"},{"floor":42,"key":"SteroidPotion"},{"floor":48,"key":"Swift Potion"},{"floor":54,"key":"Strength Potion"}],"is_trial":false,"path_per_floor":["M","$","M","M","M","R","M","R","T","R","?","M","?","E","R","B",null,"M","M","$","M","?","R","$","R","T","R","M","M","M","?","R","B",null,"M","M","?","?","?","E","R","M","T","R","$","T","R","M","R","B",null,"R","$","E","B"],"character_chosen":"DEFECT","items_purchased":["Capacitor","DataDisk","Strawberry","Runic Capacitor"],"campfire_rested":7,"item_purchase_floors":[2,2,2,45],"current_hp_per_floor":[53,60,56,56,52,76,76,76,76,76,76,68,73,66,66,49,87,78,71,71,57,57,84,84,84,84,84,82,65,59,59,88,56,99,87,87,83,105,105,28,60,20,20,52,52,52,84,73,105,20,109,109,109,75,0],"gold":54,"neow_bonus":"TWO_FIFTY_GOLD","is_prod":false,"is_daily":false,"chose_seed":false,"campfire_upgraded":5,"win_rate":0,"timestamp":1556067705,"path_taken":["M","$","M","M","?","R","M","R","T","R","?","?","?","E","R","BOSS","M","M","$","M","?","R","?","R","T","R","?","M","M","?","R","BOSS","M","M","?","?","?","E","R","M","T","R","$","?","R","M","R","BOSS","R","$","E","BOSS"],"build_version":"2019-01-23","purchased_purges":3,"victory":false,"max_hp_per_floor":[75,82,82,82,82,82,82,82,82,82,82,82,87,87,87,87,87,89,91,91,93,93,93,93,93,93,93,95,97,99,99,99,99,99,99,99,105,105,105,107,107,109,109,109,109,109,109,109,109,109,109,109,109,111,111],"card_choices":[{"not_picked":["Beam Cell","Sweeping Beam"],"picked":"Glacier","floor":1},{"not_picked":["Leap","Conserve Battery"],"picked":"Cold Snap","floor":3},{"not_picked":["Redo","Rebound"],"picked":"Chill","floor":4},{"not_picked":["All For One","Beam Cell"],"picked":"Defragment","floor":5},{"not_picked":["Steam","Force Field"],"picked":"Conserve Battery","floor":7},{"not_picked":["Steam","Sweeping Beam"],"picked":"Storm","floor":12},{"not_picked":["Ball Lightning","Reprogram"],"picked":"Streamline","floor":14},{"not_picked":["Core Surge","Seek"],"picked":"Echo Form","floor":16},{"not_picked":["Rebound","Rip and Tear"],"picked":"Defragment","floor":17},{"not_picked":["Cold Snap","Streamline"],"picked":"Capacitor","floor":17},{"not_picked":["Go for the Eyes","Compile Driver"],"picked":"Gash","floor":17},{"not_picked":["Coolheaded","Ball Lightning"],"picked":"Gash","floor":17},{"not_picked":["Multi-Cast","Beam Cell"],"picked":"Steam","floor":17},{"not_picked":["Barrage","Beam Cell+1","Leap"],"picked":"Singing Bowl","floor":18},{"not_picked":["Hologram","Stack","Redo"],"picked":"Singing Bowl","floor":19},{"not_picked":["Auto Shields","Coolheaded","Leap"],"picked":"Singing Bowl","floor":21},{"not_picked":["Rebound+1","Amplify","Stack+1"],"picked":"Singing Bowl","floor":28},{"not_picked":["Beam Cell","Sweeping Beam+1","Capacitor"],"picked":"Singing Bowl","floor":29},{"not_picked":["Sweeping Beam","Fusion","Reprogram"],"picked":"Singing Bowl","floor":30},{"not_picked":["Seek","Machine Learning"],"picked":"Buffer","floor":33},{"not_picked":["Steam","Compile Driver+1"],"picked":"Gash","floor":35},{"not_picked":["Compile Driver","Hologram"],"picked":"Loop","floor":36},{"not_picked":["Madness","Swift Strike","Thinking Ahead"],"picked":"Singing Bowl","floor":37},{"not_picked":["Finesse","Impatience","Swift Strike"],"picked":"Singing Bowl","floor":37},{"not_picked":["PanicButton","Swift Strike","Magnetism"],"picked":"Singing Bowl","floor":37},{"not_picked":["Genetic Algorithm+1","Ball Lightning","Streamline"],"picked":"Singing Bowl","floor":40},{"not_picked":["Hologram+1","Redo","Stack"],"picked":"Singing Bowl","floor":42},{"not_picked":["Blizzard","Lockon"],"picked":"Consume+1","floor":48},{"not_picked":["Coolheaded+1","Seek","Darkness"],"picked":"Singing Bowl","floor":54}],"player_experience":65836,"relics_obtained":[{"floor":9,"key":"Bottled Lightning"},{"floor":14,"key":"Singing Bowl"},{"floor":40,"key":"Ancient Tea Set"},{"floor":43,"key":"Incense Burner"},{"floor":46,"key":"Frozen Egg 2"},{"floor":54,"key":"Bag of Marbles"}],"event_choices":[{"damage_healed":0,"gold_gain":0,"player_choice":"Rummage","damage_taken":0,"relics_obtained":["WarpedTongs"],"max_hp_gain":0,"max_hp_loss":0,"event_name":"Accursed Blacksmith","floor":11,"gold_loss":0,"cards_obtained":["Pain"]},{"damage_healed":0,"gold_gain":0,"player_choice":"Donut","damage_taken":0,"max_hp_gain":5,"max_hp_loss":0,"event_name":"Big Fish","floor":13,"gold_loss":0},{"damage_healed":0,"gold_gain":0,"player_choice":"Got Potions","damage_taken":0,"max_hp_gain":0,"max_hp_loss":0,"event_name":"Lab","floor":22,"gold_loss":0},{"damage_healed":0,"gold_gain":0,"player_choice":"Ignored","damage_taken":0,"max_hp_gain":0,"max_hp_loss":0,"event_name":"Ghosts","floor":31,"gold_loss":0},{"damage_healed":0,"gold_gain":0,"player_choice":"Memory 3","damage_taken":10,"max_hp_gain":0,"max_hp_loss":0,"event_name":"SensoryStone","floor":37,"gold_loss":0},{"damage_healed":26,"gold_gain":0,"player_choice":"Writhe","damage_taken":0,"max_hp_gain":0,"max_hp_loss":0,"event_name":"Winding Halls","floor":38,"gold_loss":0,"cards_obtained":["Writhe"]},{"cards_removed":["Zap"],"damage_healed":0,"gold_gain":0,"player_choice":"Removed Skill","damage_taken":0,"max_hp_gain":0,"max_hp_loss":0,"event_name":"Falling","floor":39,"gold_loss":0}],"is_beta":false,"boss_relics":[{"not_picked":["Nuclear Battery","Astrolabe"],"picked":"Orrery"},{"not_picked":["Coffee Dripper","Black Star"],"picked":"Lizard Tail"}],"items_purged_floors":[20,24,45],"is_endless":false,"potions_floor_spawned":[1,16,18,21,28,30,35,36,42,48,54],"killed_by":"The Heart","ascension_level":0}