{"gold_per_floor":[114,129,204,54,69,69,96,96,96,115,115,115,115,88,88,184,184,202,202,221,247,247,282,282,301,301,317,317,330,330,341,341,341],"floor_reached":33,"playtime":1321,"items_purged":["Strike_G"],"score":318,"play_id":"74f7c404-edc1-4d54-820b-cd3e45dadf38","local_time":"20190502171808","is_ascension_mode":true,"campfire_choices":[{"data":"Footwork","floor":6,"key":"SMITH"},{"floor":8,"key":"REST"},{"floor":13,"key":"REST"},{"floor":15,"key":"DIG"},{"floor":24,"key":"REST"},{"floor":28,"key":"REST"},{"floor":30,"key":"REST"},{"floor":32,"key":"REST"}],"neow_cost":"NONE","seed_source_timestamp":1461518774179627,"circlet_count":0,"master_deck":["Defend_G","Defend_G","Defend_G","Defend_G","Strike_G","Strike_G","Strike_G+1","Survivor","Neutralize+1","Footwork+1","PiercingWail","Terror","Noxious Fumes","Deadly Poison","After Image","Footwork","Bane+1","Bane+1","Cloak And Dagger","Prepared","Die Die Die+1","Dagger Spray+1"],"relics":["Ring of the Snake","Whetstone","Mercury Hourglass","Molten Egg 2","Shovel","Oddly Smooth Stone","Empty Cage","Red Mask","Letter Opener","Blood Vial","Pear"],"potions_floor_usage":[27,27,33,33,33],"damage_taken":[{"damage":3,"enemies":"Small Slimes","floor":1,"turns":4},{"damage":3,"enemies":"2 Louse","floor":2,"turns":2},{"damage":0,"enemies":"Jaw Worm","floor":5,"turns":3},{"damage":49,"enemies":"Gremlin Nob","floor":7,"turns":7},{"damage":3,"enemies":"Looter","floor":10,"turns":4},{"damage":10,"enemies":"The Guardian","floor":16,"turns":10},{"damage":2,"enemies":"Chosen","floor":18,"turns":6},{"damage":4,"enemies":"Shell Parasite","floor":20,"turns":7},{"damage":31,"enemies":"Masked Bandits","floor":21,"turns":5},{"damage":16,"enemies":"Book of Stabbing","floor":23,"turns":7},{"damage":16,"enemies":"Shelled Parasite and Fungi","floor":25,"turns":7},{"damage":16,"enemies":"3 Cultists","floor":27,"turns":5},{"damage":18,"enemies":"Snake Plant","floor":29,"turns":4},{"damage":27,"enemies":"Sentry and Sphere","floor":31,"turns":5},{"damage":54,"enemies":"Automaton","floor":33,"turns":10}],"seed_played":"-5099296527325746811","potions_obtained":[{"floor":1,"key":"SkillPotion"},{"floor":16,"key":"SkillPotion"},{"floor":18,"key":"SteroidPotion"},{"floor":23,"key":"SpeedPotion"},{"floor":27,"key":"SteroidPotion"},{"floor":31,"key":"Weak Potion"}],"is_trial":false,"path_per_floor":["M","M","?","$","M","R","E","R","T","M","?","?","R","$","R","B",null,"M","?","M","?","?","E","R","M","T","M","R","M","R","M","R","B"],"character_chosen":"THE_SILENT","items_purchased":["Footwork","Deadly Poison"],"campfire_rested":6,"item_purchase_floors":[4,14],"current_hp_per_floor":[67,64,53,53,53,53,4,25,25,22,10,10,31,31,31,21,70,68,68,64,33,33,17,38,24,34,20,44,28,52,27,51,0],"gold":341,"neow_bonus":"RANDOM_COMMON_RELIC","is_prod":false,"is_daily":false,"chose_seed":false,"campfire_upgraded":1,"win_rate":0,"timestamp":1556774288,"path_taken":["M","M","?","$","M","R","E","R","T","M","?","?","R","?","R","BOSS","M","?","M","?","?","E","R","M","T","M","R","M","R","M","R","BOSS"],"build_version":"2019-01-23","purchased_purges":1,"victory":false,"max_hp_per_floor":[70,70,70,70,70,70,70,70,70,70,70,70,70,70,70,70,70,70,70,70,70,70,70,70,70,80,80,80,80,80,80,80,80],"card_choices":[{"not_picked":["Masterful Stab","Underhanded Strike","Outmaneuver"],"picked":"SKIP","floor":1},{"not_picked":["Endless Agony","Bane","Blade Dance"],"picked":"SKIP","floor":2},{"not_picked":["Bane","Accuracy"],"picked":"PiercingWail","floor":5},{"not_picked":["Flechettes","Skewer"],"picked":"Terror","floor":7},{"not_picked":["Predator+1","Finisher+1"],"picked":"Noxious Fumes","floor":10},{"not_picked":["Storm of Steel","Burst"],"picked":"After Image","floor":16},{"not_picked":["Outmaneuver","Underhanded Strike+1"],"picked":"Footwork","floor":18},{"not_picked":["Reflex+1","Backflip"],"picked":"Bane+1","floor":20},{"not_picked":["Backflip","Backstab+1"],"picked":"Bane+1","floor":21},{"not_picked":["Tactician","Dagger Throw+1"],"picked":"Cloak And Dagger","floor":23},{"not_picked":["Skewer+1","Quick Slash+1"],"picked":"Prepared","floor":25},{"not_picked":["Terror+1","Quick Slash+1"],"picked":"Die Die Die+1","floor":27},{"not_picked":["PiercingWail+1","Slice+1"],"picked":"Dagger Spray+1","floor":29},{"not_picked":["Poisoned Stab+1","Deadly Poison","Terror"],"picked":"SKIP","floor":31}],"player_experience":155259,"relics_obtained":[{"floor":7,"key":"Mercury Hourglass"},{"floor":9,"key":"Molten Egg 2"},{"floor":15,"key":"Oddly Smooth Stone"},{"floor":21,"key":"Red Mask"},{"floor":23,"key":"Blood Vial"},{"floor":26,"key":"Pear"}],"event_choices":[{"damage_healed":0,"gold_gain":75,"player_choice":"Gather Gold","damage_taken":11,"max_hp_gain":0,"max_hp_loss":0,"event_name":"World of Goop","floor":3,"gold_loss":0},{"damage_healed":0,"gold_gain":0,"player_choice":"Success","damage_taken":12,"relics_obtained":["Shovel"],"max_hp_gain":0,"max_hp_loss":0,"event_name":"Scrap Ooze","floor":11,"gold_loss":0},{"damage_healed":0,"gold_gain":0,"player_choice":"Searched \u00270\u0027 times","damage_taken":0,"max_hp_gain":0,"max_hp_loss":0,"event_name":"Dead Adventurer","floor":12,"gold_loss":0},{"damage_healed":0,"gold_gain":0,"player_choice":"Ignored","damage_taken":0,"max_hp_gain":0,"max_hp_loss":0,"event_name":"Ghosts","floor":19,"gold_loss":0},{"damage_healed":0,"gold_gain":0,"player_choice":"Fought Bandits","damage_taken":0,"max_hp_gain":0,"max_hp_loss":0,"event_name":"Masked Bandits","floor":21,"gold_loss":0},{"damage_healed":0,"gold_gain":0,"player_choice":"Opened","damage_taken":0,"relics_obtained":["Letter Opener"],"max_hp_gain":0,"max_hp_loss":0,"event_name":"The Mausoleum","floor":22,"gold_loss":0}],"is_beta":false,"boss_relics":[{"not_picked":["Calling Bell","Tiny House"],"picked":"Empty Cage"}],"items_purged_floors":[4],"is_endless":false,"potions_floor_spawned":[1,16,18,23,27,31],"killed_by":"Automaton","ascension_level":4}