{"gold_per_floor":[215,232,332,347,347,376,376,451,451,451,474,474,490,509,509,640,640,640],"floor_reached":18,"playtime":913,"items_purged":[],"score":186,"play_id":"e6b10ea3-3c72-4acc-8cc6-39087259934f","local_time":"20180912113954","is_ascension_mode":true,"campfire_choices":[{"data":"Neutralize","floor":7.0,"key":"SMITH"},{"data":"Deadly Poison","floor":12.0,"key":"SMITH"},{"data":"Poisoned Stab","floor":15.0,"key":"SMITH"}],"neow_cost":"NONE","seed_source_timestamp":0,"circlet_count":0,"master_deck":["Defend_G","Defend_G","Defend_G","Defend_G","Defend_G","Strike_G","Strike_G","Strike_G","Strike_G","Strike_G","Survivor","Neutralize+1","Backflip","Bane","Deadly Poison+1","Cloak And Dagger","PiercingWail","Poisoned Stab+1","After Image"],"special_seed":0,"relics":["Ring of the Snake","Ornamental Fan","Omamori","Golden Idol","Runic Pyramid"],"potions_floor_usage":[16],"damage_taken":[{"damage":2.0,"enemies":"Small Slimes","floor":1.0,"turns":4.0},{"damage":0.0,"enemies":"Cultist","floor":2.0,"turns":5.0},{"damage":0.0,"enemies":"2 Louse","floor":4.0,"turns":4.0},{"damage":16.0,"enemies":"Gremlin Nob","floor":6.0,"turns":5.0},{"damage":0.0,"enemies":"Exordium Thugs","floor":11.0,"turns":4.0},{"damage":12.0,"enemies":"3 Louse","floor":13.0,"turns":4.0},{"damage":0.0,"enemies":"Large Slime","floor":14.0,"turns":5.0},{"damage":22,"enemies":"The Guardian","floor":16,"turns":10},{"damage":13,"enemies":"3 Byrds","floor":18,"turns":4}],"seed_played":"907258713281321930","potions_obtained":[{"floor":1.0,"key":"GhostInAJar"},{"floor":6.0,"key":"EssenceOfSteel"},{"floor":13.0,"key":"Explosive Potion"},{"floor":14.0,"key":"Explosive Potion"},{"floor":16,"key":"Regen Potion"}],"is_trial":false,"path_per_floor":["M","M","?","M","?","E","R","?","T","?","M","R","M","M","R","B",null],"character_chosen":"THE_SILENT","items_purchased":[],"campfire_rested":0,"item_purchase_floors":[],"current_hp_per_floor":[68,68,68,68,68,52,52,41,41,41,41,41,29,29,29,7,70,57],"gold":640,"neow_bonus":"HUNDRED_GOLD","is_prod":false,"is_daily":false,"chose_seed":false,"campfire_upgraded":3,"win_rate":0,"timestamp":1536719994,"path_taken":["M","M","?","M","?","E","R","?","T","?","M","R","?","M","R","BOSS","M"],"build_version":"2018-09-06","purchased_purges":0,"victory":false,"max_hp_per_floor":[70,70,70,70,70,70,70,70,70,70,70,70,70,70,70,70,70,70],"card_choices":[{"not_picked":["Blur","Dodge and Roll"],"picked":"Backflip","floor":1.0},{"not_picked":["Choke","Escape Plan"],"picked":"Bane","floor":2.0},{"not_picked":["All Out Attack","Bane"],"picked":"Deadly Poison","floor":4.0},{"not_picked":["PiercingWail","Prepared"],"picked":"Cloak And Dagger","floor":6.0},{"not_picked":["Endless Agony","Flying Knee"],"picked":"PiercingWail","floor":11.0},{"not_picked":["Dodge and Roll","Deflect"],"picked":"Poisoned Stab","floor":13.0},{"not_picked":["Dodge and Roll","Reflex","Blade Dance"],"picked":"SKIP","floor":14.0},{"not_picked":["Unload","A Thousand Cuts"],"picked":"After Image","floor":16}],"player_experience":252633,"relics_obtained":[{"floor":6.0,"key":"Ornamental Fan"},{"floor":9.0,"key":"Omamori"}],"event_choices":[{"event_name":"Wheel of Change","player_choice":"Gold","floor":3.0,"damage_taken":0.0},{"event_name":"The Woman in Blue","player_choice":"Bought 0 Potions","floor":5.0,"damage_taken":0.0},{"event_name":"World of Goop","player_choice":"Gather Gold","floor":8.0,"damage_taken":0.0},{"event_name":"Golden Idol","player_choice":"Take Wound","floor":10.0,"damage_taken":0.0}],"is_beta":false,"boss_relics":[{"not_picked":["Orrery","Tiny House"],"picked":"Runic Pyramid"}],"items_purged_floors":[],"is_endless":false,"potions_floor_spawned":[1,6,13,14,16],"killed_by":"3 Byrds","ascension_level":3}