{"gold_per_floor":[115,130,5,20,34,34,65,83,106,106,118,150,166,9,9,105,105,124,39,39,49,59,88,187,112,190,208,208,222,237,66,66,66],"floor_reached":33,"playtime":2688,"items_purged":["Underhanded Strike","Strike_G"],"score":306,"play_id":"ca761f74-9c8f-4b39-9b4c-1e676d111218","local_time":"20180906231735","is_ascension_mode":false,"campfire_choices":[{"data":"Neutralize","floor":6,"key":"SMITH"},{"data":"Terror","floor":10,"key":"SMITH"},{"data":"Slice","floor":15,"key":"SMITH"},{"data":"Adrenaline","floor":28,"key":"SMITH"},{"floor":32,"key":"REST"}],"neow_cost":"NONE","seed_source_timestamp":1027276994385,"circlet_count":0,"master_deck":["Defend_G","Defend_G","Defend_G","Defend_G","Strike_G","Strike_G","Survivor","Neutralize+1","Slice+1","Backstab","Terror+1","Sucker Punch","Dagger Spray","Quick Slash","Flying Knee","Dagger Spray","Glass Knife","Sucker Punch+1","Slice+1","Adrenaline+1","Flying Knee","Slice+1","Blur+1","Well Laid Plans"],"relics":["Ring of the Snake","Bronze Scales","Orichalcum","Anchor","Strawberry","Blood Vial","Empty Cage","Pen Nib","The Specimen","Bottled Flame"],"potions_floor_usage":[7,12,16,16,23,27,29],"damage_taken":[{"damage":0,"enemies":"Cultist","floor":1,"turns":4},{"damage":0,"enemies":"2 Louse","floor":2,"turns":2},{"damage":0,"enemies":"Small Slimes","floor":4,"turns":3},{"damage":0,"enemies":"Blue Slaver","floor":5,"turns":2},{"damage":3,"enemies":"Lagavulin","floor":7,"turns":5},{"damage":0,"enemies":"Looter","floor":8,"turns":2},{"damage":0,"enemies":"2 Fungi Beasts","floor":11,"turns":3},{"damage":0,"enemies":"Gremlin Nob","floor":12,"turns":2},{"damage":0,"enemies":"Lots of Slimes","floor":13,"turns":1},{"damage":35,"enemies":"The Guardian","floor":16,"turns":11},{"damage":0,"enemies":"Shell Parasite","floor":18,"turns":3},{"damage":11,"enemies":"2 Thieves","floor":21,"turns":3},{"damage":0,"enemies":"Cultist and Chosen","floor":22,"turns":3},{"damage":22,"enemies":"Slavers","floor":23,"turns":3},{"damage":0,"enemies":"3 Cultists","floor":27,"turns":3},{"damage":0,"enemies":"Centurion and Healer","floor":29,"turns":3},{"damage":9,"enemies":"Snake Plant","floor":30,"turns":3},{"damage":71,"enemies":"Automaton","floor":33,"turns":10}],"seed_played":"-1793709408495506392","potions_obtained":[{"floor":4,"key":"Weak Potion"},{"floor":5,"key":"Fire Potion"},{"floor":11,"key":"Poison Potion"},{"floor":12,"key":"Dexterity Potion"},{"floor":21,"key":"SteroidPotion"},{"floor":22,"key":"Weak Potion"},{"floor":27,"key":"Dexterity Potion"}],"is_trial":false,"path_per_floor":["M","M","?","M","M","R","E","M","T","R","M","E","M","$","R","B",null,"M","?","?","M","M","E","?","$","T","M","R","M","M","$","R"],"character_chosen":"THE_SILENT","items_purchased":["Blood Vial","Well Laid Plans"],"campfire_rested":1,"item_purchase_floors":[14,31],"current_hp_per_floor":[70,70,70,70,70,70,67,67,67,67,67,74,74,74,74,41,77,77,77,77,66,68,48,48,48,48,50,50,52,45,45,68,0],"gold":66,"neow_bonus":"TRANSFORM_CARD","is_prod":false,"is_daily":false,"chose_seed":false,"campfire_upgraded":4,"win_rate":0.0,"timestamp":1536247055,"path_taken":["M","M","?","M","M","R","E","M","T","R","M","E","M","$","R","BOSS","M","?","?","M","M","E","?","$","T","?","R","?","M","?","R","BOSS"],"build_version":"2018-08-02","purchased_purges":2,"victory":false,"max_hp_per_floor":[70,70,70,70,70,70,70,70,70,70,70,77,77,77,77,77,77,77,77,77,77,77,77,77,77,77,77,77,77,77,77,77,77],"card_choices":[{"not_picked":["Deflect","Dagger Throw"],"picked":"Backstab","floor":1},{"not_picked":["Dagger Throw","All Out Attack"],"picked":"Terror","floor":2},{"not_picked":["Acrobatics","Dagger Throw"],"picked":"Sucker Punch","floor":4},{"not_picked":["Deadly Poison","Bane"],"picked":"Dagger Spray","floor":5},{"not_picked":["Envenom","Leg Sweep","Blur"],"picked":"SKIP","floor":7},{"not_picked":["Finisher","Prepared"],"picked":"Quick Slash","floor":8},{"not_picked":["Blade Dance","Backflip"],"picked":"Flying Knee","floor":11},{"not_picked":["Malaise","Masterful Stab"],"picked":"Dagger Spray","floor":12},{"not_picked":["Slice","Eviscerate"],"picked":"Underhanded Strike","floor":13},{"not_picked":["Wraith Form v2","Night Terror"],"picked":"Glass Knife","floor":16},{"not_picked":["Deadly Poison","Backflip"],"picked":"Sucker Punch+1","floor":18},{"not_picked":["Riddle With Holes","Dagger Spray"],"picked":"Slice+1","floor":21},{"not_picked":["Deflect+1","Backflip"],"picked":"Adrenaline","floor":22},{"not_picked":["Eviscerate","Footwork+1","Crippling Poison"],"picked":"SKIP","floor":23},{"not_picked":["Backflip","Leg Sweep"],"picked":"Flying Knee","floor":27},{"not_picked":["Sucker Punch+1","Bane"],"picked":"Slice+1","floor":29},{"not_picked":["Backflip","All Out Attack"],"picked":"Blur+1","floor":30}],"player_experience":10983,"relics_obtained":[{"floor":7,"key":"Orichalcum"},{"floor":9,"key":"Anchor"},{"floor":12,"key":"Strawberry"},{"floor":23,"key":"The Specimen"},{"floor":26,"key":"Bottled Flame"}],"event_choices":[{"event_name":"WeMeetAgain","player_choice":"Gold","floor":3,"damage_taken":0},{"event_name":"Addict","player_choice":"Obtained Relic","floor":19,"damage_taken":0},{"event_name":"Ghosts","player_choice":"Ignored","floor":20,"damage_taken":0},{"event_name":"Nest","player_choice":"Stole From Cult","floor":24,"damage_taken":0}],"is_beta":false,"boss_relics":[{"not_picked":["HoveringKite","White Beast Statue"],"picked":"Empty Cage"}],"items_purged_floors":[25,31],"is_endless":false,"potions_floor_spawned":[4,5,11,12,21,22,27],"killed_by":"Automaton","ascension_level":0}