{"gold_per_floor":[115,134,134,209,14,57,57,57,108,123,186,186,63,77,77,77],"floor_reached":16,"playtime":638,"items_purged":["Strike_R"],"score":138,"play_id":"c176a7e8-7395-4fa6-b4d1-c4ee6f86be32","local_time":"20180711051833","is_ascension_mode":true,"campfire_choices":[{"data":"Flex","floor":7,"key":"SMITH"},{"data":"Bash","floor":12,"key":"SMITH"},{"floor":15,"key":"REST"}],"neow_cost":"NONE","seed_source_timestamp":15094693451078,"circlet_count":0,"master_deck":["Strike_R","Strike_R","Strike_R","Strike_R","Defend_R","Defend_R","Defend_R","Defend_R","Bash+1","Evolve","Flex+1","Cleave","Flex","Armaments","Whirlwind"],"relics":["Burning Blood","Golden Idol","Lee\u0027s Waffle","Strawberry","Omamori","Tiny Chest"],"potions_floor_usage":[6,16],"damage_taken":[{"damage":6,"enemies":"2 Louse","floor":1,"turns":4},{"damage":1,"enemies":"Jaw Worm","floor":2,"turns":5},{"damage":54,"enemies":"Lagavulin","floor":6,"turns":7},{"damage":0,"enemies":"Small Slimes","floor":10,"turns":2},{"damage":22,"enemies":"Gremlin Nob","floor":11,"turns":4},{"damage":10,"enemies":"Looter","floor":14,"turns":3},{"damage":80,"enemies":"Hexaghost","floor":16,"turns":9}],"seed_played":"-3431633546771028878","potions_obtained":[{"floor":2,"key":"Swift Potion"},{"floor":14,"key":"AttackPotion"}],"is_trial":false,"path_per_floor":["M","M","?","?","$","E","R","?","T","M","E","R","$","M","R"],"character_chosen":"IRONCLAD","items_purchased":["Lee\u0027s Waffle","Armaments"],"campfire_rested":1,"item_purchase_floors":[5,13],"current_hp_per_floor":[88,88,66,55,95,54,54,59,59,65,49,49,49,45,77,0],"gold":77,"neow_bonus":"TEN_PERCENT_HP_BONUS","is_prod":false,"is_daily":false,"chose_seed":false,"campfire_upgraded":2,"win_rate":0,"timestamp":1531253913,"path_taken":["M","M","?","?","?","E","R","?","T","?","E","R","?","M","R","BOSS"],"build_version":"2018-07-05","purchased_purges":1,"victory":false,"max_hp_per_floor":[88,88,88,88,95,102,102,107,107,107,107,107,107,107,107,107],"card_choices":[{"not_picked":["Shrug It Off","Intimidate"],"picked":"Evolve","floor":1},{"not_picked":["Cleave","Clothesline"],"picked":"Flex","floor":2},{"not_picked":["Clash","Sword Boomerang"],"picked":"Cleave","floor":6},{"not_picked":["Feel No Pain","Sword Boomerang"],"picked":"Flex","floor":10},{"not_picked":["Exhume","Flame Barrier","Anger"],"picked":"SKIP","floor":11},{"not_picked":["Inflame","Spot Weakness"],"picked":"Whirlwind","floor":14}],"player_experience":129068,"relics_obtained":[{"floor":6,"key":"Strawberry"},{"floor":9,"key":"Omamori"},{"floor":11,"key":"Tiny Chest"}],"event_choices":[{"event_name":"Golden Idol","player_choice":"Take Damage","floor":3,"damage_taken":0},{"event_name":"World of Goop","player_choice":"Gather Gold","floor":4,"damage_taken":0},{"event_name":"Big Fish","player_choice":"Donut","floor":8,"damage_taken":0}],"boss_relics":[],"items_purged_floors":[13],"is_endless":false,"potions_floor_spawned":[2,14],"killed_by":"Hexaghost","ascension_level":1}