{"gold_per_floor":[212,114,289,289,308,308,320,320,320,320,332,360,373,373,373,373],"floor_reached":16,"playtime":648,"items_purged":["Defend_G"],"score":135,"play_id":"62539a25-5591-444e-9930-c569767f6447","local_time":"20180921000159","is_ascension_mode":true,"campfire_choices":[{"data":"Neutralize","floor":6,"key":"SMITH"},{"data":"Cloak And Dagger","floor":8,"key":"SMITH"},{"data":"Poisoned Stab","floor":10,"key":"SMITH"},{"data":"Cloak And Dagger","floor":15,"key":"SMITH"}],"neow_cost":"NONE","seed_source_timestamp":409726115962873,"circlet_count":0,"master_deck":["Defend_G","Defend_G","Defend_G","Defend_G","Strike_G","Strike_G","Strike_G","Strike_G","Strike_G","Survivor","Neutralize+1","Cloak And Dagger+1","Dagger Spray","Poisoned Stab+1","Cloak And Dagger+1"],"relics":["Ring of the Snake","Incense Burner","Bird Faced Urn","Tingsha"],"potions_floor_usage":[12,16],"damage_taken":[{"damage":6,"enemies":"Jaw Worm","floor":1,"turns":8},{"damage":0,"enemies":"2 Louse","floor":5,"turns":3},{"damage":0,"enemies":"Cultist","floor":7,"turns":4},{"damage":1,"enemies":"Red Slaver","floor":11,"turns":3},{"damage":8,"enemies":"Gremlin Nob","floor":12,"turns":3},{"damage":5,"enemies":"Lots of Slimes","floor":13,"turns":3},{"damage":20,"enemies":"Hexaghost","floor":16,"turns":11}],"seed_played":"-2178262272914114866","potions_obtained":[{"floor":1,"key":"Strength Potion"},{"floor":13,"key":"Fire Potion"}],"is_trial":false,"path_per_floor":["M","$","?","?","M","R","M","R","T","R","M","E","M","T","R"],"character_chosen":"THE_SILENT","items_purchased":["Dagger Spray"],"campfire_rested":0,"item_purchase_floors":[2],"current_hp_per_floor":[57,57,57,57,57,57,57,57,57,57,56,48,43,43,43,23],"gold":373,"neow_bonus":"HUNDRED_GOLD","is_prod":false,"is_daily":false,"chose_seed":false,"campfire_upgraded":4,"win_rate":0,"timestamp":1537455719,"path_taken":["M","$","?","?","?","R","M","R","T","R","M","E","?","?","R","BOSS"],"build_version":"2018-09-06","purchased_purges":1,"victory":false,"max_hp_per_floor":[70,70,70,70,70,70,70,70,70,70,70,70,70,70,70,70],"card_choices":[{"not_picked":["Endless Agony","Blade Dance"],"picked":"Cloak And Dagger","floor":1},{"not_picked":["Deadly Poison","Masterful Stab","Eviscerate"],"picked":"SKIP","floor":5},{"not_picked":["Masterful Stab","Choke"],"picked":"Poisoned Stab","floor":7},{"not_picked":["Prepared","Masterful Stab","Riddle With Holes"],"picked":"SKIP","floor":11},{"not_picked":["Blade Dance","Dash"],"picked":"Cloak And Dagger","floor":12},{"not_picked":["Prepared","Riddle With Holes","Dodge and Roll"],"picked":"SKIP","floor":13}],"player_experience":307718,"relics_obtained":[{"floor":9,"key":"Incense Burner"},{"floor":12,"key":"Bird Faced Urn"},{"floor":14,"key":"Tingsha"}],"event_choices":[{"event_name":"Liars Game","player_choice":"agreed","floor":3,"damage_taken":0},{"event_name":"Living Wall","player_choice":"Forget","floor":4,"damage_taken":0}],"is_beta":false,"boss_relics":[],"items_purged_floors":[2],"is_endless":false,"potions_floor_spawned":[1,13],"killed_by":"Hexaghost","ascension_level":7}