{"gold_per_floor":[211,211,211,106,106,139,139,155,181,201,231,231,231,254,254,379,379,394,32,53,53,85,97,184,262,274,307,338,350,637,692,704,716],"floor_reached":33,"playtime":1629,"items_purged":[],"score":435,"play_id":"1e939119-60fa-429b-b81d-e124964fa6f7","local_time":"20190507132008","is_ascension_mode":true,"campfire_choices":[{"data":"Footwork","floor":7,"key":"SMITH"},{"floor":12,"key":"REST"},{"data":"Well Laid Plans","floor":15,"key":"SMITH"},{"floor":23,"key":"REST"},{"floor":29,"key":"REST"},{"data":"Crippling Poison","floor":32,"key":"SMITH"}],"neow_cost":"NONE","seed_source_timestamp":1878928204557266,"circlet_count":0,"master_deck":["Defend_G","Defend_G","Defend_G","Defend_G","Defend_G","Strike_G","Strike_G","Strike_G","Strike_G","Strike_G","Survivor","Neutralize","Crippling Poison+1","Footwork+1","Deflect","PiercingWail","Sucker Punch","All Out Attack","Well Laid Plans+1","Dagger Spray","Corpse Explosion","Blur","Skewer+1","Flechettes+1","Prepared+1","Flying Knee+1","Regret","Die Die Die"],"relics":["Ring of the Snake","Orichalcum","Bird Faced Urn","Pen Nib","Odd Mushroom","Golden Idol","Eternal Feather","Paper Crane","MawBank","Tiny Chest","Oddly Smooth Stone"],"potions_floor_usage":[25,27,33,33],"damage_taken":[{"damage":4,"enemies":"Small Slimes","floor":1,"turns":4},{"damage":13,"enemies":"3 Sentries","floor":6,"turns":18},{"damage":2,"enemies":"2 Louse","floor":8,"turns":3},{"damage":2,"enemies":"Cultist","floor":10,"turns":4},{"damage":0,"enemies":"The Mushroom Lair","floor":11,"turns":4},{"damage":0,"enemies":"Large Slime","floor":14,"turns":7},{"damage":24,"enemies":"The Guardian","floor":16,"turns":21},{"damage":43,"enemies":"2 Thieves","floor":18,"turns":4},{"damage":0,"enemies":"3 Byrds","floor":20,"turns":3},{"damage":0,"enemies":"Cultist and Chosen","floor":22,"turns":6},{"damage":16,"enemies":"Slavers","floor":25,"turns":3},{"damage":2,"enemies":"Snake Plant","floor":27,"turns":7},{"damage":9,"enemies":"Snecko","floor":28,"turns":5},{"damage":30,"enemies":"Gremlin Leader","floor":31,"turns":10},{"damage":63,"enemies":"Collector","floor":33,"turns":15}],"seed_played":"-5578940872783356572","potions_obtained":[{"floor":1,"key":"GhostInAJar"},{"floor":6,"key":"Swift Potion"},{"floor":22,"key":"Fire Potion"},{"floor":25,"key":"Poison Potion"},{"floor":28,"key":"Weak Potion"}],"is_trial":false,"path_per_floor":["M","?","?","$","?","E","R","M","T","M","?","R","?","M","R","B",null,"M","$","M","?","M","R","?","E","T","M","M","R","?","E","R","B"],"character_chosen":"THE_SILENT","items_purchased":["Footwork","Deflect","Paper Crane","Blur","Fire Potion"],"campfire_rested":3,"item_purchase_floors":[4,4,19,19,19],"current_hp_per_floor":[59,59,52,52,52,39,39,39,39,37,37,58,41,45,45,25,59,18,18,20,20,24,57,50,34,34,36,31,67,67,40,55,0],"gold":716,"neow_bonus":"HUNDRED_GOLD","is_prod":false,"is_daily":false,"chose_seed":false,"campfire_upgraded":3,"win_rate":0,"timestamp":1557192008,"path_taken":["M","?","?","$","?","E","R","M","T","M","?","R","?","M","R","BOSS","M","$","M","?","M","R","?","E","T","?","M","R","?","E","R","BOSS"],"build_version":"2019-01-23","purchased_purges":0,"victory":false,"max_hp_per_floor":[70,70,70,70,70,70,70,70,70,70,70,70,70,70,70,70,70,70,70,70,70,70,70,70,70,70,70,70,70,70,70,70,70],"card_choices":[{"not_picked":["Setup","Slice"],"picked":"Crippling Poison","floor":1},{"not_picked":["Underhanded Strike","Dodge and Roll"],"picked":"PiercingWail","floor":6},{"not_picked":["Concentrate","Dagger Throw"],"picked":"Sucker Punch","floor":8},{"not_picked":["Eviscerate","Underhanded Strike"],"picked":"All Out Attack","floor":10},{"not_picked":["Storm of Steel","Calculated Gamble"],"picked":"Well Laid Plans","floor":11},{"not_picked":["Poisoned Stab","Cloak And Dagger"],"picked":"Dagger Spray","floor":14},{"not_picked":["Phantasmal Killer","Doppelganger"],"picked":"Corpse Explosion","floor":16},{"not_picked":["Concentrate","Endless Agony","Eviscerate"],"picked":"SKIP","floor":18},{"not_picked":["Flying Knee+1","Poisoned Stab+1"],"picked":"Skewer+1","floor":20},{"not_picked":["Finisher","Slice"],"picked":"Flechettes+1","floor":22},{"not_picked":["Dagger Throw","Bane+1","Deflect"],"picked":"SKIP","floor":25},{"not_picked":["Acrobatics","Terror"],"picked":"Prepared+1","floor":27},{"not_picked":["Deflect","Dagger Throw+1"],"picked":"Flying Knee+1","floor":28},{"not_picked":["Skewer+1","Bane"],"picked":"Die Die Die","floor":31}],"player_experience":205260,"relics_obtained":[{"floor":6,"key":"Bird Faced Urn"},{"floor":9,"key":"Pen Nib"},{"floor":11,"key":"Odd Mushroom"},{"floor":25,"key":"Tiny Chest"},{"floor":31,"key":"Oddly Smooth Stone"}],"event_choices":[{"damage_healed":0,"gold_gain":0,"player_choice":"Box","damage_taken":0,"relics_obtained":["Orichalcum"],"max_hp_gain":0,"max_hp_loss":0,"event_name":"Big Fish","floor":2,"gold_loss":0,"cards_obtained":["Regret"]},{"cards_removed":["Regret"],"damage_healed":0,"gold_gain":0,"player_choice":"Card Removal","damage_taken":7,"max_hp_gain":0,"max_hp_loss":0,"event_name":"Golden Wing","floor":3,"gold_loss":0},{"damage_healed":0,"gold_gain":0,"player_choice":"Leave","damage_taken":0,"max_hp_gain":0,"max_hp_loss":0,"event_name":"The Cleric","floor":5,"gold_loss":0},{"damage_healed":0,"gold_gain":0,"player_choice":"Fought Mushrooms","damage_taken":0,"max_hp_gain":0,"max_hp_loss":0,"event_name":"Mushrooms","floor":11,"gold_loss":0},{"damage_healed":0,"gold_gain":0,"player_choice":"Take Damage","damage_taken":17,"relics_obtained":["Golden Idol"],"max_hp_gain":0,"max_hp_loss":0,"event_name":"Golden Idol","floor":13,"gold_loss":0},{"damage_healed":0,"gold_gain":0,"player_choice":"Opened","damage_taken":0,"relics_obtained":["MawBank"],"max_hp_gain":0,"max_hp_loss":0,"event_name":"The Mausoleum","floor":21,"gold_loss":0},{"damage_healed":0,"gold_gain":75,"player_choice":"Touch","damage_taken":7,"max_hp_gain":0,"max_hp_loss":0,"event_name":"FaceTrader","floor":24,"gold_loss":0},{"damage_healed":0,"gold_gain":275,"player_choice":"Desecrate","damage_taken":0,"max_hp_gain":0,"max_hp_loss":0,"event_name":"Golden Shrine","floor":30,"gold_loss":0,"cards_obtained":["Regret"]}],"is_beta":false,"boss_relics":[{"not_picked":["HoveringKite","Runic Dome"],"picked":"Eternal Feather"}],"items_purged_floors":[],"is_endless":false,"potions_floor_spawned":[1,6,22,25,28],"killed_by":"Collector","ascension_level":9}