{"gold_per_floor":[116,132,132,148,162,162,174,174,174,200,200,214,224,114,114,215,215,232,232,80,98,98,98,115,125,194,224,240,240,252,58,58,160,160,174,174,185,197,2,13,0,0,0,33,33,33,33],"floor_reached":47,"playtime":3447,"items_purged":["Strike_G","Defend_G","Parasite","Strike_G"],"score":695,"play_id":"f205244a-05f1-448a-b562-ed8de3e0bd3d","local_time":"20181002093311","is_ascension_mode":true,"campfire_choices":[{"data":"Infinite Blades","floor":6,"key":"SMITH"},{"data":"Cloak And Dagger","floor":8,"key":"SMITH"},{"data":"Blade Dance","floor":15,"key":"SMITH"},{"data":"Adrenaline","floor":23,"key":"SMITH"},{"data":"After Image","floor":29,"key":"SMITH"},{"floor":32,"key":"REST"},{"data":"Blade Dance","floor":42,"key":"SMITH"},{"floor":45,"key":"REST"}],"neow_cost":"NONE","seed_source_timestamp":1391594394377409,"circlet_count":0,"master_deck":["Defend_G","Defend_G","Defend_G","Defend_G","Strike_G","Strike_G+1","Strike_G","Survivor","Neutralize+1","Blur","Infinite Blades+1","Cloak And Dagger+1","Accuracy","Blade Dance+1","Well Laid Plans","After Image+1","PiercingWail","Deflect","Adrenaline+1","Deflect","Backflip","Slice","Accuracy","Bullet Time","Dagger Spray+1","Footwork+1","Blade Dance+1","Normality","Blur+1"],"relics":["Ring of the Snake","Whetstone","Ornamental Fan","Orichalcum","Cursed Key","Singing Bowl","Mango","Eternal Feather","Red Mask","Bag of Preparation","Juzu Bracelet"],"potions_floor_usage":[4,5,10,10,16,27,27,33,44,47],"damage_taken":[{"damage":0,"enemies":"2 Louse","floor":1,"turns":3},{"damage":0,"enemies":"Cultist","floor":2,"turns":4},{"damage":0,"enemies":"Small Slimes","floor":4,"turns":2},{"damage":10,"enemies":"Exordium Thugs","floor":5,"turns":7},{"damage":5,"enemies":"Red Slaver","floor":7,"turns":4},{"damage":3,"enemies":"3 Sentries","floor":10,"turns":7},{"damage":0,"enemies":"Blue Slaver","floor":12,"turns":4},{"damage":6,"enemies":"Exordium Wildlife","floor":13,"turns":3},{"damage":30,"enemies":"Hexaghost","floor":16,"turns":11},{"damage":5,"enemies":"2 Thieves","floor":18,"turns":5},{"damage":0,"enemies":"Chosen","floor":21,"turns":5},{"damage":6,"enemies":"Snake Plant","floor":24,"turns":7},{"damage":0,"enemies":"Cultist and Chosen","floor":25,"turns":9},{"damage":21,"enemies":"Slavers","floor":27,"turns":7},{"damage":7,"enemies":"Centurion and Healer","floor":28,"turns":8},{"damage":0,"enemies":"Snake Plant","floor":30,"turns":7},{"damage":45,"enemies":"Champ","floor":33,"turns":17},{"damage":10,"enemies":"Orb Walker","floor":35,"turns":6},{"damage":0,"enemies":"3 Darklings","floor":37,"turns":8},{"damage":1,"enemies":"Spire Growth","floor":38,"turns":6},{"damage":29,"enemies":"4 Shapes","floor":40,"turns":7},{"damage":36,"enemies":"Nemesis","floor":44,"turns":11},{"damage":0,"enemies":"Reptomancer","floor":47,"turns":2}],"seed_played":"2968098852163556366","potions_obtained":[{"floor":1,"key":"Explosive Potion"},{"floor":3,"key":"Energy Potion"},{"floor":3,"key":"Explosive Potion"},{"floor":5,"key":"PowerPotion"},{"floor":12,"key":"Regen Potion"},{"floor":13,"key":"Strength Potion"},{"floor":21,"key":"SpeedPotion"},{"floor":25,"key":"Explosive Potion"},{"floor":40,"key":"EssenceOfSteel"},{"floor":44,"key":"EntropicBrew"}],"is_trial":false,"path_per_floor":["M","M","?","M","M","R","M","R","T","E","?","M","M","$","R","B",null,"M","?","$","M","?","R","M","M","T","E","M","R","M","$","R","B",null,"M","?","M","M","$","M","?","R","T","E","R","?"],"character_chosen":"THE_SILENT","items_purchased":["Well Laid Plans","Deflect","Accuracy","Blade Dance"],"campfire_rested":2,"item_purchase_floors":[14,20,31,39],"current_hp_per_floor":[63,63,63,63,53,53,48,48,48,45,70,70,64,64,64,49,65,60,60,60,60,60,60,54,54,54,49,42,42,42,42,66,21,68,60,60,60,59,59,32,32,47,47,11,52,52,52],"gold":33,"neow_bonus":"RANDOM_COMMON_RELIC","is_prod":false,"is_daily":false,"chose_seed":false,"campfire_upgraded":6,"win_rate":0,"timestamp":1538440391,"path_taken":["M","M","?","M","M","R","M","R","T","E","?","M","M","$","R","BOSS","M","?","$","M","?","R","M","?","T","E","?","R","M","$","R","BOSS","M","?","?","M","$","M","?","R","T","E","R","?","M"],"build_version":"2018-09-27","purchased_purges":4,"victory":false,"max_hp_per_floor":[70,70,70,70,70,70,70,70,70,70,70,70,70,70,70,70,70,70,70,70,70,70,70,70,70,70,86,86,86,86,83,83,83,83,85,85,85,85,85,87,87,87,87,87,87,83,83],"card_choices":[{"not_picked":["Caltrops","Dodge and Roll","Dagger Throw"],"picked":"SKIP","floor":1},{"not_picked":["Dash","Quick Slash"],"picked":"Blur","floor":2},{"not_picked":["Prepared","Escape Plan"],"picked":"Infinite Blades","floor":4},{"not_picked":["Acrobatics","Deflect"],"picked":"Cloak And Dagger","floor":5},{"not_picked":["Sucker Punch","Masterful Stab","Quick Slash"],"picked":"SKIP","floor":7},{"not_picked":["Slice","Dodge and Roll","Poisoned Stab"],"picked":"SKIP","floor":10},{"not_picked":["Backstab","Deadly Poison"],"picked":"Accuracy","floor":12},{"not_picked":["Acrobatics","Tactician"],"picked":"Blade Dance","floor":13},{"not_picked":["Grand Finale","Doppelganger"],"picked":"After Image","floor":16},{"not_picked":["Outmaneuver+1","Underhanded Strike+1"],"picked":"PiercingWail","floor":18},{"not_picked":["Outmaneuver","Underhanded Strike","Prepared"],"picked":"SKIP","floor":21},{"not_picked":["Riddle With Holes","Acrobatics"],"picked":"Deflect","floor":24},{"not_picked":["Leg Sweep","Underhanded Strike","Night Terror"],"picked":"SKIP","floor":25},{"not_picked":["PiercingWail","Concentrate+1","Acrobatics"],"picked":"Singing Bowl","floor":27},{"not_picked":["Riddle With Holes+1","PiercingWail"],"picked":"Backflip","floor":28},{"not_picked":["Eviscerate","Deflect"],"picked":"Slice","floor":30},{"not_picked":["Glass Knife","Malaise"],"picked":"Bullet Time","floor":33},{"not_picked":["Terror+1","Poisoned Stab","Flying Knee"],"picked":"Singing Bowl","floor":35},{"not_picked":["Outmaneuver+1","Bane+1"],"picked":"Dagger Spray+1","floor":37},{"not_picked":["Dagger Throw+1","Eviscerate"],"picked":"Footwork+1","floor":38},{"not_picked":["Prepared+1","PiercingWail","Choke+1"],"picked":"Singing Bowl","floor":40},{"not_picked":["Acrobatics","PiercingWail+1"],"picked":"Blur+1","floor":44}],"player_experience":345787,"relics_obtained":[{"floor":9,"key":"Ornamental Fan"},{"floor":10,"key":"Orichalcum"},{"floor":26,"key":"Singing Bowl"},{"floor":27,"key":"Mango"},{"floor":43,"key":"Bag of Preparation"},{"floor":44,"key":"Juzu Bracelet"}],"event_choices":[{"event_name":"The Lab","player_choice":"Got Potions","floor":3,"damage_taken":0},{"event_name":"Wheel of Change","player_choice":"Full Heal","floor":11,"damage_taken":0},{"event_name":"Ghosts","player_choice":"Ignored","floor":19,"damage_taken":0},{"event_name":"The Library","player_choice":"Read","floor":22,"damage_taken":0},{"event_name":"SecretPortal","player_choice":"Rejected Portal.","floor":36,"damage_taken":0},{"event_name":"Tomb of Lord Red Mask","player_choice":"Paid","floor":41,"damage_taken":0},{"event_name":"Winding Halls","player_choice":"Max HP","floor":46,"damage_taken":0}],"is_beta":false,"boss_relics":[{"not_picked":["Astrolabe","Lizard Tail"],"picked":"Cursed Key"},{"not_picked":["Fusion Hammer","Velvet Choker"],"picked":"Eternal Feather"}],"items_purged_floors":[14,20,31,39],"is_endless":false,"potions_floor_spawned":[1,5,12,13,21,25,40,44],"killed_by":"Reptomancer","ascension_level":9}