{"gold_per_floor":[115,115,129,34,106,142,142,158,183,217,88,88,88,103,103,233,233,246,786,786,806,323,323,351,351,374,374,390,390,410,425,425,425],"floor_reached":33,"playtime":1698,"items_purged":["Strike_R","Strike_R"],"score":337,"play_id":"7b49794e-73c0-4272-9d43-cd5e587e5e39","local_time":"20180827235641","is_ascension_mode":true,"campfire_choices":[{"data":"Perfected Strike","floor":7,"key":"SMITH"},{"floor":13,"key":"REST"},{"data":"Armaments","floor":15,"key":"SMITH"},{"floor":23,"key":"REST"},{"floor":25,"key":"REST"},{"data":"Heavy Blade","floor":27,"key":"SMITH"},{"data":"Seeing Red","floor":29,"key":"SMITH"},{"floor":32,"key":"REST"}],"neow_cost":"NONE","seed_source_timestamp":707032961407782,"circlet_count":0,"master_deck":["Strike_R","Strike_R","Strike_R","Defend_R","Defend_R+1","Defend_R","Defend_R","Bash","Perfected Strike","Perfected Strike+1","Perfected Strike+1","Evolve","Flex","Heavy Blade+1","Power Through","Armaments+1","Shrug It Off","Warcry","Flex","Pommel Strike","Infernal Blade","Seeing Red+1","Perfected Strike"],"relics":["Burning Blood","NeowsBlessing","Bloody Idol","Darkstone Periapt","Bottled Tornado","Potion Belt","Omamori","Sozu","Bronze Scales","Sling","Centennial Puzzle","Vajra"],"potions_floor_usage":[16,24],"damage_taken":[{"damage":0,"enemies":"Cultist","floor":1,"turns":1},{"damage":0,"enemies":"Jaw Worm","floor":3,"turns":1},{"damage":9,"enemies":"3 Sentries","floor":6,"turns":2},{"damage":3,"enemies":"Small Slimes","floor":8,"turns":3},{"damage":31,"enemies":"Lagavulin","floor":10,"turns":6},{"damage":4,"enemies":"Exordium Thugs","floor":14,"turns":4},{"damage":44,"enemies":"Hexaghost","floor":16,"turns":11},{"damage":0,"enemies":"Spheric Guardian","floor":18,"turns":3},{"damage":0,"enemies":"Chosen","floor":21,"turns":3},{"damage":44,"enemies":"Gremlin Leader","floor":24,"turns":5},{"damage":15,"enemies":"Centurion and Healer","floor":28,"turns":4},{"damage":22,"enemies":"Snecko","floor":30,"turns":4},{"damage":20,"enemies":"Sentry and Sphere","floor":31,"turns":5},{"damage":59,"enemies":"Champ","floor":33,"turns":8}],"seed_played":"-399006799795089963","potions_obtained":[{"floor":6,"key":"FearPotion"},{"floor":14,"key":"GamblersBrew"}],"is_trial":false,"path_per_floor":["M","?","M","$","T","E","R","M","T","E","$","?","R","M","R","B",null,"M","?","?","M","$","R","E","R","T","R","M","R","M","M","R"],"character_chosen":"IRONCLAD","items_purchased":["Perfected Strike","Evolve","Armaments","Pommel Strike","Bronze Scales","Sling"],"campfire_rested":4,"item_purchase_floors":[4,4,11,22,22,22],"current_hp_per_floor":[80,60,66,66,66,63,63,66,66,41,41,25,49,51,51,13,80,80,24,24,35,35,59,26,50,55,55,51,51,40,31,55,0],"gold":425,"neow_bonus":"THREE_ENEMY_KILL","is_prod":false,"is_daily":false,"chose_seed":false,"campfire_upgraded":4,"win_rate":0,"timestamp":1535381801,"path_taken":["M","?","M","?","?","E","R","?","T","E","$","?","R","M","R","BOSS","M","?","?","M","$","R","E","R","T","R","M","R","M","M","R","BOSS"],"build_version":"2018-08-23v2","purchased_purges":2,"victory":false,"max_hp_per_floor":[80,80,80,80,80,80,80,80,80,80,80,80,80,80,80,80,80,80,80,80,80,80,80,80,80,80,80,80,80,80,80,80,80],"card_choices":[{"not_picked":["Clash","Flex"],"picked":"Perfected Strike","floor":1},{"not_picked":["True Grit","Havoc"],"picked":"Perfected Strike","floor":3},{"not_picked":["Rampage","Pummel"],"picked":"Flex","floor":6},{"not_picked":["Thunderclap","Combust"],"picked":"Heavy Blade","floor":8},{"not_picked":["Wild Strike","Feel No Pain"],"picked":"Power Through","floor":10},{"not_picked":["Armaments","Warcry"],"picked":"Shrug It Off","floor":14},{"not_picked":["Anger","Body Slam"],"picked":"Warcry","floor":18},{"not_picked":["Metallicize+1","Sever Soul+1"],"picked":"Flex","floor":21},{"not_picked":["Evolve","True Grit"],"picked":"Infernal Blade","floor":24},{"not_picked":["Pommel Strike","Armaments"],"picked":"Seeing Red","floor":28},{"not_picked":["Flex","Warcry+1"],"picked":"Perfected Strike","floor":30},{"not_picked":["Armaments","Twin Strike","Warcry"],"picked":"SKIP","floor":31}],"player_experience":151197,"relics_obtained":[{"floor":5,"key":"Darkstone Periapt"},{"floor":6,"key":"Bottled Tornado"},{"floor":9,"key":"Potion Belt"},{"floor":10,"key":"Omamori"},{"floor":24,"key":"Centennial Puzzle"},{"floor":26,"key":"Vajra"}],"event_choices":[{"event_name":"Golden Idol","player_choice":"Take Damage","floor":2,"damage_taken":0},{"event_name":"Shining Light","player_choice":"Entered Light","floor":12,"damage_taken":0},{"event_name":"Knowing Skull","player_choice":"GOLD GOLD GOLD GOLD GOLD GOLD ","floor":19,"damage_taken":0},{"event_name":"Forgotten Altar","player_choice":"Gave Idol","floor":20,"damage_taken":0}],"is_beta":false,"boss_relics":[{"not_picked":["Runic Dome","Black Star"],"picked":"Sozu"}],"items_purged_floors":[11,22],"is_endless":false,"potions_floor_spawned":[6,14,21,30],"killed_by":"Champ","ascension_level":1}