{"gold_per_floor":[109,109,109,109,125,155,155,168,240,240,161,194,29,47,47,47],"floor_reached":16,"playtime":283,"items_purged":["Strike_B"],"score":180,"play_id":"d53dc495-003a-48ad-ad35-1634a74bc87d","local_time":"20190517132655","is_ascension_mode":true,"campfire_choices":[{"floor":10,"key":"REST"},{"floor":15,"key":"REST"}],"neow_cost":"NONE","seed_source_timestamp":2744698822759086,"circlet_count":0,"master_deck":["Strike_B","Strike_B","Defend_B","Defend_B","Defend_B","Defend_B+1","Zap+1","Dualcast","Compile Driver","Leap","Stack","Storm","Sunder","White Noise","Chill","Streamline"],"relics":["Cracked Core","NeowsBlessing","Smiling Mask","Ornamental Fan","Frozen Egg 2","Boot","Tiny Chest"],"potions_floor_usage":[16],"damage_taken":[{"damage":0,"enemies":"2 Louse","floor":1,"turns":1},{"damage":0,"enemies":"Small Slimes","floor":5,"turns":1},{"damage":0,"enemies":"Lagavulin","floor":6,"turns":1},{"damage":6,"enemies":"Cultist","floor":8,"turns":3},{"damage":29,"enemies":"Gremlin Nob","floor":12,"turns":4},{"damage":9,"enemies":"Exordium Wildlife","floor":14,"turns":4},{"damage":52,"enemies":"The Guardian","floor":16,"turns":10}],"seed_played":"2890705662055866280","potions_obtained":[{"floor":1,"key":"Explosive Potion"},{"floor":8,"key":"FocusPotion"},{"floor":12,"key":"SpeedPotion"}],"is_trial":false,"path_per_floor":["M","?","?","?","M","E","?","M","T","R","$","E","$","M","R","B"],"character_chosen":"DEFECT","items_purchased":["White Noise","Tiny Chest"],"campfire_rested":2,"item_purchase_floors":[11,13],"current_hp_per_floor":[68,53,46,46,46,46,46,40,40,62,62,33,33,24,46,0],"gold":47,"neow_bonus":"THREE_ENEMY_KILL","is_prod":false,"is_daily":false,"chose_seed":false,"campfire_upgraded":0,"win_rate":0,"timestamp":1558056415,"path_taken":["M","?","?","?","M","E","?","M","T","R","$","E","?","M","R","BOSS"],"build_version":"2019-01-23","purchased_purges":1,"victory":false,"max_hp_per_floor":[75,75,75,75,75,75,75,75,75,75,75,75,75,75,75,75],"card_choices":[{"not_picked":["Genetic Algorithm","Rebound"],"picked":"Compile Driver","floor":1},{"not_picked":["Redo","Fission"],"picked":"Leap","floor":5},{"not_picked":["Conserve Battery","Auto Shields"],"picked":"Stack","floor":6},{"not_picked":["Ball Lightning","Loop"],"picked":"Sunder","floor":8},{"not_picked":["Stack","Fusion"],"picked":"Chill","floor":12},{"not_picked":["Steam Power","Go for the Eyes"],"picked":"Streamline","floor":14}],"player_experience":282604,"relics_obtained":[{"floor":6,"key":"Ornamental Fan"},{"floor":9,"key":"Frozen Egg 2"},{"floor":12,"key":"Boot"}],"event_choices":[{"damage_healed":0,"gold_gain":0,"player_choice":"Entered Light","damage_taken":15,"max_hp_gain":0,"max_hp_loss":0,"event_name":"Shining Light","floor":2,"gold_loss":0,"cards_upgraded":["Defend_B","Zap"]},{"damage_healed":0,"gold_gain":0,"player_choice":"Success","damage_taken":7,"relics_obtained":["Smiling Mask"],"max_hp_gain":0,"max_hp_loss":0,"event_name":"Scrap Ooze","floor":3,"gold_loss":0},{"damage_healed":0,"gold_gain":0,"player_choice":"Leave","damage_taken":0,"max_hp_gain":0,"max_hp_loss":0,"event_name":"The Cleric","floor":4,"gold_loss":0},{"damage_healed":0,"gold_gain":0,"cards_transformed":["Strike_B"],"player_choice":"Change","damage_taken":0,"max_hp_gain":0,"max_hp_loss":0,"event_name":"Living Wall","floor":7,"gold_loss":0,"cards_obtained":["Storm"]}],"is_beta":false,"boss_relics":[],"items_purged_floors":[13],"is_endless":false,"potions_floor_spawned":[1,8,12,14],"killed_by":"The Guardian","ascension_level":7}