{"gold_per_floor":[110,110,122,122,122,147,157,186,210,210,210,210,7,25,25,128,128,118,118,129,129,55,55,55],"floor_reached":24,"playtime":963,"items_purged":[],"score":212,"play_id":"bcc68bb6-2512-45cc-87ec-6a2296d56c20","local_time":"20190426131752","is_ascension_mode":true,"campfire_choices":[{"floor":10,"key":"REST"},{"floor":12,"key":"REST"},{"floor":15,"key":"RECALL"},{"data":"Noxious Fumes","floor":23,"key":"SMITH"}],"neow_cost":"NONE","seed_source_timestamp":929071437826280,"circlet_count":0,"master_deck":["Defend_G","Defend_G","Defend_G","Defend_G","Defend_G+1","Strike_G","Strike_G","Strike_G","Strike_G+1","Survivor","Neutralize","PiercingWail","Predator","PiercingWail","Adrenaline","PiercingWail","Leg Sweep","Malaise","Prepared+1","Terror+1","Noxious Fumes+1"],"relics":["Velvet Choker","Question Card","Happy Flower","Calipers","Vajra","TwistedFunnel","Black Star","Potion Belt","Art of War"],"potions_floor_usage":[8,16,24],"damage_taken":[{"damage":0,"enemies":"2 Louse","floor":1,"turns":3},{"damage":0,"enemies":"Small Slimes","floor":3,"turns":4},{"damage":16,"enemies":"Gremlin Nob","floor":6,"turns":5},{"damage":0,"enemies":"Jaw Worm","floor":7,"turns":3},{"damage":20,"enemies":"Lagavulin","floor":8,"turns":6},{"damage":5,"enemies":"3 Louse","floor":14,"turns":3},{"damage":39,"enemies":"Hexaghost","floor":16,"turns":19},{"damage":11,"enemies":"2 Thieves","floor":18,"turns":4},{"damage":5,"enemies":"3 Byrds","floor":20,"turns":8},{"damage":65,"enemies":"Gremlin Leader","floor":24,"turns":8}],"seed_played":"4100399949032950350","potions_obtained":[{"floor":1,"key":"AttackPotion"},{"floor":7,"key":"SkillPotion"},{"floor":8,"key":"SpeedPotion"},{"floor":16,"key":"Fruit Juice"},{"floor":18,"key":"LiquidBronze"}],"is_trial":false,"path_per_floor":["M","?","M","?","T","E","M","E","T","R","?","R","$","M","R","B",null,"M","?","M","?","$","R","E"],"character_chosen":"THE_SILENT","items_purchased":["TwistedFunnel","Noxious Fumes"],"campfire_rested":2,"item_purchase_floors":[13,22],"current_hp_per_floor":[70,70,70,56,56,40,40,20,20,41,41,62,62,57,57,18,70,59,59,54,54,54,54,0],"gold":55,"neow_bonus":"BOSS_RELIC","is_prod":false,"is_daily":false,"chose_seed":false,"campfire_upgraded":1,"win_rate":0,"timestamp":1556241472,"path_taken":["M","?","M","?","?","E","M","E","T","R","?","R","$","?","R","BOSS","M","?","?","?","$","R","E"],"build_version":"2019-01-23","purchased_purges":0,"victory":false,"max_hp_per_floor":[70,70,70,70,70,70,70,70,70,70,70,70,70,70,70,70,70,70,70,70,70,70,70,75],"card_choices":[{"not_picked":["Sucker Punch","Cloak And Dagger"],"picked":"PiercingWail","floor":1},{"not_picked":["Calculated Gamble","Finisher"],"picked":"Predator","floor":3},{"not_picked":["Underhanded Strike","Masterful Stab","Deflect"],"picked":"PiercingWail","floor":6},{"not_picked":["Slice","Predator","Deflect","Bane"],"picked":"SKIP","floor":7},{"not_picked":["Skewer","Bane","Outmaneuver"],"picked":"Adrenaline","floor":8},{"not_picked":["Blade Dance","Expertise","Slice"],"picked":"Leg Sweep","floor":14},{"not_picked":["After Image","Adrenaline","Glass Knife"],"picked":"Malaise","floor":16},{"not_picked":["Deadly Poison","Blade Dance","Outmaneuver+1"],"picked":"Prepared+1","floor":18},{"not_picked":["Flechettes","Dagger Spray","Bane"],"picked":"Terror+1","floor":20}],"player_experience":86742,"relics_obtained":[{"floor":5,"key":"Question Card"},{"floor":6,"key":"Happy Flower"},{"floor":8,"key":"Calipers"},{"floor":9,"key":"Vajra"}],"event_choices":[{"damage_healed":0,"gold_gain":0,"player_choice":"Leave","damage_taken":0,"max_hp_gain":0,"max_hp_loss":0,"event_name":"The Cleric","floor":2,"gold_loss":0},{"damage_healed":0,"gold_gain":0,"player_choice":"Entered Light","damage_taken":14,"max_hp_gain":0,"max_hp_loss":0,"event_name":"Shining Light","floor":4,"gold_loss":0,"cards_upgraded":["Strike_G","Defend_G"]},{"damage_healed":0,"gold_gain":0,"cards_transformed":["Strike_G"],"player_choice":"Transformed","damage_taken":0,"max_hp_gain":0,"max_hp_loss":0,"event_name":"Transmorgrifier","floor":11,"gold_loss":0,"cards_obtained":["PiercingWail"]},{"damage_healed":0,"gold_gain":0,"player_choice":"Gave Potion","damage_taken":0,"relics_obtained":["Potion Belt"],"max_hp_gain":0,"max_hp_loss":0,"event_name":"WeMeetAgain","floor":19,"gold_loss":0},{"damage_healed":0,"gold_gain":0,"player_choice":"Opened","damage_taken":0,"relics_obtained":["Art of War"],"max_hp_gain":0,"max_hp_loss":0,"event_name":"The Mausoleum","floor":21,"gold_loss":0}],"is_beta":false,"boss_relics":[{"not_picked":["Coffee Dripper","Calling Bell"],"picked":"Black Star"}],"items_purged_floors":[],"is_endless":false,"potions_floor_spawned":[1,7,8,16,18],"killed_by":"Gremlin Leader","ascension_level":1}