{"gold_per_floor":[215,66,66,84,84,84,111,111,161,174,208,221,221,234,234,339,339,358,358,376,105,0,29,29,54,131,143,168,168,183,197,197,300,300,315,42,52,52,66,66,166,166,166,191,208,208,259,276,276,276,276,276,96,128,128],"floor_reached":55,"playtime":2361,"items_purged":["Writhe","Strike_G"],"score":715,"play_id":"1bcbc5cd-a767-448d-bb86-5e3e5ee0d7d0","local_time":"20190515020815","is_ascension_mode":false,"campfire_choices":[{"data":"Well Laid Plans","floor":6,"key":"SMITH"},{"floor":8,"key":"REST"},{"data":"Dagger Spray","floor":15,"key":"SMITH"},{"floor":24,"key":"REST"},{"floor":29,"key":"REST"},{"data":"A Thousand Cuts","floor":32,"key":"SMITH"},{"floor":40,"key":"RECALL"},{"data":"Footwork","floor":42,"key":"SMITH"},{"data":"Catalyst","floor":46,"key":"SMITH"},{"floor":49,"key":"DIG"},{"floor":52,"key":"DIG"}],"neow_cost":"NONE","seed_source_timestamp":2529095234074714,"circlet_count":0,"master_deck":["Defend_G","Defend_G","Defend_G","Defend_G+1","Defend_G","Strike_G","Strike_G","Strike_G","Survivor","Neutralize+1","Well Laid Plans+1","Poisoned Stab","Deflect","Backflip","Dagger Spray+1","Heel Hook","Blur","A Thousand Cuts+1","Noxious Fumes","Poisoned Stab+1","Blur","Dagger Spray+1","Calculated Gamble+1","Catalyst+1","Footwork+1","Tools of the Trade","Bouncing Flask","Caltrops","PiercingWail","Sucker Punch+1","PiercingWail+1","PiercingWail","Dark Shackles","Prepared+1"],"relics":["Ring of the Snake","PreservedInsect","Bottled Flame","Vajra","Eternal Feather","Lantern","Anchor","Bronze Scales","Omamori","Tiny Chest","Snake Skull","Sozu","ClockworkSouvenir","Shovel","Paper Crane","Potion Belt","Smiling Mask","Pantograph","Mummified Hand","Oddly Smooth Stone"],"potions_floor_usage":[16,25,33,33,55,55],"damage_taken":[{"damage":0,"enemies":"2 Louse","floor":1,"turns":2},{"damage":0,"enemies":"Cultist","floor":4,"turns":4},{"damage":10,"enemies":"3 Sentries","floor":7,"turns":8},{"damage":0,"enemies":"Small Slimes","floor":10,"turns":3},{"damage":8,"enemies":"Gremlin Nob","floor":11,"turns":4},{"damage":3,"enemies":"3 Louse","floor":12,"turns":2},{"damage":1,"enemies":"Blue Slaver","floor":14,"turns":3},{"damage":41,"enemies":"Hexaghost","floor":16,"turns":15},{"damage":21,"enemies":"Shell Parasite","floor":18,"turns":7},{"damage":28,"enemies":"2 Thieves","floor":20,"turns":5},{"damage":3,"enemies":"Gremlin Leader","floor":23,"turns":5},{"damage":15,"enemies":"Book of Stabbing","floor":25,"turns":5},{"damage":23,"enemies":"Cultist and Chosen","floor":27,"turns":7},{"damage":12,"enemies":"3 Cultists","floor":30,"turns":4},{"damage":7,"enemies":"Centurion and Healer","floor":31,"turns":7},{"damage":33,"enemies":"Collector","floor":33,"turns":9},{"damage":1,"enemies":"3 Darklings","floor":35,"turns":5},{"damage":0,"enemies":"3 Shapes","floor":37,"turns":5},{"damage":0,"enemies":"Spire Growth","floor":39,"turns":5},{"damage":0,"enemies":"Mind Bloom Boss Battle","floor":41,"turns":3},{"damage":6,"enemies":"Maw","floor":45,"turns":8},{"damage":7,"enemies":"Sphere and 2 Shapes","floor":48,"turns":7},{"damage":55,"enemies":"Time Eater","floor":50,"turns":7},{"damage":40,"enemies":"Shield and Spear","floor":54,"turns":5},{"damage":65,"enemies":"The Heart","floor":55,"turns":6}],"seed_played":"4510360701197891952","potions_obtained":[{"floor":4,"key":"GamblersBrew"},{"floor":10,"key":"Regen Potion"},{"floor":16,"key":"SkillPotion"},{"floor":25,"key":"Explosive Potion"},{"floor":27,"key":"SpeedPotion"},{"floor":33,"key":"Poison Potion"}],"is_trial":false,"path_per_floor":["M","$","?","M","?","R","E","R","T","M","E","M","$","M","R","B",null,"M","?","M","$","?","E","R","E","T","M","T","R","M","M","R","B",null,"M","$","M","?","M","R","?","R","T","T","M","R","T","M","R","B",null,"R","$","E","B"],"character_chosen":"THE_SILENT","items_purchased":["PreservedInsect","Anchor","Dexterity Potion","ClockworkSouvenir","Caltrops","PiercingWail","Dark Shackles"],"campfire_rested":3,"item_purchase_floors":[2,21,21,36,36,53,53],"current_hp_per_floor":[70,70,63,63,49,49,39,60,60,60,52,49,49,48,48,22,70,49,49,21,21,21,18,51,36,36,13,13,49,37,30,45,12,70,69,69,69,69,69,70,70,70,70,70,64,70,70,63,70,15,70,70,70,30,0],"gold":128,"neow_bonus":"HUNDRED_GOLD","is_prod":false,"is_daily":false,"chose_seed":false,"campfire_upgraded":5,"win_rate":0,"timestamp":1557842895,"path_taken":["M","$","?","?","?","R","E","R","T","M","E","M","$","M","R","BOSS","M","?","M","$","?","E","R","E","T","M","?","R","?","M","R","BOSS","M","$","M","?","?","R","?","R","T","?","M","R","?","M","R","BOSS","R","$","E","BOSS"],"build_version":"2019-01-23","purchased_purges":2,"victory":false,"max_hp_per_floor":[70,70,70,70,70,70,70,70,70,70,70,70,70,70,70,70,70,70,70,70,70,70,70,70,70,70,70,70,70,70,70,70,70,70,70,70,70,70,70,70,70,70,70,70,70,70,70,70,70,70,70,70,70,70,70],"card_choices":[{"not_picked":["Poisoned Stab","Slice"],"picked":"Well Laid Plans","floor":1},{"not_picked":["Acrobatics","Slice"],"picked":"Poisoned Stab","floor":4},{"not_picked":["Underhanded Strike","Slice"],"picked":"Deflect","floor":7},{"not_picked":["Quick Slash","Underhanded Strike"],"picked":"Backflip","floor":10},{"not_picked":["Die Die Die","All Out Attack"],"picked":"Dagger Spray","floor":11},{"not_picked":["Flying Knee","Crippling Poison"],"picked":"Heel Hook","floor":12},{"not_picked":["Outmaneuver","Blade Dance"],"picked":"Blur","floor":14},{"not_picked":["Malaise","Venomology"],"picked":"A Thousand Cuts","floor":16},{"not_picked":["Quick Slash+1","Deadly Poison"],"picked":"Noxious Fumes","floor":18},{"not_picked":["Terror","Dagger Spray"],"picked":"Poisoned Stab+1","floor":20},{"not_picked":["Quick Slash","Masterful Stab"],"picked":"Blur","floor":23},{"not_picked":["Envenom","Quick Slash"],"picked":"Dagger Spray+1","floor":25},{"not_picked":["PiercingWail","Sucker Punch"],"picked":"Calculated Gamble+1","floor":27},{"not_picked":["Underhanded Strike","Terror"],"picked":"Catalyst","floor":30},{"not_picked":["Flechettes","Endless Agony"],"picked":"Footwork","floor":31},{"not_picked":["Unload","Wraith Form v2"],"picked":"Tools of the Trade","floor":33},{"not_picked":["Masterful Stab+1","Poisoned Stab+1"],"picked":"Bouncing Flask","floor":35},{"not_picked":["Underhanded Strike+1","Prepared+1"],"picked":"PiercingWail","floor":37},{"not_picked":["Underhanded Strike+1","Terror"],"picked":"Sucker Punch+1","floor":39},{"not_picked":["Calculated Gamble+1","After Image"],"picked":"PiercingWail+1","floor":41},{"not_picked":["Slice+1","Poisoned Stab","Deflect"],"picked":"SKIP","floor":45},{"not_picked":["Prepared","Flechettes+1","Acrobatics+1"],"picked":"SKIP","floor":48},{"not_picked":["Phantasmal Killer","Quick Slash+1"],"picked":"Prepared+1","floor":54}],"player_experience":256186,"relics_obtained":[{"floor":7,"key":"Bottled Flame"},{"floor":11,"key":"Vajra"},{"floor":23,"key":"Bronze Scales"},{"floor":25,"key":"Omamori"},{"floor":26,"key":"Tiny Chest"},{"floor":28,"key":"Snake Skull"},{"floor":41,"key":"Shovel"},{"floor":43,"key":"Paper Crane"},{"floor":44,"key":"Potion Belt"},{"floor":47,"key":"Smiling Mask"},{"floor":49,"key":"Pantograph"},{"floor":52,"key":"Mummified Hand"},{"floor":54,"key":"Oddly Smooth Stone"}],"event_choices":[{"damage_healed":0,"gold_gain":0,"player_choice":"Damaged","damage_taken":7,"max_hp_gain":0,"max_hp_loss":0,"event_name":"Wheel of Change","floor":3,"gold_loss":0},{"damage_healed":0,"gold_gain":0,"player_choice":"Entered Light","damage_taken":14,"max_hp_gain":0,"max_hp_loss":0,"event_name":"Shining Light","floor":5,"gold_loss":0,"cards_upgraded":["Defend_G","Neutralize"]},{"damage_healed":0,"gold_gain":0,"player_choice":"Opened","damage_taken":0,"relics_obtained":["Lantern"],"max_hp_gain":0,"max_hp_loss":0,"event_name":"The Mausoleum","floor":19,"gold_loss":0,"cards_obtained":["Writhe"]},{"damage_healed":0,"gold_gain":0,"player_choice":"Paid Fearfully","damage_taken":0,"max_hp_gain":0,"max_hp_loss":0,"event_name":"Masked Bandits","floor":22,"gold_loss":105},{"cards_removed":["Strike_G"],"damage_healed":0,"gold_gain":0,"player_choice":"Purged","damage_taken":0,"max_hp_gain":0,"max_hp_loss":0,"event_name":"Purifier","floor":38,"gold_loss":0},{"damage_healed":0,"gold_gain":0,"player_choice":"Fight","damage_taken":0,"max_hp_gain":0,"max_hp_loss":0,"event_name":"MindBloom","floor":41,"gold_loss":0}],"is_beta":false,"boss_relics":[{"not_picked":["Runic Pyramid","White Beast Statue"],"picked":"Eternal Feather"},{"not_picked":["Busted Crown","Pandora\u0027s Box"],"picked":"Sozu"}],"items_purged_floors":[21,53],"is_endless":false,"potions_floor_spawned":[4,10,16,25,27,33,35,37,45],"killed_by":"The Heart","ascension_level":0}