{"gold_per_floor":[110,128,128,53,53,87,100,130,153,153,53,53,53,53,53,152,152,172,191,106,27,27,27,27],"floor_reached":24,"playtime":785,"items_purged":["Defend_B","Decay"],"score":330,"play_id":"f65aff28-d619-4798-b6d8-bae872742da2","local_time":"20180904012356","is_ascension_mode":true,"campfire_choices":[{"data":"Zap","floor":10,"key":"SMITH"},{"data":"White Noise","floor":12,"key":"SMITH"},{"data":"Loop","floor":15,"key":"SMITH"},{"data":"Creative AI","floor":23,"key":"SMITH"}],"neow_cost":"NONE","seed_source_timestamp":1317978236373913,"circlet_count":0,"master_deck":["Strike_B","Strike_B","Defend_B","Defend_B","Zap+1","Dualcast+1","Undo","Conserve Battery","Loop+1","FTL","White Noise+1","Creative AI+1","Hello World","Defragment","Capacitor","Conserve Battery"],"relics":["Cracked Core","NeowsBlessing","Centennial Puzzle","Boot","DataDisk","Empty Cage","Incense Burner"],"potions_floor_usage":[18,19],"damage_taken":[{"damage":0,"enemies":"Jaw Worm","floor":1,"turns":1},{"damage":0,"enemies":"Small Slimes","floor":2,"turns":1},{"damage":0,"enemies":"Gremlin Nob","floor":6,"turns":1},{"damage":5,"enemies":"2 Louse","floor":7,"turns":3},{"damage":16,"enemies":"Lagavulin","floor":8,"turns":6},{"damage":0,"enemies":"Slime Boss","floor":16,"turns":6},{"damage":0,"enemies":"Spheric Guardian","floor":18,"turns":4},{"damage":11,"enemies":"2 Thieves","floor":19,"turns":4},{"damage":71,"enemies":"Gremlin Leader","floor":24,"turns":4}],"seed_played":"7970699075097582975","potions_obtained":[{"floor":1,"key":"Energy Potion"},{"floor":7,"key":"Explosive Potion"},{"floor":18,"key":"FearPotion"}],"is_trial":false,"path_per_floor":["M","M","?","$","?","E","M","E","T","R","$","R","?","?","R","B",null,"M","M","?","$","?","R"],"character_chosen":"DEFECT","items_purchased":["Capacitor","Conserve Battery"],"campfire_rested":0,"item_purchase_floors":[21,21],"current_hp_per_floor":[75,75,68,68,68,68,63,47,47,47,47,47,47,47,47,47,75,75,64,64,64,64,64,0],"gold":27,"neow_bonus":"THREE_ENEMY_KILL","is_prod":false,"is_daily":false,"chose_seed":false,"campfire_upgraded":4,"win_rate":0,"timestamp":1535991836,"path_taken":["M","M","?","$","?","E","?","E","T","R","$","R","?","?","R","BOSS","M","M","?","$","?","R","E"],"build_version":"2018-08-30","purchased_purges":2,"victory":false,"max_hp_per_floor":[75,75,75,75,75,75,75,75,75,75,75,75,75,75,75,75,75,75,75,75,75,75,75,75],"card_choices":[{"not_picked":["Darkness","Go for the Eyes"],"picked":"Undo","floor":1},{"not_picked":["Hologram","White Noise"],"picked":"Conserve Battery","floor":2},{"not_picked":["Sunder","Reinforced Body"],"picked":"Loop","floor":6},{"not_picked":["Lockon","Gash"],"picked":"FTL","floor":7},{"not_picked":["Consume","Hologram"],"picked":"White Noise","floor":8},{"not_picked":["Biased Cognition","Hyperbeam"],"picked":"Creative AI","floor":16},{"not_picked":["Chaos","Scrape"],"picked":"Hello World","floor":18},{"not_picked":["Leap","Turbo+1"],"picked":"Defragment","floor":19}],"player_experience":217724,"relics_obtained":[{"floor":6,"key":"Centennial Puzzle"},{"floor":8,"key":"Boot"},{"floor":9,"key":"DataDisk"}],"event_choices":[{"event_name":"Golden Wing","player_choice":"Card Removal","floor":3,"damage_taken":0},{"event_name":"Wheel of Change","player_choice":"Curse","floor":5,"damage_taken":0},{"event_name":"Upgrade Shrine","player_choice":"Upgraded","floor":13,"damage_taken":0},{"event_name":"Liars Game","player_choice":"disagreed","floor":14,"damage_taken":0},{"event_name":"Addict","player_choice":"Obtained Relic","floor":20,"damage_taken":0},{"event_name":"Ghosts","player_choice":"Ignored","floor":22,"damage_taken":0}],"is_beta":false,"boss_relics":[{"not_picked":["Snecko Eye","Runic Dome"],"picked":"Empty Cage"}],"items_purged_floors":[4,11],"is_endless":false,"potions_floor_spawned":[1,7,18],"killed_by":"Gremlin Leader","ascension_level":4}