{"gold_per_floor":[362,29,29,29,42,42,67,31,55,74,74,85,85,103,103,103],"floor_reached":16,"playtime":561,"items_purged":[],"score":145,"play_id":"22972486-ddb2-4807-b660-cffe890c33ac","local_time":"20190511222648","is_ascension_mode":true,"campfire_choices":[{"floor":6,"key":"REST"},{"floor":11,"key":"REST"},{"floor":13,"key":"REST"},{"data":"Dagger Spray","floor":15,"key":"SMITH"}],"neow_cost":"PERCENT_DAMAGE","seed_source_timestamp":2258408456022875,"circlet_count":0,"master_deck":["Defend_G","Defend_G","Defend_G","Defend_G","Defend_G","Strike_G","Strike_G","Strike_G","Strike_G","Survivor","Neutralize+1","Distraction","Well Laid Plans+1","Dagger Spray+1","Burst","PiercingWail","Dodge and Roll","Escape Plan","Backflip"],"relics":["Ring of the Snake","Lee\u0027s Waffle","Regal Pillow","PreservedInsect"],"potions_floor_usage":[7,16],"damage_taken":[{"damage":1,"enemies":"Jaw Worm","floor":1,"turns":7},{"damage":13,"enemies":"Small Slimes","floor":5,"turns":4},{"damage":65,"enemies":"Gremlin Nob","floor":7,"turns":6},{"damage":0,"enemies":"2 Louse","floor":10,"turns":3},{"damage":35,"enemies":"Exordium Thugs","floor":12,"turns":7},{"damage":3,"enemies":"3 Louse","floor":14,"turns":4},{"damage":45,"enemies":"Slime Boss","floor":16,"turns":11}],"seed_played":"-2993994326666273170","potions_obtained":[{"floor":1,"key":"Swift Potion"},{"floor":10,"key":"Strength Potion"},{"floor":12,"key":"GhostInAJar"}],"is_trial":false,"path_per_floor":["M","$","?","?","M","R","E","?","T","M","R","M","R","M","R","B"],"character_chosen":"THE_SILENT","items_purchased":["Well Laid Plans","Lee\u0027s Waffle","Dagger Spray"],"campfire_rested":3,"item_purchase_floors":[2,2,2],"current_hp_per_floor":[44,77,77,62,49,72,7,7,7,7,45,10,48,45,45,0],"gold":103,"neow_bonus":"TWO_FIFTY_GOLD","is_prod":false,"is_daily":false,"chose_seed":false,"campfire_upgraded":1,"win_rate":0,"timestamp":1557570408,"path_taken":["M","$","?","?","M","R","E","?","T","M","R","?","R","M","R","BOSS"],"build_version":"2019-01-23","purchased_purges":0,"victory":false,"max_hp_per_floor":[70,77,77,77,77,77,77,77,77,77,77,77,77,77,77,77],"card_choices":[{"not_picked":["Tactician","Outmaneuver"],"picked":"Distraction","floor":1},{"not_picked":["Slice","Endless Agony","Skewer"],"picked":"SKIP","floor":5},{"not_picked":["Dodge and Roll","Caltrops"],"picked":"PiercingWail","floor":7},{"not_picked":["Underhanded Strike","PiercingWail"],"picked":"Dodge and Roll","floor":10},{"not_picked":["Underhanded Strike","PiercingWail"],"picked":"Escape Plan","floor":12},{"not_picked":["Heel Hook","Bane"],"picked":"Backflip","floor":14}],"player_experience":226998,"relics_obtained":[{"floor":7,"key":"Regal Pillow"},{"floor":9,"key":"PreservedInsect"}],"event_choices":[{"damage_healed":0,"gold_gain":0,"cards_transformed":["Strike_G"],"player_choice":"Change","damage_taken":0,"max_hp_gain":0,"max_hp_loss":0,"event_name":"Living Wall","floor":3,"gold_loss":0,"cards_obtained":["Burst"]},{"damage_healed":0,"gold_gain":0,"player_choice":"Entered Light","damage_taken":15,"max_hp_gain":0,"max_hp_loss":0,"event_name":"Shining Light","floor":4,"gold_loss":0,"cards_upgraded":["Neutralize","Well Laid Plans"]},{"damage_healed":0,"gold_gain":0,"player_choice":"Left Gold","damage_taken":0,"max_hp_gain":0,"max_hp_loss":0,"event_name":"World of Goop","floor":8,"gold_loss":36}],"is_beta":false,"boss_relics":[],"items_purged_floors":[],"is_endless":false,"potions_floor_spawned":[1,10,12],"killed_by":"Slime Boss","ascension_level":9}