{"gold_per_floor":[119,136,42,55,55,55,85,97,97,123,141,151,151,166,166,262,262,244,255,255,265,265,265,275,304,304,55,74,74,24,36,36,140,140,159,159,170,170,188,188,200,228,228,228,240,1,18,35,35,35],"floor_reached":51,"playtime":9015,"items_purged":["Strike_G"],"score":853,"play_id":"db1fad29-5406-49f5-a762-c371573c1182","local_time":"20190517185225","is_ascension_mode":true,"campfire_choices":[{"data":"Leg Sweep","floor":6.0,"key":"SMITH"},{"data":"Footwork","floor":13.0,"key":"SMITH"},{"data":"Noxious Fumes","floor":15.0,"key":"SMITH"},{"floor":23.0,"key":"REST"},{"floor":29.0,"key":"REST"},{"floor":32,"key":"REST"},{"data":"A Thousand Cuts","floor":40,"key":"SMITH"},{"floor":49,"key":"REST"}],"neow_cost":"NONE","seed_source_timestamp":0,"circlet_count":0,"master_deck":["Defend_G","Defend_G","Defend_G","Defend_G","Defend_G","Strike_G","Survivor","Neutralize+1","Flying Knee","Skewer","Footwork+1","Dagger Spray","Leg Sweep+1","Noxious Fumes+1","Backstab","Dash","Acrobatics","A Thousand Cuts+1","Night Terror+1","Well Laid Plans+1","Masterful Stab+1","Leg Sweep+1","Cloak And Dagger","Catalyst+1","PiercingWail","Backflip","PiercingWail","After Image+1","Cloak And Dagger","PiercingWail","Backflip+1","Backstab+1","Footwork+1","Blur","Parasite","Dodge and Roll+1","Blur+1"],"special_seed":0,"relics":["Ring of the Snake","Peace Pipe","Bottled Lightning","Bottled Flame","Astrolabe","Nilry\u0027s Codex","Lantern","Mercury Hourglass","Regal Pillow","Velvet Choker","Du-Vu Doll","Pen Nib","Oddly Smooth Stone"],"potions_floor_usage":[33,50],"damage_taken":[{"damage":0.0,"enemies":"2 Louse","floor":1.0,"turns":4.0},{"damage":0.0,"enemies":"Cultist","floor":2.0,"turns":3.0},{"damage":0.0,"enemies":"Jaw Worm","floor":4.0,"turns":4.0},{"damage":16.0,"enemies":"Lagavulin","floor":7.0,"turns":12.0},{"damage":0.0,"enemies":"Looter","floor":8.0,"turns":4.0},{"damage":5.0,"enemies":"3 Sentries","floor":10.0,"turns":9.0},{"damage":0.0,"enemies":"Red Slaver","floor":11.0,"turns":4.0},{"damage":0.0,"enemies":"3 Louse","floor":12.0,"turns":3.0},{"damage":0.0,"enemies":"2 Fungi Beasts","floor":14.0,"turns":3.0},{"damage":23.0,"enemies":"Hexaghost","floor":16.0,"turns":11.0},{"damage":1.0,"enemies":"2 Thieves","floor":18.0,"turns":4.0},{"damage":18.0,"enemies":"Shell Parasite","floor":19.0,"turns":6.0},{"damage":6.0,"enemies":"Snake Plant","floor":21.0,"turns":6.0},{"damage":20.0,"enemies":"Colosseum Slavers","floor":22.0,"turns":10.0},{"damage":4.0,"enemies":"Shelled Parasite and Fungi","floor":24.0,"turns":11.0},{"damage":20.0,"enemies":"Gremlin Leader","floor":25.0,"turns":10.0},{"damage":3.0,"enemies":"3 Cultists","floor":28.0,"turns":6.0},{"damage":0.0,"enemies":"Cultist and Chosen","floor":31.0,"turns":6.0},{"damage":24,"enemies":"Automaton","floor":33,"turns":12},{"damage":0,"enemies":"3 Shapes","floor":35,"turns":3},{"damage":3,"enemies":"3 Darklings","floor":37,"turns":8},{"damage":11,"enemies":"Writhing Mass","floor":39,"turns":10},{"damage":2,"enemies":"Sphere and 2 Shapes","floor":41,"turns":6},{"damage":16,"enemies":"Reptomancer","floor":42,"turns":10},{"damage":0,"enemies":"Jaw Worm Horde","floor":45,"turns":6},{"damage":0,"enemies":"Writhing Mass","floor":47,"turns":10},{"damage":8,"enemies":"Maw","floor":48,"turns":14},{"damage":32,"enemies":"Awakened One","floor":50,"turns":20}],"seed_played":"-8914655937471427005","potions_obtained":[{"floor":4.0,"key":"FairyPotion"},{"floor":11.0,"key":"EssenceOfSteel"},{"floor":14.0,"key":"Ancient Potion"},{"floor":16.0,"key":"Explosive Potion"},{"floor":24.0,"key":"GhostInAJar"},{"floor":33,"key":"Block Potion"},{"floor":41,"key":"Strength Potion"},{"floor":42,"key":"EntropicBrew"}],"is_trial":false,"path_per_floor":["M","M","$","M","?","R","E","M","T","E","M","M","R","M","R","B",null,"M","M","?","M","?","R","M","E","T","$","M","R","$","M","R","B",null,"M","?","M","?","M","R","M","E","T","?","M","$","M","M","R","B",null],"character_chosen":"THE_SILENT","items_purchased":["Footwork","Dagger Spray","Regal Pillow","Backflip","PowerPotion","Oddly Smooth Stone","Blur"],"campfire_rested":4,"item_purchase_floors":[3,3,27,27,30,46,46],"current_hp_per_floor":[70,70,70,70,70,70,54,54,54,49,49,49,49,49,49,26,70,69,51,35,29,9,30,26,6,6,6,3,39,39,39,70,46,70,70,70,67,67,56,56,54,38,38,38,38,38,38,30,66,34],"gold":35,"neow_bonus":"UPGRADE_CARD","is_prod":false,"is_daily":false,"chose_seed":false,"campfire_upgraded":4,"win_rate":0,"timestamp":1558133545,"path_taken":["M","M","$","M","?","R","E","M","T","E","M","M","R","M","R","BOSS","M","?","?","M","?","R","M","E","T","?","M","R","$","M","R","BOSS","M","?","?","?","M","R","M","E","T","?","M","$","M","M","R","BOSS"],"build_version":"2019-01-23","purchased_purges":1,"victory":true,"max_hp_per_floor":[70,70,70,70,70,70,70,70,70,70,70,70,70,70,70,70,70,70,70,70,70,70,70,70,70,70,70,70,70,70,70,70,70,70,70,70,70,70,70,70,70,70,70,70,70,70,70,70,70,70],"card_choices":[{"not_picked":["Choke","Underhanded Strike"],"picked":"Flying Knee","floor":1.0},{"not_picked":["Terror","PiercingWail"],"picked":"Skewer","floor":2.0},{"not_picked":["Sucker Punch","Blade Dance","Slice"],"picked":"SKIP","floor":4.0},{"not_picked":["Deadly Poison","Prepared"],"picked":"Noxious Fumes","floor":7.0},{"not_picked":["PiercingWail","Eviscerate"],"picked":"Backstab","floor":8.0},{"not_picked":["Phantasmal Killer","Finisher"],"picked":"Concentrate","floor":10.0},{"not_picked":["Deflect","Prepared"],"picked":"Dash","floor":11.0},{"not_picked":["Outmaneuver","Distraction"],"picked":"Acrobatics","floor":12.0},{"not_picked":["Dagger Spray","Dagger Throw"],"picked":"Calculated Gamble","floor":14.0},{"not_picked":["Unload","Doppelganger"],"picked":"A Thousand Cuts","floor":16.0},{"not_picked":["Dagger Spray","Well Laid Plans"],"picked":"Leg Sweep+1","floor":18.0},{"not_picked":["Underhanded Strike","Dodge and Roll"],"picked":"Cloak And Dagger","floor":19.0},{"not_picked":["Acrobatics+1","Outmaneuver","Riddle With Holes"],"picked":"SKIP","floor":21.0},{"not_picked":["Heel Hook+1","Flying Knee"],"picked":"Catalyst+1","floor":24.0},{"not_picked":["Slice+1","Burst"],"picked":"PiercingWail","floor":25.0},{"not_picked":["Sucker Punch+1","Accuracy"],"picked":"PiercingWail","floor":28.0},{"not_picked":["Dagger Throw","Blade Dance","Endless Agony+1"],"picked":"SKIP","floor":31.0},{"not_picked":["Glass Knife","Grand Finale"],"picked":"After Image","floor":33},{"not_picked":["Deflect","Calculated Gamble+1","Masterful Stab"],"picked":"SKIP","floor":35},{"not_picked":["Underhanded Strike","Deadly Poison"],"picked":"Cloak And Dagger","floor":37},{"not_picked":["Deflect","Sucker Punch+1"],"picked":"PiercingWail","floor":39},{"not_picked":["Expertise","Flying Knee"],"picked":"Backflip+1","floor":41},{"not_picked":["Bane+1","Masterful Stab+1"],"picked":"Backstab+1","floor":42},{"not_picked":["Underhanded Strike+1","Endless Agony"],"picked":"Footwork+1","floor":45},{"not_picked":["Burst","Infinite Blades+1"],"picked":"Dodge and Roll+1","floor":47},{"not_picked":["Crippling Poison","Dagger Spray"],"picked":"Blur+1","floor":48}],"player_experience":321930,"relics_obtained":[{"floor":7.0,"key":"Peace Pipe"},{"floor":9.0,"key":"Bottled Lightning"},{"floor":10.0,"key":"Bottled Flame"},{"floor":20.0,"key":"Nilry\u0027s Codex"},{"floor":25.0,"key":"Lantern"},{"floor":26.0,"key":"Mercury Hourglass"},{"floor":42,"key":"Du-Vu Doll"},{"floor":43,"key":"Pen Nib"}],"event_choices":[{"damage_healed":0.0,"max_hp_gain":0.0,"max_hp_loss":0.0,"gold_gain":0.0,"cards_transformed":["Strike_G"],"event_name":"Transmorgrifier","player_choice":"Transformed","floor":5.0,"gold_loss":0.0,"damage_taken":0.0,"cards_obtained":["Leg Sweep"]},{"damage_healed":0.0,"max_hp_gain":0.0,"max_hp_loss":0.0,"gold_gain":0.0,"event_name":"Cursed Tome","player_choice":"Obtained Book","floor":20.0,"gold_loss":0.0,"damage_taken":16.0},{"damage_healed":0.0,"max_hp_gain":0.0,"max_hp_loss":0.0,"gold_gain":0.0,"event_name":"Colosseum","player_choice":"Fight","floor":22.0,"gold_loss":0.0,"damage_taken":0.0},{"damage_healed":0.0,"max_hp_gain":0.0,"max_hp_loss":0.0,"gold_gain":0.0,"event_name":"Colosseum","player_choice":"Fled From Nobs","floor":22.0,"gold_loss":0.0,"damage_taken":0.0},{"damage_healed":0,"gold_gain":0,"player_choice":"Forge","damage_taken":0,"max_hp_gain":0,"max_hp_loss":0,"event_name":"Accursed Blacksmith","floor":36,"gold_loss":0,"cards_upgraded":["After Image"]},{"cards_removed":["Calculated Gamble"],"damage_healed":0,"gold_gain":0,"player_choice":"Removed Skill","damage_taken":0,"max_hp_gain":0,"max_hp_loss":0,"event_name":"Falling","floor":38,"gold_loss":0},{"damage_healed":0,"gold_gain":0,"player_choice":"Ignored","damage_taken":0,"max_hp_gain":0,"max_hp_loss":0,"event_name":"Mysterious Sphere","floor":44,"gold_loss":0}],"is_beta":false,"boss_relics":[{"not_picked":["Tiny House","Lizard Tail"],"picked":"Astrolabe"},{"not_picked":["Runic Dome","Calling Bell"],"picked":"Velvet Choker"}],"items_purged_floors":[27],"is_endless":false,"potions_floor_spawned":[4,11,14,16,18,22,24,28,33,37,41,42,45],"ascension_level":4}