{"gold_per_floor":[109,109,284,304,25,58,58,71,141,141,62,123,123,156,156,286,286,306,27,51,51,51,51,69,83,83,11,36,36,36],"floor_reached":30,"playtime":843,"items_purged":["Doubt","Strike_B"],"score":271,"play_id":"33734e67-d841-4f0d-9eb2-2c5b36a072db","local_time":"20181210173838","is_ascension_mode":false,"campfire_choices":[{"data":"Creative AI","floor":10,"key":"SMITH"},{"data":"Zap","floor":13,"key":"SMITH"},{"data":"White Noise","floor":15,"key":"SMITH"},{"data":"Self Repair","floor":23,"key":"SMITH"}],"neow_cost":"NONE","seed_source_timestamp":2211077645551160,"circlet_count":0,"master_deck":["Strike_B","Strike_B","Strike_B","Defend_B","Defend_B","Defend_B","Defend_B","Zap+1","Dualcast","Go for the Eyes","White Noise+1","Ball Lightning","Consume","Static Discharge","Creative AI+1","Hologram","Defragment","Tempest+1","Self Repair+1","Amplify+1","Conserve Battery+1","Hologram+1","Undo+1","Conserve Battery+1","Echo Form","Undo+1","Auto Shields+1","Necronomicurse"],"relics":["Cracked Core","NeowsBlessing","Golden Idol","Juzu Bracelet","Toxic Egg 2","Tiny Chest","Letter Opener","Inserter","DataDisk","Singing Bowl","Necronomicon"],"potions_floor_usage":[14,30,30],"damage_taken":[{"damage":0,"enemies":"Jaw Worm","floor":1,"turns":1},{"damage":0,"enemies":"2 Louse","floor":4,"turns":1},{"damage":0,"enemies":"Gremlin Nob","floor":6,"turns":1},{"damage":2,"enemies":"Small Slimes","floor":8,"turns":3},{"damage":26,"enemies":"Lagavulin","floor":12,"turns":6},{"damage":6,"enemies":"Gremlin Nob","floor":14,"turns":3},{"damage":16,"enemies":"Hexaghost","floor":16,"turns":7},{"damage":24,"enemies":"3 Byrds","floor":18,"turns":4},{"damage":13,"enemies":"Spheric Guardian","floor":20,"turns":4},{"damage":41,"enemies":"Shelled Parasite and Fungi","floor":24,"turns":6},{"damage":0,"enemies":"Snecko","floor":25,"turns":5},{"damage":26,"enemies":"Cultist and Chosen","floor":28,"turns":5},{"damage":12,"enemies":"Shelled Parasite and Fungi","floor":30,"turns":4}],"seed_played":"4273364606800869231","potions_obtained":[{"floor":4,"key":"PowerPotion"},{"floor":12,"key":"Dexterity Potion"},{"floor":18,"key":"SkillPotion"},{"floor":20,"key":"FocusPotion"}],"is_trial":false,"path_per_floor":["M","?","?","M","$","E","?","M","T","R","$","E","R","E","R","B",null,"M","$","M","?","?","R","M","M","T","$","M","?","M"],"character_chosen":"DEFECT","items_purchased":["Ball Lightning","Consume","Static Discharge","Defragment","DataDisk","Hologram+1","Undo+1"],"campfire_rested":0,"item_purchase_floors":[5,5,5,11,19,19,27],"current_hp_per_floor":[75,69,69,69,69,69,74,72,72,72,72,46,46,40,40,31,74,57,57,51,51,51,51,20,30,30,30,24,8,0],"gold":36,"neow_bonus":"THREE_ENEMY_KILL","is_prod":false,"is_daily":false,"chose_seed":false,"campfire_upgraded":4,"win_rate":0,"timestamp":1544431118,"path_taken":["M","?","?","M","$","E","?","M","T","R","?","E","R","E","R","BOSS","M","$","M","?","?","R","M","M","T","$","M","?","M"],"build_version":"2018-12-06","purchased_purges":2,"victory":false,"max_hp_per_floor":[75,69,69,69,69,69,74,74,74,74,74,74,74,74,74,74,74,74,74,74,74,74,74,74,74,74,74,74,74,74],"card_choices":[{"not_picked":["Stack","Streamline"],"picked":"Go for the Eyes","floor":1},{"not_picked":["Steam","Redo"],"picked":"White Noise","floor":4},{"not_picked":["Compile Driver","Beam Cell"],"picked":"Creative AI","floor":6},{"not_picked":["Steam","Gash"],"picked":"Hologram","floor":8},{"not_picked":["Gash","Chill+1"],"picked":"Tempest+1","floor":12},{"not_picked":["Streamline","Doom and Gloom"],"picked":"Self Repair","floor":14},{"not_picked":["Meteor Strike","Hyperbeam"],"picked":"Amplify+1","floor":16},{"not_picked":["Hologram+1","Static Discharge"],"picked":"Conserve Battery+1","floor":18},{"not_picked":["Aggregate+1","Conserve Battery+1"],"picked":"Undo+1","floor":20},{"not_picked":["Rebound","Steam+1"],"picked":"Conserve Battery+1","floor":24},{"not_picked":["Coolheaded+1","Redo+1"],"picked":"Echo Form","floor":25},{"not_picked":["Beam Cell+1","Streamline+1"],"picked":"Auto Shields+1","floor":28}],"player_experience":557434,"relics_obtained":[{"floor":6,"key":"Juzu Bracelet"},{"floor":9,"key":"Toxic Egg 2"},{"floor":12,"key":"Tiny Chest"},{"floor":14,"key":"Letter Opener"},{"floor":29,"key":"Necronomicon"}],"event_choices":[{"damage_healed":0,"gold_gain":0,"player_choice":"Lose Max HP","damage_taken":0,"relics_obtained":["Golden Idol"],"max_hp_gain":0,"max_hp_loss":6,"event_name":"Golden Idol","floor":2,"gold_loss":0},{"damage_healed":0,"gold_gain":175,"player_choice":"AGREE","damage_taken":0,"max_hp_gain":0,"max_hp_loss":0,"event_name":"Liars Game","floor":3,"gold_loss":0,"cards_obtained":["Doubt"]},{"damage_healed":0,"gold_gain":0,"player_choice":"Donut","damage_taken":0,"max_hp_gain":5,"max_hp_loss":0,"event_name":"Big Fish","floor":7,"gold_loss":0},{"damage_healed":0,"gold_gain":0,"player_choice":"Ignored","damage_taken":0,"max_hp_gain":0,"max_hp_loss":0,"event_name":"Beggar","floor":21,"gold_loss":0},{"damage_healed":0,"gold_gain":0,"player_choice":"Gave Potion","damage_taken":0,"relics_obtained":["Singing Bowl"],"max_hp_gain":0,"max_hp_loss":0,"event_name":"WeMeetAgain","floor":22,"gold_loss":0},{"damage_healed":0,"gold_gain":0,"player_choice":"Obtained Book","damage_taken":16,"max_hp_gain":0,"max_hp_loss":0,"event_name":"Cursed Tome","floor":29,"gold_loss":0}],"is_beta":false,"boss_relics":[{"not_picked":["Snecko Eye","Coffee Dripper"],"picked":"Inserter"}],"items_purged_floors":[5,19],"is_endless":false,"potions_floor_spawned":[4,12,18,20],"killed_by":"Shelled Parasite and Fungi","ascension_level":0}