{"gold_per_floor":[109,120,139,139,156,156,167,167,167,167,187,203,203,60,60,161,161,161,116,116,116,116,116,116,116,116,116,116,116,116,116,116,116],"floor_reached":33,"playtime":1048,"items_purged":["Strike_B"],"score":259,"play_id":"7a62bfdc-8f1d-4a7f-8e39-105f98779f76","local_time":"20190420170350","is_ascension_mode":false,"campfire_choices":[{"data":"Genetic Algorithm","floor":6,"key":"SMITH"},{"floor":8,"key":"REST"},{"floor":15,"key":"REST"},{"floor":23,"key":"REST"},{"floor":28,"key":"REST"},{"floor":30,"key":"REST"},{"floor":32,"key":"REST"}],"neow_cost":"NONE","seed_source_timestamp":424145879341892,"circlet_count":0,"master_deck":["Strike_B","Strike_B","Strike_B","Defend_B","Defend_B","Defend_B","Defend_B","Zap","Dualcast+1","Streamline","Genetic Algorithm+1","Gash","Gash","Gash","Capacitor","Electrodynamics","White Noise","Core Surge","Redo","Loop","Decay","Beam Cell+1","Go for the Eyes","Necronomicurse","Hologram"],"relics":["Cracked Core","Potion Belt","Mummified Hand","Ectoplasm","Kunai","Darkstone Periapt","Blood Vial","Necronomicon"],"potions_floor_usage":[16,33,33,33,33,33],"damage_taken":[{"damage":0,"enemies":"Small Slimes","floor":1,"turns":3},{"damage":1,"enemies":"Cultist","floor":2,"turns":3},{"damage":6,"enemies":"Jaw Worm","floor":3,"turns":3},{"damage":29,"enemies":"Gremlin Gang","floor":5,"turns":5},{"damage":38,"enemies":"Exordium Wildlife","floor":7,"turns":7},{"damage":2,"enemies":"Blue Slaver","floor":11,"turns":3},{"damage":5,"enemies":"Looter","floor":12,"turns":3},{"damage":37,"enemies":"Hexaghost","floor":16,"turns":8},{"damage":8,"enemies":"Chosen","floor":18,"turns":4},{"damage":15,"enemies":"2 Thieves","floor":19,"turns":3},{"damage":40,"enemies":"Slavers","floor":24,"turns":4},{"damage":20,"enemies":"3 Cultists","floor":25,"turns":4},{"damage":11,"enemies":"Snecko","floor":29,"turns":4},{"damage":19,"enemies":"Snake Plant","floor":31,"turns":4},{"damage":71,"enemies":"Collector","floor":33,"turns":7}],"seed_played":"863710690745215641","potions_obtained":[{"floor":5,"key":"Fire Potion"},{"floor":7,"key":"Fruit Juice"},{"floor":12,"key":"Dexterity Potion"},{"floor":16,"key":"Explosive Potion"},{"floor":19,"key":"Strength Potion"},{"floor":24,"key":"Swift Potion"},{"floor":31,"key":"Dexterity Potion"}],"is_trial":false,"path_per_floor":["M","M","M","?","M","R","M","R","T","?","M","M","?","$","R","B",null,"M","M","?","?","T","R","E","M","T","?","R","M","R","M","R","B"],"character_chosen":"DEFECT","items_purchased":["White Noise"],"campfire_rested":6,"item_purchase_floors":[14],"current_hp_per_floor":[75,74,68,68,39,39,1,23,23,23,21,16,41,41,63,31,80,72,57,57,57,57,80,40,20,20,10,35,26,51,34,59,0],"gold":116,"neow_bonus":"RANDOM_COMMON_RELIC","is_prod":false,"is_daily":false,"chose_seed":false,"campfire_upgraded":1,"win_rate":0,"timestamp":1555736630,"path_taken":["M","M","M","?","?","R","M","R","T","?","M","?","?","?","R","BOSS","M","M","?","?","?","R","E","M","T","?","R","?","R","M","R","BOSS"],"build_version":"2019-01-23","purchased_purges":1,"victory":false,"max_hp_per_floor":[75,75,75,75,75,75,75,75,75,75,75,75,75,75,75,80,80,80,80,80,80,80,80,80,80,80,86,86,86,86,86,86,86],"card_choices":[{"not_picked":["Steam","Go for the Eyes"],"picked":"Streamline","floor":1},{"not_picked":["Hologram","Conserve Battery"],"picked":"Genetic Algorithm","floor":2},{"not_picked":["Go for the Eyes","Hologram"],"picked":"Gash","floor":3},{"not_picked":["Tempest","BootSequence"],"picked":"Gash","floor":5},{"not_picked":["Conserve Battery","Force Field"],"picked":"Gash","floor":7},{"not_picked":["White Noise","Loop"],"picked":"Capacitor","floor":11},{"not_picked":["Recycle","Go for the Eyes"],"picked":"Electrodynamics","floor":12},{"not_picked":["Electrodynamics","Thunder Strike"],"picked":"Core Surge","floor":16},{"not_picked":["Barrage","Lockon"],"picked":"Redo","floor":18},{"not_picked":["Rip and Tear","Consume"],"picked":"Loop","floor":19},{"not_picked":["Redo","Sweeping Beam+1"],"picked":"Beam Cell+1","floor":24},{"not_picked":["White Noise","Stack+1"],"picked":"Go for the Eyes","floor":25},{"not_picked":["Capacitor","Sweeping Beam+1"],"picked":"Hologram","floor":29},{"not_picked":["Sweeping Beam+1","Hello World+1","Rainbow"],"picked":"SKIP","floor":31}],"player_experience":33340,"relics_obtained":[{"floor":9,"key":"Mummified Hand"},{"floor":22,"key":"Kunai"},{"floor":24,"key":"Darkstone Periapt"},{"floor":26,"key":"Blood Vial"},{"floor":27,"key":"Necronomicon"}],"event_choices":[{"damage_healed":0,"gold_gain":0,"player_choice":"Ignored","damage_taken":0,"max_hp_gain":0,"max_hp_loss":0,"event_name":"NoteForYourself","floor":4,"gold_loss":0},{"damage_healed":0,"gold_gain":0,"player_choice":"Upgraded","damage_taken":0,"max_hp_gain":0,"max_hp_loss":0,"event_name":"Upgrade Shrine","floor":10,"gold_loss":0,"cards_upgraded":["Dualcast"]},{"damage_healed":25,"gold_gain":0,"player_choice":"Banana","damage_taken":0,"max_hp_gain":0,"max_hp_loss":0,"event_name":"Big Fish","floor":13,"gold_loss":0},{"damage_healed":0,"gold_gain":0,"player_choice":"Smashed Altar","damage_taken":0,"max_hp_gain":0,"max_hp_loss":0,"event_name":"Forgotten Altar","floor":20,"gold_loss":0,"cards_obtained":["Decay"]},{"damage_healed":0,"gold_gain":0,"player_choice":"Ignored","damage_taken":0,"max_hp_gain":0,"max_hp_loss":0,"event_name":"Vampires","floor":21,"gold_loss":0},{"damage_healed":0,"gold_gain":0,"player_choice":"Obtained Book","damage_taken":16,"max_hp_gain":0,"max_hp_loss":0,"event_name":"Cursed Tome","floor":27,"gold_loss":0}],"is_beta":false,"boss_relics":[{"not_picked":["Snecko Eye","Calling Bell"],"picked":"Ectoplasm"}],"items_purged_floors":[14],"is_endless":false,"potions_floor_spawned":[5,7,12,16,19,24,29,31],"killed_by":"Collector","ascension_level":0}