{"gold_per_floor":[119,135,148,148,148,148,148,160,240,269,269,269,269,284,284,385,385,405,405,440,355,355,382,382,414,461,461,1,1,1,1,1,100,100,116,131,5,15,69,69,102,102,177,190,190,216,246,258,270,282],"floor_reached":51,"playtime":1688,"items_purged":[],"score":1045,"play_id":"e1e51527-84f1-4a4e-a0fc-7644c263815b","local_time":"20190516133234","is_ascension_mode":true,"campfire_choices":[{"data":"Sword Boomerang","floor":6.0,"key":"SMITH"},{"data":"Perfected Strike","floor":13.0,"key":"SMITH"},{"data":"Battle Trance","floor":15.0,"key":"SMITH"},{"floor":24.0,"key":"REST"},{"floor":27.0,"key":"REST"},{"floor":29.0,"key":"REST"},{"floor":32.0,"key":"RECALL"},{"floor":40.0,"key":"REST"},{"floor":45,"key":"REST"},{"floor":49,"key":"REST"}],"neow_cost":"NONE","seed_source_timestamp":0,"circlet_count":0,"master_deck":["Strike_R+1","Strike_R+1","Strike_R+1","Defend_R+1","Defend_R+1","Defend_R+1","Bash+1","Thunderclap","Sword Boomerang+1","Pommel Strike","Perfected Strike+1","Twin Strike","Battle Trance+1","Wild Strike","Immolate","Pommel Strike","Shrug It Off","Bloodletting","Perfected Strike+1","Second Wind","Flex","Offering","Anger+1","Evolve","Thunderclap+1","Dropkick+1","Flex+1","Twin Strike+1"],"special_seed":0,"relics":["Burning Blood","Juzu Bracelet","Self Forming Clay","Strawberry","Anchor","Fusion Hammer","Red Mask","Torii","The Courier","Bag of Preparation","Omamori","DollysMirror","Mango","MutagenicStrength","Cursed Key","Oddly Smooth Stone","FossilizedHelix","Ornamental Fan","Shuriken","MawBank"],"potions_floor_usage":[],"damage_taken":[{"damage":8.0,"enemies":"Jaw Worm","floor":1.0,"turns":5.0},{"damage":10.0,"enemies":"Small Slimes","floor":2.0,"turns":4.0},{"damage":6.0,"enemies":"Cultist","floor":3.0,"turns":3.0},{"damage":10.0,"enemies":"Exordium Thugs","floor":8.0,"turns":4.0},{"damage":27.0,"enemies":"Lagavulin","floor":10.0,"turns":5.0},{"damage":0.0,"enemies":"Red Slaver","floor":14.0,"turns":2.0},{"damage":12.0,"enemies":"Slime Boss","floor":16.0,"turns":5.0},{"damage":2.0,"enemies":"3 Byrds","floor":18.0,"turns":3.0},{"damage":3.0,"enemies":"Masked Bandits","floor":20.0,"turns":3.0},{"damage":26.0,"enemies":"Slavers","floor":23.0,"turns":4.0},{"damage":41.0,"enemies":"Book of Stabbing","floor":25.0,"turns":5.0},{"damage":75.0,"enemies":"Champ","floor":33.0,"turns":9.0},{"damage":0.0,"enemies":"Orb Walker","floor":35.0,"turns":2.0},{"damage":15.0,"enemies":"3 Shapes","floor":36.0,"turns":2.0},{"damage":18.0,"enemies":"Writhing Mass","floor":38.0,"turns":4.0},{"damage":11.0,"enemies":"2 Orb Walkers","floor":39.0,"turns":3.0},{"damage":64,"enemies":"Reptomancer","floor":41,"turns":4},{"damage":0,"enemies":"Jaw Worm Horde","floor":44,"turns":2},{"damage":0,"enemies":"Spire Growth","floor":47,"turns":2},{"damage":42,"enemies":"Donu and Deca","floor":50,"turns":6}],"seed_played":"-6863739862961036599","potions_obtained":[{"floor":1.0,"key":"SpeedPotion"},{"floor":8.0,"key":"Fruit Juice"},{"floor":23.0,"key":"Strength Potion"},{"floor":33.0,"key":"Fruit Juice"},{"floor":38.0,"key":"Fruit Juice"},{"floor":44,"key":"Energy Potion"},{"floor":47,"key":"GamblersBrew"}],"is_trial":false,"path_per_floor":["M","M","M","?","?","R","?","M","T","E","T","?","R","M","R","B",null,"M","?","?","?","?","E","R","E","T","R","$","R","$","?","R","B",null,"M","M","$","M","?","R","E","?","T","M","R","T","M","?","R","B",null],"character_chosen":"IRONCLAD","items_purchased":["DollysMirror","Second Wind","Mango","Flex","Oddly Smooth Stone"],"campfire_rested":6,"item_purchase_floors":[28,28,28,28,37],"current_hp_per_floor":[70,66,66,59,59,59,59,55,55,46,46,46,46,52,52,46,81,85,85,88,88,88,68,92,57,57,84,98,106,106,106,106,37,89,100,91,91,79,79,113,55,55,55,61,94,94,100,100,110,74],"gold":294,"neow_bonus":"RANDOM_COMMON_RELIC","is_prod":false,"is_daily":false,"chose_seed":false,"campfire_upgraded":3,"win_rate":0,"timestamp":1558027954,"path_taken":["M","M","M","?","?","R","?","M","T","E","?","?","R","M","R","BOSS","M","?","?","?","?","E","R","E","T","R","$","R","?","?","R","BOSS","M","M","$","M","?","R","E","?","T","M","R","?","M","?","R","BOSS"],"build_version":"2019-01-23","purchased_purges":0,"victory":true,"max_hp_per_floor":[80,80,80,80,80,80,80,80,80,92,92,92,92,92,92,92,92,92,92,92,92,92,92,92,92,92,92,106,106,106,106,106,106,106,111,111,111,111,116,116,116,110,110,110,110,110,110,110,110,110],"card_choices":[{"not_picked":["Corruption","Seeing Red"],"picked":"Thunderclap","floor":1.0},{"not_picked":["Clothesline","Flex"],"picked":"Sword Boomerang","floor":2.0},{"not_picked":["Corruption","Disarm"],"picked":"Pommel Strike","floor":3.0},{"not_picked":["Demon Form","Armaments"],"picked":"Twin Strike","floor":8.0},{"not_picked":["Cleave","Wild Strike"],"picked":"Battle Trance","floor":10.0},{"not_picked":["True Grit","Warcry","Cleave"],"picked":"SKIP","floor":14.0},{"not_picked":["Barricade","Bludgeon"],"picked":"Immolate","floor":16.0},{"not_picked":["Cleave","Warcry+1"],"picked":"Pommel Strike","floor":18.0},{"not_picked":["Thunderclap","Infernal Blade"],"picked":"Shrug It Off","floor":20.0},{"not_picked":["Corruption","Pummel"],"picked":"Bloodletting","floor":23.0},{"not_picked":["Iron Wave","Clash","Entrench"],"picked":"SKIP","floor":25.0},{"not_picked":["Bludgeon","Juggernaut"],"picked":"Offering","floor":33.0},{"not_picked":["Warcry","Bloodletting"],"picked":"Anger+1","floor":35.0},{"not_picked":["Sword Boomerang","Clothesline+1"],"picked":"Evolve","floor":36.0},{"not_picked":["Sword Boomerang","Armaments+1"],"picked":"Thunderclap+1","floor":38.0},{"not_picked":["Perfected Strike","Iron Wave"],"picked":"Dropkick+1","floor":41},{"not_picked":["Thunderclap+1","Intimidate+1"],"picked":"Flex+1","floor":44},{"not_picked":["Entrench","Iron Wave+1"],"picked":"Twin Strike+1","floor":47}],"player_experience":197592,"relics_obtained":[{"floor":9.0,"key":"Self Forming Clay"},{"floor":10.0,"key":"Strawberry"},{"floor":11.0,"key":"Anchor"},{"floor":20.0,"key":"Red Mask"},{"floor":23.0,"key":"The Courier"},{"floor":25.0,"key":"Bag of Preparation"},{"floor":26.0,"key":"Omamori"},{"floor":39.0,"key":"FossilizedHelix"},{"floor":41,"key":"Ornamental Fan"},{"floor":43,"key":"Shuriken"},{"floor":46,"key":"MawBank"}],"event_choices":[{"cards_removed":["Strike_R"],"damage_healed":0.0,"max_hp_gain":0.0,"max_hp_loss":0.0,"gold_gain":0.0,"event_name":"Golden Wing","player_choice":"Card Removal","floor":4.0,"gold_loss":0.0,"damage_taken":7.0},{"damage_healed":0.0,"max_hp_gain":0.0,"max_hp_loss":0.0,"gold_gain":0.0,"event_name":"Accursed Blacksmith","player_choice":"Forge","floor":5.0,"gold_loss":0.0,"damage_taken":0.0,"cards_upgraded":["Bash"]},{"damage_healed":0.0,"max_hp_gain":0.0,"max_hp_loss":0.0,"gold_gain":0.0,"cards_transformed":["Strike_R"],"event_name":"Transmorgrifier","player_choice":"Transformed","floor":7.0,"gold_loss":0.0,"damage_taken":0.0,"cards_obtained":["Perfected Strike"]},{"damage_healed":0.0,"max_hp_gain":0.0,"max_hp_loss":0.0,"gold_gain":0.0,"cards_transformed":["Defend_R"],"event_name":"Living Wall","player_choice":"Change","floor":12.0,"gold_loss":0.0,"damage_taken":0.0,"cards_obtained":["Wild Strike"]},{"damage_healed":0.0,"max_hp_gain":0.0,"max_hp_loss":0.0,"gold_gain":0.0,"event_name":"Back to Basics","player_choice":"Simplicity","floor":19.0,"gold_loss":0.0,"damage_taken":0.0,"cards_upgraded":["Strike_R","Strike_R","Strike_R","Defend_R","Defend_R","Defend_R"]},{"damage_healed":0.0,"max_hp_gain":0.0,"max_hp_loss":0.0,"gold_gain":0.0,"event_name":"Masked Bandits","player_choice":"Fought Bandits","floor":20.0,"gold_loss":0.0,"damage_taken":0.0},{"damage_healed":0.0,"max_hp_gain":0.0,"max_hp_loss":0.0,"gold_gain":0.0,"event_name":"Addict","player_choice":"Obtained Relic","floor":21.0,"gold_loss":85.0,"damage_taken":0.0,"relics_obtained":["Torii"]},{"damage_healed":0.0,"max_hp_gain":0.0,"max_hp_loss":0.0,"gold_gain":0.0,"event_name":"Vampires","player_choice":"Ignored","floor":22.0,"gold_loss":0.0,"damage_taken":0.0},{"damage_healed":0.0,"max_hp_gain":0.0,"max_hp_loss":0.0,"gold_gain":0.0,"event_name":"Drug Dealer","player_choice":"Inject Mutagens","floor":31.0,"gold_loss":0.0,"damage_taken":0.0,"relics_obtained":["MutagenicStrength"]},{"damage_healed":0.0,"max_hp_gain":0.0,"max_hp_loss":0.0,"gold_gain":0.0,"event_name":"Mysterious Sphere","player_choice":"Fight","floor":39.0,"gold_loss":0.0,"damage_taken":0.0},{"damage_healed":0,"gold_gain":0,"player_choice":"Max HP","damage_taken":0,"max_hp_gain":0,"max_hp_loss":6,"event_name":"Winding Halls","floor":42,"gold_loss":0},{"damage_healed":0,"gold_gain":0,"player_choice":"Ignored","damage_taken":0,"max_hp_gain":0,"max_hp_loss":0,"event_name":"Transmorgrifier","floor":48,"gold_loss":0}],"is_beta":false,"boss_relics":[{"not_picked":["Empty Cage","Philosopher\u0027s Stone"],"picked":"Fusion Hammer"},{"not_picked":["Runic Cube","Astrolabe"],"picked":"Cursed Key"}],"items_purged_floors":[],"is_endless":false,"potions_floor_spawned":[1,8,23,33,38,44,47],"ascension_level":8}