{"gold_per_floor":[367,367,33,52,227,258,258,278,349,319,319,38,64,74,74,176,176,190,11,111,111,97,129,129,139,139,139,155,155,170,85,85,190,190,210,210,64,64,75,75,92,92,92,104,136,136,151,166,166,166],"floor_reached":50,"playtime":3570,"items_purged":["Doubt","Doubt"],"score":600,"play_id":"bed4a28d-2e3b-4b77-8dc8-1116bfe1e861","local_time":"20190514220457","is_ascension_mode":false,"campfire_choices":[{"floor":7,"key":"REST"},{"data":"Apotheosis","floor":11,"key":"SMITH"},{"data":"Well Laid Plans","floor":15,"key":"SMITH"},{"floor":24,"key":"REST"},{"floor":27,"key":"REST"},{"floor":32,"key":"REST"},{"floor":40,"key":"RECALL"},{"floor":42,"key":"REST"},{"floor":49,"key":"REST"}],"neow_cost":"PERCENT_DAMAGE","seed_source_timestamp":2513285606894496,"circlet_count":0,"master_deck":["Defend_G+1","Defend_G","Defend_G","Defend_G","Defend_G+1","Strike_G","Strike_G","Strike_G","Strike_G","Strike_G","Survivor","Neutralize","Cloak And Dagger","Apotheosis+1","Infinite Blades","Leg Sweep","Backflip","Footwork","Well Laid Plans+1","PiercingWail","Glass Knife","Distraction","Well Laid Plans","After Image","Noxious Fumes+1","Footwork","PiercingWail","Dodge and Roll+1","All Out Attack+1","Blur+1","Well Laid Plans","Corpse Explosion","Flying Knee","Prepared+1","Cloak And Dagger","Parasite","Prepared","Cloak And Dagger+1","Tactician","Cloak And Dagger"],"relics":["Ring of the Snake","Juzu Bracelet","Lee\u0027s Waffle","Omamori","Calling Bell","Art of War","Blue Candle","The Specimen","Tingsha","Sundial","Dead Branch","Mercury Hourglass","Matryoshka","HoveringKite","Oddly Smooth Stone","PreservedInsect","Paper Crane","Happy Flower"],"potions_floor_usage":[14,22,22,28,30],"damage_taken":[{"damage":5,"enemies":"Jaw Worm","floor":1,"turns":5},{"damage":0,"enemies":"Small Slimes","floor":4,"turns":4},{"damage":2,"enemies":"Lagavulin","floor":6,"turns":10},{"damage":0,"enemies":"2 Louse","floor":8,"turns":3},{"damage":0,"enemies":"Looter","floor":10,"turns":4},{"damage":6,"enemies":"3 Sentries","floor":13,"turns":9},{"damage":4,"enemies":"Exordium Thugs","floor":14,"turns":5},{"damage":7,"enemies":"The Guardian","floor":16,"turns":14},{"damage":14,"enemies":"Chosen","floor":18,"turns":8},{"damage":17,"enemies":"Colosseum Slavers","floor":20,"turns":6},{"damage":41,"enemies":"Colosseum Nobs","floor":20,"turns":7},{"damage":0,"enemies":"2 Thieves","floor":22,"turns":5},{"damage":0,"enemies":"Gremlin Leader","floor":23,"turns":11},{"damage":1,"enemies":"Snake Plant","floor":25,"turns":7},{"damage":14,"enemies":"Sentry and Sphere","floor":28,"turns":7},{"damage":5,"enemies":"3 Cultists","floor":30,"turns":4},{"damage":26,"enemies":"Champ","floor":33,"turns":16},{"damage":4,"enemies":"3 Darklings","floor":35,"turns":6},{"damage":0,"enemies":"Orb Walker","floor":39,"turns":5},{"damage":28,"enemies":"Spire Growth","floor":41,"turns":6},{"damage":18,"enemies":"Writhing Mass","floor":44,"turns":6},{"damage":37,"enemies":"Giant Head","floor":45,"turns":9},{"damage":4,"enemies":"Sphere and 2 Shapes","floor":47,"turns":5},{"damage":17,"enemies":"Transient","floor":48,"turns":5},{"damage":35,"enemies":"Time Eater","floor":50,"turns":7}],"seed_played":"1872101133689785558","potions_obtained":[{"floor":8,"key":"FearPotion"},{"floor":13,"key":"SteroidPotion"},{"floor":14,"key":"GhostInAJar"},{"floor":20,"key":"EssenceOfSteel"},{"floor":22,"key":"Energy Potion"},{"floor":23,"key":"Regen Potion"},{"floor":28,"key":"Explosive Potion"},{"floor":35,"key":"Poison Potion"},{"floor":36,"key":"FairyPotion"},{"floor":36,"key":"Ancient Potion"}],"is_trial":false,"path_per_floor":["M","?","$","M","?","E","R","M","T","M","R","$","E","M","R","B",null,"M","$","?","$","M","E","R","M","T","R","M","?","M","?","R","B",null,"M","?","$","?","M","R","M","R","T","M","E","$","M","M","R","B"],"character_chosen":"THE_SILENT","items_purchased":["Apotheosis","Infinite Blades","Leg Sweep","Backflip","Lee\u0027s Waffle","Footwork","Oddly Smooth Stone"],"campfire_rested":6,"item_purchase_floors":[3,3,3,3,12,19,37],"current_hp_per_floor":[44,30,30,30,30,28,49,49,49,49,49,77,71,67,67,60,77,63,63,5,5,5,5,28,27,27,50,48,48,43,43,66,40,77,73,73,73,73,73,73,45,68,68,50,13,13,9,7,30,0],"gold":166,"neow_bonus":"TWO_FIFTY_GOLD","is_prod":false,"is_daily":false,"chose_seed":false,"campfire_upgraded":2,"win_rate":0,"timestamp":1557828297,"path_taken":["M","?","$","M","?","E","R","M","T","M","R","$","E","M","R","BOSS","M","$","?","$","M","E","R","M","T","R","M","?","M","?","R","BOSS","M","?","?","?","M","R","M","R","T","M","E","$","M","M","R","BOSS"],"build_version":"2019-01-23","purchased_purges":2,"victory":false,"max_hp_per_floor":[70,70,70,70,70,70,70,70,70,70,70,77,77,77,77,77,77,77,77,77,77,77,77,77,77,77,77,77,77,77,77,77,77,77,77,77,77,77,77,77,77,77,77,77,77,77,77,77,77,77],"card_choices":[{"not_picked":["Bane","Quick Slash"],"picked":"Cloak And Dagger","floor":1},{"not_picked":["PiercingWail","Quick Slash"],"picked":"Footwork","floor":4},{"not_picked":["Dagger Spray","Backflip"],"picked":"Well Laid Plans","floor":6},{"not_picked":["Dash","Skewer"],"picked":"PiercingWail","floor":8},{"not_picked":["Bane","Choke"],"picked":"Glass Knife","floor":10},{"not_picked":["PiercingWail","Flechettes"],"picked":"Distraction","floor":13},{"not_picked":["Outmaneuver","Deadly Poison"],"picked":"Well Laid Plans","floor":14},{"not_picked":["Wraith Form v2","Tools of the Trade"],"picked":"After Image","floor":16},{"not_picked":["Infinite Blades","Backflip"],"picked":"Noxious Fumes+1","floor":18},{"not_picked":["Underhanded Strike","Bane"],"picked":"PiercingWail","floor":20},{"not_picked":["Underhanded Strike","Quick Slash"],"picked":"Dodge and Roll+1","floor":22},{"not_picked":["Riddle With Holes","Slice"],"picked":"All Out Attack+1","floor":23},{"not_picked":["Reflex","Accuracy"],"picked":"Blur+1","floor":25},{"not_picked":["Underhanded Strike","Riddle With Holes+1","Flying Knee"],"picked":"SKIP","floor":28},{"not_picked":["Terror","Deflect+1"],"picked":"Well Laid Plans","floor":30},{"not_picked":["Glass Knife","Tools of the Trade"],"picked":"Corpse Explosion","floor":33},{"not_picked":["Deflect","Backflip"],"picked":"Flying Knee","floor":35},{"not_picked":["Flying Knee+1","Underhanded Strike"],"picked":"Prepared+1","floor":39},{"not_picked":["Acrobatics","Poisoned Stab"],"picked":"Cloak And Dagger","floor":41},{"not_picked":["Outmaneuver","Cloak And Dagger"],"picked":"Prepared","floor":44},{"not_picked":["Phantasmal Killer","Wraith Form v2"],"picked":"Cloak And Dagger+1","floor":45},{"not_picked":["Sucker Punch+1","Dagger Spray+1"],"picked":"Tactician","floor":47},{"not_picked":["Quick Slash+1","Bane"],"picked":"Cloak And Dagger","floor":48}],"player_experience":251958,"relics_obtained":[{"floor":6,"key":"Juzu Bracelet"},{"floor":13,"key":"Omamori"},{"floor":17,"key":"Art of War"},{"floor":17,"key":"Blue Candle"},{"floor":17,"key":"The Specimen"},{"floor":20,"key":"Tingsha"},{"floor":20,"key":"Sundial"},{"floor":23,"key":"Dead Branch"},{"floor":26,"key":"Mercury Hourglass"},{"floor":43,"key":"PreservedInsect"},{"floor":43,"key":"Paper Crane"},{"floor":45,"key":"Happy Flower"}],"event_choices":[{"damage_healed":0,"gold_gain":0,"player_choice":"Entered Light","damage_taken":14,"max_hp_gain":0,"max_hp_loss":0,"event_name":"Shining Light","floor":2,"gold_loss":0,"cards_upgraded":["Defend_G","Defend_G"]},{"damage_healed":0,"gold_gain":175,"player_choice":"AGREE","damage_taken":0,"max_hp_gain":0,"max_hp_loss":0,"event_name":"Liars Game","floor":5,"gold_loss":0,"cards_obtained":["Doubt"]},{"damage_healed":0,"gold_gain":0,"player_choice":"Fight","damage_taken":0,"max_hp_gain":0,"max_hp_loss":0,"event_name":"Colosseum","floor":20,"gold_loss":0},{"damage_healed":0,"gold_gain":0,"player_choice":"Fought Nobs","damage_taken":0,"max_hp_gain":0,"max_hp_loss":0,"event_name":"Colosseum","floor":20,"gold_loss":0},{"damage_healed":0,"gold_gain":0,"player_choice":"Ignored","damage_taken":0,"max_hp_gain":0,"max_hp_loss":0,"event_name":"Cursed Tome","floor":29,"gold_loss":0},{"damage_healed":0,"gold_gain":0,"player_choice":"Obtained Relic","damage_taken":0,"relics_obtained":["Matryoshka"],"max_hp_gain":0,"max_hp_loss":0,"event_name":"Addict","floor":31,"gold_loss":85},{"damage_healed":0,"gold_gain":0,"player_choice":"Got Potions","damage_taken":0,"max_hp_gain":0,"max_hp_loss":0,"event_name":"Lab","floor":36,"gold_loss":0},{"damage_healed":0,"gold_gain":0,"player_choice":"Memory 1","damage_taken":0,"max_hp_gain":0,"max_hp_loss":0,"event_name":"SensoryStone","floor":38,"gold_loss":0}],"is_beta":false,"boss_relics":[{"not_picked":["Astrolabe","Black Star"],"picked":"Calling Bell"},{"not_picked":["White Beast Statue","Pandora\u0027s Box"],"picked":"HoveringKite"}],"items_purged_floors":[12,19],"is_endless":false,"potions_floor_spawned":[8,13,14,20,20,22,23,28,35,39],"killed_by":"Time Eater","ascension_level":0}