{"gold_per_floor":[359,378,378,395,407,407,441,441,441,441,453,297,309,320,320,416,416,433,433,448,464,474,474,502,519,519,519],"floor_reached":27,"playtime":1273,"items_purged":[],"score":274,"play_id":"fbefbd66-131c-4a7e-bb6e-42b74cfff0b9","local_time":"20190428225748","is_ascension_mode":true,"campfire_choices":[{"floor":6,"key":"REST"},{"data":"Noxious Fumes","floor":10,"key":"SMITH"},{"floor":15,"key":"REST"},{"floor":23,"key":"REST"}],"neow_cost":"CURSE","seed_source_timestamp":1136354379684326,"circlet_count":0,"master_deck":["Defend_G","Defend_G","Defend_G","Defend_G","Defend_G","Strike_G","Strike_G","Strike_G","Survivor","Neutralize","Noxious Fumes+1","Noxious Fumes","Backflip","After Image","Deflect","Flying Knee","Malaise","Noxious Fumes","Blur","Backflip","Caltrops","A Thousand Cuts","Prepared","Prepared","Caltrops","PiercingWail","Caltrops+1","Leg Sweep","Dodge and Roll"],"relics":["Ring of the Snake","Spirit Poop","Paper Crane","Dream Catcher","Pear","Empty Cage","Regal Pillow"],"potions_floor_usage":[22,24,27],"damage_taken":[{"damage":8,"enemies":"2 Louse","floor":1,"turns":2},{"damage":2,"enemies":"Cultist","floor":2,"turns":4},{"damage":0,"enemies":"Small Slimes","floor":4,"turns":3},{"damage":13,"enemies":"Exordium Wildlife","floor":5,"turns":6},{"damage":18,"enemies":"Lagavulin","floor":7,"turns":8},{"damage":14,"enemies":"Exordium Thugs","floor":11,"turns":5},{"damage":1,"enemies":"Red Slaver","floor":13,"turns":4},{"damage":13,"enemies":"Exordium Wildlife","floor":14,"turns":5},{"damage":8,"enemies":"The Guardian","floor":16,"turns":11},{"damage":13,"enemies":"Spheric Guardian","floor":18,"turns":5},{"damage":3,"enemies":"3 Byrds","floor":20,"turns":3},{"damage":22,"enemies":"Centurion and Healer","floor":21,"turns":8},{"damage":28,"enemies":"Snake Plant","floor":22,"turns":6},{"damage":6,"enemies":"Book of Stabbing","floor":24,"turns":6},{"damage":27,"enemies":"Shelled Parasite and Fungi","floor":25,"turns":6},{"damage":12,"enemies":"Cultist and Chosen","floor":27,"turns":5}],"seed_played":"-6076822621976584680","potions_obtained":[{"floor":2,"key":"Block Potion"},{"floor":4,"key":"Dexterity Potion"},{"floor":11,"key":"Poison Potion"},{"floor":13,"key":"GhostInAJar"},{"floor":25,"key":"SteroidPotion"}],"is_trial":false,"path_per_floor":["M","M","?","M","M","R","E","?","T","R","M","$","M","M","R","B",null,"M","?","M","M","M","R","E","M","T","M"],"character_chosen":"THE_SILENT","items_purchased":["Malaise","Noxious Fumes"],"campfire_rested":3,"item_purchase_floors":[12,12],"current_hp_per_floor":[62,60,60,60,47,68,50,43,53,53,39,39,38,25,49,41,80,67,67,64,42,14,38,32,5,5,0],"gold":519,"neow_bonus":"TWO_FIFTY_GOLD","is_prod":false,"is_daily":false,"chose_seed":false,"campfire_upgraded":1,"win_rate":0,"timestamp":1556449068,"path_taken":["M","M","?","?","M","R","E","?","T","R","M","$","M","M","R","BOSS","M","?","M","M","M","R","E","M","T","M"],"build_version":"2019-01-23","purchased_purges":0,"victory":false,"max_hp_per_floor":[70,70,70,70,70,70,70,70,80,80,80,80,80,80,80,80,80,80,80,80,80,80,80,80,80,80,80],"card_choices":[{"not_picked":["Sucker Punch","Deflect"],"picked":"Noxious Fumes","floor":1},{"not_picked":["Terror","Flying Knee"],"picked":"Noxious Fumes","floor":2},{"not_picked":["Deflect","Dagger Throw"],"picked":"Backflip","floor":4},{"not_picked":["Deflect","Bane"],"picked":"After Image","floor":5},{"not_picked":["Slice","Crippling Poison"],"picked":"Deflect","floor":7},{"not_picked":["Quick Slash","Acrobatics"],"picked":"Flying Knee","floor":11},{"not_picked":["Deflect","Flying Knee"],"picked":"Blur","floor":13},{"not_picked":["Underhanded Strike","Bane"],"picked":"Backflip","floor":14},{"not_picked":["Crippling Poison","Quick Slash"],"picked":"Caltrops","floor":15},{"not_picked":["Burst","Bullet Time"],"picked":"A Thousand Cuts","floor":16},{"not_picked":["Slice+1","Masterful Stab","Dagger Throw"],"picked":"SKIP","floor":18},{"not_picked":["Endless Agony","Backstab"],"picked":"Prepared","floor":20},{"not_picked":["Cloak And Dagger+1","Outmaneuver+1"],"picked":"Caltrops","floor":21},{"not_picked":["Envenom","Blade Dance"],"picked":"PiercingWail","floor":22},{"not_picked":["Catalyst","Terror"],"picked":"Caltrops+1","floor":23},{"not_picked":["Endless Agony","Reflex"],"picked":"Leg Sweep","floor":24},{"not_picked":["Deadly Poison","Predator"],"picked":"Dodge and Roll","floor":25}],"player_experience":115568,"relics_obtained":[{"floor":7,"key":"Paper Crane"},{"floor":9,"key":"Pear"},{"floor":24,"key":"Regal Pillow"}],"event_choices":[{"cards_removed":["Shame"],"damage_healed":0,"gold_gain":0,"player_choice":"Offered Curse","damage_taken":0,"relics_obtained":["Spirit Poop"],"max_hp_gain":0,"max_hp_loss":0,"event_name":"Bonfire Elementals","floor":3,"gold_loss":0},{"damage_healed":0,"gold_gain":0,"player_choice":"Success","damage_taken":7,"relics_obtained":["Dream Catcher"],"max_hp_gain":0,"max_hp_loss":0,"event_name":"Scrap Ooze","floor":8,"gold_loss":0},{"damage_healed":0,"gold_gain":0,"player_choice":"Read","damage_taken":0,"max_hp_gain":0,"max_hp_loss":0,"event_name":"The Library","floor":19,"gold_loss":0,"cards_obtained":["Prepared"]}],"is_beta":false,"boss_relics":[{"not_picked":["Snecko Eye","White Beast Statue"],"picked":"Empty Cage"}],"items_purged_floors":[],"is_endless":false,"potions_floor_spawned":[2,4,11,13,16,25],"killed_by":"Cultist and Chosen","ascension_level":3}