{"gold_per_floor":[109,128,128,142,154,179,195,195,220,220,250,250,268,268],"floor_reached":14,"playtime":631,"items_purged":[],"score":122,"play_id":"2a8086f6-8d3a-46fd-9367-9dca023b576e","local_time":"20190510080319","is_ascension_mode":true,"campfire_choices":[{"floor":8,"key":"REST"},{"floor":10,"key":"REST"},{"data":"Defragment","floor":12,"key":"SMITH"}],"neow_cost":"NONE","seed_source_timestamp":0,"circlet_count":0,"master_deck":["Strike_B","Strike_B","Strike_B","Defend_B","Defend_B","Defend_B","Defend_B","Zap","Dualcast","Defragment+1","Compile Driver","Chaos","Cold Snap","Coolheaded","Echo Form","Self Repair","Hologram","Leap"],"relics":["Inserter","Darkstone Periapt","Omamori"],"potions_floor_usage":[7,14],"damage_taken":[{"damage":12,"enemies":"Small Slimes","floor":1,"turns":4},{"damage":1,"enemies":"Cultist","floor":2,"turns":3},{"damage":8,"enemies":"Jaw Worm","floor":4,"turns":5},{"damage":11,"enemies":"Red Slaver","floor":5,"turns":4},{"damage":21,"enemies":"3 Sentries","floor":6,"turns":7},{"damage":14,"enemies":"Lots of Slimes","floor":7,"turns":7},{"damage":3,"enemies":"Lagavulin","floor":11,"turns":9},{"damage":21,"enemies":"Exordium Wildlife","floor":13,"turns":6},{"damage":43,"enemies":"Gremlin Gang","floor":14,"turns":7}],"seed_played":"3685753124","potions_obtained":[{"floor":1,"key":"Strength Potion"},{"floor":6,"key":"SkillPotion"},{"floor":7,"key":"SneckoOil"}],"is_trial":false,"path_per_floor":["M","M","?","M","M","E","M","R","T","R","E","R","M","M"],"character_chosen":"DEFECT","items_purchased":[],"campfire_rested":2,"item_purchase_floors":[],"current_hp_per_floor":[63,62,62,54,43,22,8,30,30,52,56,56,42,0],"gold":268,"neow_bonus":"BOSS_RELIC","is_prod":false,"is_daily":false,"chose_seed":true,"campfire_upgraded":1,"win_rate":0,"timestamp":1557432199,"path_taken":["M","M","?","M","M","E","M","R","T","R","E","R","M","?"],"build_version":"2019-01-23","purchased_purges":0,"victory":false,"max_hp_per_floor":[75,75,75,75,75,75,75,75,75,75,75,75,75,75],"card_choices":[{"not_picked":["Gash","Turbo"],"picked":"Defragment","floor":1},{"not_picked":["Steam","Conserve Battery"],"picked":"Compile Driver","floor":2},{"not_picked":["Barrage","Steam"],"picked":"Cold Snap","floor":4},{"not_picked":["Beam Cell","Cold Snap"],"picked":"Coolheaded","floor":5},{"not_picked":["Barrage","Go for the Eyes"],"picked":"Echo Form","floor":6},{"not_picked":["Darkness","Redo"],"picked":"Self Repair","floor":7},{"not_picked":["Conserve Battery","Force Field"],"picked":"Hologram","floor":11},{"not_picked":["Melter","Rip and Tear"],"picked":"Leap","floor":13}],"player_experience":214230,"relics_obtained":[{"floor":6,"key":"Darkstone Periapt"},{"floor":11,"key":"Omamori"}],"event_choices":[{"damage_healed":0,"gold_gain":0,"cards_transformed":["Strike_B"],"player_choice":"Transformed","damage_taken":0,"max_hp_gain":0,"max_hp_loss":0,"event_name":"Transmorgrifier","floor":3,"gold_loss":0,"cards_obtained":["Chaos"]}],"is_beta":false,"boss_relics":[],"items_purged_floors":[],"is_endless":false,"potions_floor_spawned":[1,6,7],"killed_by":"Gremlin Gang","ascension_level":4}