{"gold_per_floor":[118,130,305,319,48,76,76,106,106,106,132,132,149,215,215,215],"floor_reached":16,"playtime":1459,"items_purged":["Doubt"],"score":136,"play_id":"a0410943-a4bd-4324-aeef-e55d86d2d6e5","local_time":"20190515112019","is_ascension_mode":true,"campfire_choices":[{"data":"Neutralize","floor":7,"key":"SMITH"},{"data":"Dagger Spray","floor":12,"key":"SMITH"},{"floor":15,"key":"DIG"}],"neow_cost":"PERCENT_DAMAGE","seed_source_timestamp":55291201656640,"circlet_count":0,"master_deck":["Defend_G","Defend_G","Defend_G","Defend_G","Defend_G","Strike_G","Strike_G","Strike_G","Strike_G","Strike_G","Survivor","Neutralize+1","Unload","Dagger Spray+1","Deadly Poison","PiercingWail","Crippling Poison","Footwork","Catalyst","Parasite","Cloak And Dagger","Bane"],"relics":["Ring of the Snake","Pen Nib","Vajra","Shovel","Ninja Scroll","Juzu Bracelet","Anchor"],"potions_floor_usage":[4,8],"damage_taken":[{"damage":0,"enemies":"Jaw Worm","floor":1,"turns":4},{"damage":0,"enemies":"2 Louse","floor":2,"turns":2},{"damage":10,"enemies":"Small Slimes","floor":4,"turns":3},{"damage":17,"enemies":"3 Sentries","floor":6,"turns":9},{"damage":13,"enemies":"Gremlin Nob","floor":8,"turns":5},{"damage":10,"enemies":"3 Sentries","floor":11,"turns":6},{"damage":0,"enemies":"3 Louse","floor":13,"turns":1},{"damage":22,"enemies":"Slime Boss","floor":16,"turns":8}],"seed_played":"-756487169407548448","potions_obtained":[{"floor":1,"key":"Ancient Potion"},{"floor":2,"key":"Fruit Juice"}],"is_trial":false,"path_per_floor":["M","M","?","M","$","E","R","E","T","?","E","R","M","?","R","B"],"character_chosen":"THE_SILENT","items_purchased":["Crippling Poison","Pen Nib"],"campfire_rested":0,"item_purchase_floors":[5,5],"current_hp_per_floor":[49,49,49,44,44,27,27,14,14,32,22,22,22,22,22,0],"gold":215,"neow_bonus":"THREE_RARE_CARDS","is_prod":false,"is_daily":false,"chose_seed":false,"campfire_upgraded":2,"win_rate":0,"timestamp":1557933619,"path_taken":["M","M","?","M","$","E","R","E","T","?","E","R","M","?","R","BOSS"],"build_version":"2019-01-23","purchased_purges":1,"victory":false,"max_hp_per_floor":[70,70,70,75,75,75,75,75,75,75,75,75,75,75,75,75],"card_choices":[{"not_picked":["Grand Finale","Venomology"],"picked":"Unload","floor":0},{"not_picked":["Bouncing Flask","Flechettes"],"picked":"Dagger Spray","floor":1},{"not_picked":["Flying Knee","Slice"],"picked":"Deadly Poison","floor":2},{"not_picked":["Backflip","Bane"],"picked":"PiercingWail","floor":4},{"not_picked":["Poisoned Stab","Backflip"],"picked":"Footwork","floor":6},{"not_picked":["Masterful Stab","Outmaneuver"],"picked":"Catalyst","floor":8},{"not_picked":["Bane","Prepared"],"picked":"Cloak And Dagger","floor":11},{"not_picked":["Slice","Blade Dance"],"picked":"Bane","floor":13}],"player_experience":254818,"relics_obtained":[{"floor":6,"key":"Vajra"},{"floor":8,"key":"Shovel"},{"floor":9,"key":"Ninja Scroll"},{"floor":11,"key":"Juzu Bracelet"},{"floor":15,"key":"Anchor"}],"event_choices":[{"damage_healed":0,"gold_gain":175,"player_choice":"AGREE","damage_taken":0,"max_hp_gain":0,"max_hp_loss":0,"event_name":"Liars Game","floor":3,"gold_loss":0,"cards_obtained":["Doubt"]},{"damage_healed":18,"gold_gain":0,"player_choice":"Healed and dodged fight","damage_taken":0,"max_hp_gain":0,"max_hp_loss":0,"event_name":"Mushrooms","floor":10,"gold_loss":0,"cards_obtained":["Parasite"]},{"damage_healed":0,"gold_gain":66,"player_choice":"Gained Gold","damage_taken":0,"max_hp_gain":0,"max_hp_loss":0,"event_name":"Golden Wing","floor":14,"gold_loss":0}],"is_beta":false,"boss_relics":[],"items_purged_floors":[5],"is_endless":false,"potions_floor_spawned":[1,2],"killed_by":"Slime Boss","ascension_level":3}