{"gold_per_floor":[119,119,119,65,77,77,106,106,106,106,124,49,63,94,94,193,193,213,213,138,148,148,159,159,188,188,207,207,207,33,50,50,153,153,171,187,187],"floor_reached":37,"playtime":2943,"items_purged":["Pain","Regret"],"score":442,"play_id":"466899d6-1f40-4e03-8950-f5411859583a","local_time":"20190426130133","is_ascension_mode":true,"campfire_choices":[{"data":"Terror","floor":6,"key":"SMITH"},{"floor":8,"key":"REST"},{"floor":15,"key":"REST"},{"floor":24,"key":"REST"},{"floor":29,"key":"REST"},{"floor":32,"key":"REST"}],"neow_cost":"NONE","seed_source_timestamp":926109515288703,"circlet_count":0,"master_deck":["Defend_G","Defend_G","Defend_G","Defend_G","Strike_G","Strike_G","Survivor","Neutralize","Blade Dance","Infinite Blades","PiercingWail","Terror+1","Sucker Punch","Heel Hook","Noxious Fumes","PiercingWail","Well Laid Plans","Venomology","Acrobatics+1","Infinite Blades+1","Underhanded Strike+1","Predator","Crippling Poison","Leg Sweep","Venomology","PiercingWail","Footwork","Flying Knee","Sucker Punch","Crippling Poison+1"],"relics":["Ring of the Snake","Sundial","Pen Nib","Paper Crane","WarpedTongs","Ancient Tea Set","Astrolabe","Pear","Juzu Bracelet"],"potions_floor_usage":[16,16,16,23,23,25,25,28,28,31,33,33,36,36,37,37],"damage_taken":[{"damage":0,"enemies":"Small Slimes","floor":1,"turns":4},{"damage":1,"enemies":"Cultist","floor":5,"turns":4},{"damage":29,"enemies":"Lagavulin","floor":7,"turns":6},{"damage":6,"enemies":"Jaw Worm","floor":11,"turns":3},{"damage":18,"enemies":"Exordium Thugs","floor":13,"turns":5},{"damage":11,"enemies":"3 Sentries","floor":14,"turns":7},{"damage":30,"enemies":"The Guardian","floor":16,"turns":10},{"damage":25,"enemies":"Chosen","floor":18,"turns":6},{"damage":18,"enemies":"Shell Parasite","floor":21,"turns":6},{"damage":10,"enemies":"Cultist and Chosen","floor":23,"turns":7},{"damage":11,"enemies":"Book of Stabbing","floor":25,"turns":5},{"damage":4,"enemies":"Centurion and Healer","floor":27,"turns":6},{"damage":16,"enemies":"Colosseum Slavers","floor":28,"turns":6},{"damage":2,"enemies":"Snecko","floor":31,"turns":5},{"damage":33,"enemies":"Champ","floor":33,"turns":11},{"damage":63,"enemies":"3 Darklings","floor":35,"turns":7},{"damage":5,"enemies":"3 Shapes","floor":36,"turns":10},{"damage":19,"enemies":"Jaw Worm Horde","floor":37,"turns":5}],"seed_played":"4642071518128938772","potions_obtained":[{"floor":0,"key":"GamblersBrew"},{"floor":0,"key":"SmokeBomb"},{"floor":0,"key":"SteroidPotion"},{"floor":11,"key":"Weak Potion"},{"floor":14,"key":"Regen Potion"},{"floor":16,"key":"Poison Potion"},{"floor":23,"key":"EssenceOfSteel"}],"is_trial":false,"path_per_floor":["M","?","?","$","M","R","E","R","T","?","M","$","M","E","R","B",null,"M","?","$","M","T","M","R","E","T","M","?","R","$","M","R","B",null,"M","M","M"],"character_chosen":"THE_SILENT","items_purchased":["PiercingWail","Noxious Fumes","Footwork"],"campfire_rested":5,"item_purchase_floors":[4,12,30],"current_hp_per_floor":[70,70,70,70,69,69,40,61,61,61,55,55,37,26,47,32,70,45,32,32,14,24,14,39,28,28,24,23,48,48,46,71,38,85,22,17,0],"gold":187,"neow_bonus":"THREE_SMALL_POTIONS","is_prod":false,"is_daily":false,"chose_seed":false,"campfire_upgraded":1,"win_rate":0,"timestamp":1556240493,"path_taken":["M","?","?","$","M","R","E","R","T","?","M","$","?","E","R","BOSS","M","?","$","M","?","M","R","E","T","M","?","R","$","M","R","BOSS","M","M","M"],"build_version":"2019-01-23","purchased_purges":2,"victory":false,"max_hp_per_floor":[70,70,70,70,70,70,70,70,70,70,70,70,70,70,70,70,70,70,75,75,75,85,85,85,85,85,85,85,85,85,85,85,85,85,85,85,85],"card_choices":[{"not_picked":["Distraction","Choke"],"picked":"Blade Dance","floor":1},{"not_picked":["Outmaneuver","Slice"],"picked":"Terror","floor":5},{"not_picked":["Catalyst","Eviscerate"],"picked":"Sucker Punch","floor":7},{"not_picked":["Predator","Quick Slash"],"picked":"Heel Hook","floor":11},{"not_picked":["Tactician","Acrobatics"],"picked":"PiercingWail","floor":13},{"not_picked":["Dodge and Roll","Finisher"],"picked":"Well Laid Plans","floor":14},{"not_picked":["Storm of Steel","Bullet Time"],"picked":"Venomology","floor":16},{"not_picked":["Sucker Punch","Deadly Poison"],"picked":"Predator","floor":18},{"not_picked":["Endless Agony","Deflect"],"picked":"Crippling Poison","floor":21},{"not_picked":["Prepared","Catalyst"],"picked":"Leg Sweep","floor":23},{"not_picked":["Riddle With Holes","Accuracy"],"picked":"Venomology","floor":25},{"not_picked":["Finisher","Blade Dance"],"picked":"PiercingWail","floor":27},{"not_picked":["Calculated Gamble","Blade Dance+1"],"picked":"Flying Knee","floor":31},{"not_picked":["Dodge and Roll+1","Underhanded Strike"],"picked":"Sucker Punch","floor":35},{"not_picked":["Distraction+1","Deflect"],"picked":"Crippling Poison+1","floor":36}],"player_experience":83799,"relics_obtained":[{"floor":7,"key":"Pen Nib"},{"floor":9,"key":"Paper Crane"},{"floor":14,"key":"Ancient Tea Set"},{"floor":22,"key":"Pear"},{"floor":25,"key":"Juzu Bracelet"}],"event_choices":[{"damage_healed":0,"gold_gain":0,"player_choice":"Box","damage_taken":0,"relics_obtained":["Sundial"],"max_hp_gain":0,"max_hp_loss":0,"event_name":"Big Fish","floor":2,"gold_loss":0,"cards_obtained":["Regret"]},{"damage_healed":0,"gold_gain":0,"cards_transformed":["Defend_G"],"player_choice":"Change","damage_taken":0,"max_hp_gain":0,"max_hp_loss":0,"event_name":"Living Wall","floor":3,"gold_loss":0,"cards_obtained":["Infinite Blades"]},{"damage_healed":0,"gold_gain":0,"player_choice":"Rummage","damage_taken":0,"relics_obtained":["WarpedTongs"],"max_hp_gain":0,"max_hp_loss":0,"event_name":"Accursed Blacksmith","floor":10,"gold_loss":0,"cards_obtained":["Pain"]},{"damage_healed":0,"gold_gain":0,"player_choice":"Shed Blood","damage_taken":18,"max_hp_gain":5,"max_hp_loss":0,"event_name":"Forgotten Altar","floor":19,"gold_loss":0},{"damage_healed":0,"gold_gain":0,"player_choice":"Fight","damage_taken":0,"max_hp_gain":0,"max_hp_loss":0,"event_name":"Colosseum","floor":28,"gold_loss":0},{"damage_healed":0,"gold_gain":0,"player_choice":"Fled From Nobs","damage_taken":0,"max_hp_gain":0,"max_hp_loss":0,"event_name":"Colosseum","floor":28,"gold_loss":0}],"is_beta":false,"boss_relics":[{"not_picked":["Calling Bell","Orrery"],"picked":"Astrolabe"},{"not_picked":["HoveringKite","Coffee Dripper","Snecko Eye"]}],"items_purged_floors":[20,30],"is_endless":false,"potions_floor_spawned":[11,14,16,23,28,31,33],"killed_by":"Jaw Worm Horde","ascension_level":1}