{"gold_per_floor":[112,129,142,142,142,142,177,177,177,177,202,212,23,36,36,138,138],"floor_reached":17,"playtime":1022,"items_purged":[],"score":223,"play_id":"ffa7316f-66b6-4640-b2a1-80543d36de86","local_time":"20180929062650","is_ascension_mode":true,"campfire_choices":[{"data":"Noxious Fumes","floor":6,"key":"SMITH"},{"data":"Poisoned Stab","floor":8,"key":"SMITH"},{"data":"Well Laid Plans","floor":10,"key":"SMITH"},{"data":"Noxious Fumes","floor":15,"key":"SMITH"}],"neow_cost":"TEN_PERCENT_HP_LOSS","seed_source_timestamp":1123637655259960,"circlet_count":0,"master_deck":["Survivor","Neutralize+1","Noxious Fumes+1","Poisoned Stab+1","Well Laid Plans+1","Poisoned Stab","Noxious Fumes+1","Tools of the Trade","Predator","Distraction","Acrobatics","Dagger Spray","Calculated Gamble","Slice","Leg Sweep","Heel Hook","Choke"],"relics":["Ring of the Snake","Pocketwatch","Orichalcum","The Courier","Torii","Snake Skull","Pandora\u0027s Box"],"potions_floor_usage":[2,7,11,11,11,16],"damage_taken":[{"damage":0,"enemies":"Jaw Worm","floor":1,"turns":4},{"damage":0,"enemies":"Cultist","floor":2,"turns":4},{"damage":0,"enemies":"2 Louse","floor":3,"turns":3},{"damage":2,"enemies":"3 Sentries","floor":7,"turns":8},{"damage":5,"enemies":"Gremlin Nob","floor":11,"turns":3},{"damage":7,"enemies":"Exordium Wildlife","floor":12,"turns":5},{"damage":0,"enemies":"Red Slaver","floor":14,"turns":4},{"damage":20,"enemies":"Slime Boss","floor":16,"turns":7}],"seed_played":"8340840260077293539","potions_obtained":[{"floor":1,"key":"EntropicBrew"},{"floor":7,"key":"Strength Potion"},{"floor":14,"key":"Swift Potion"}],"is_trial":false,"path_per_floor":["M","M","M","?","?","R","E","R","T","R","E","M","$","M","R","B"],"character_chosen":"THE_SILENT","items_purchased":["Snake Skull","Noxious Fumes"],"campfire_rested":0,"item_purchase_floors":[13,13],"current_hp_per_floor":[63,63,63,63,56,56,54,54,54,54,49,42,42,42,42,22,53],"gold":138,"neow_bonus":"ONE_RARE_RELIC","is_prod":false,"is_daily":false,"chose_seed":false,"campfire_upgraded":4,"win_rate":0,"timestamp":1538170010,"path_taken":["M","M","M","?","?","R","E","R","T","R","E","?","$","M","R","BOSS"],"build_version":"2018-09-27","purchased_purges":0,"victory":false,"max_hp_per_floor":[63,63,63,63,63,63,63,63,63,63,63,63,63,63,63,63,63],"card_choices":[{"not_picked":["Riddle With Holes","Outmaneuver"],"picked":"Noxious Fumes","floor":1},{"not_picked":["Acrobatics","Cloak And Dagger"],"picked":"Poisoned Stab","floor":2},{"not_picked":["Flying Knee","Endless Agony","Outmaneuver"],"picked":"SKIP","floor":3},{"not_picked":["Sucker Punch","Grand Finale"],"picked":"Well Laid Plans","floor":7},{"not_picked":["Finisher","Masterful Stab","Sucker Punch"],"picked":"SKIP","floor":11},{"not_picked":["Blade Dance","Terror"],"picked":"Poisoned Stab","floor":12},{"not_picked":["Slice","Sucker Punch","Flying Knee"],"picked":"SKIP","floor":14},{"not_picked":["Burst","Phantasmal Killer"],"picked":"Tools of the Trade","floor":16}],"player_experience":320447,"relics_obtained":[{"floor":7,"key":"Orichalcum"},{"floor":9,"key":"The Courier"},{"floor":11,"key":"Torii"}],"event_choices":[{"event_name":"Upgrade Shrine","player_choice":"Upgraded","floor":4,"damage_taken":0},{"event_name":"Golden Wing","player_choice":"Card Removal","floor":5,"damage_taken":0}],"is_beta":false,"boss_relics":[{"not_picked":["Black Star","Ectoplasm"],"picked":"Pandora\u0027s Box"}],"items_purged_floors":[],"is_endless":false,"potions_floor_spawned":[1,2,7,14],"ascension_level":7}