{"gold_per_floor":[20,32,46,46,58,58,58,58,58,58,83,102,132,64,64,167,167,181,195,210,210,221,221,221],"floor_reached":24,"playtime":1043,"items_purged":[],"score":260,"play_id":"7318e67f-590a-4dbd-8632-4791819d59d4","local_time":"20181102032550","is_ascension_mode":true,"campfire_choices":[{"data":"Bash","floor":6,"key":"SMITH"},{"data":"Wild Strike","floor":8,"key":"SMITH"},{"data":"Thunderclap","floor":10,"key":"SMITH"},{"data":"Whirlwind","floor":15,"key":"SMITH"},{"data":"Fiend Fire","floor":23,"key":"SMITH"}],"neow_cost":"NO_GOLD","seed_source_timestamp":538156883895506,"circlet_count":0,"master_deck":["Strike_R","Strike_R","Strike_R","Strike_R","Strike_R","Defend_R","Defend_R","Defend_R","Defend_R","Bash+1","Thunderclap+1","Armaments+1","Wild Strike+1","Shrug It Off","Exhume","Whirlwind+1","Fiend Fire+1","Wild Strike"],"relics":["Burning Blood","FossilizedHelix","Letter Opener","Blue Candle","Red Skull","Cursed Key"],"potions_floor_usage":[11,13,16,16,16,22],"damage_taken":[{"damage":0,"enemies":"Small Slimes","floor":1,"turns":3},{"damage":0,"enemies":"Cultist","floor":2,"turns":3},{"damage":0,"enemies":"Jaw Worm","floor":3,"turns":4},{"damage":0,"enemies":"Large Slime","floor":5,"turns":8},{"damage":15,"enemies":"Lagavulin","floor":11,"turns":4},{"damage":0,"enemies":"2 Fungi Beasts","floor":12,"turns":3},{"damage":17,"enemies":"Gremlin Nob","floor":13,"turns":4},{"damage":48,"enemies":"Hexaghost","floor":16,"turns":13},{"damage":16,"enemies":"Spheric Guardian","floor":18,"turns":4},{"damage":0,"enemies":"3 Byrds","floor":19,"turns":4},{"damage":15,"enemies":"3 Cultists","floor":20,"turns":4},{"damage":16,"enemies":"Snake Plant","floor":22,"turns":2},{"damage":26,"enemies":"Book of Stabbing","floor":24,"turns":4}],"seed_played":"2359183504875225831","potions_obtained":[{"floor":1,"key":"Energy Potion"},{"floor":2,"key":"EssenceOfSteel"},{"floor":11,"key":"PowerPotion"},{"floor":12,"key":"GamblersBrew"},{"floor":13,"key":"SpeedPotion"},{"floor":20,"key":"Poison Potion"}],"is_trial":false,"path_per_floor":["M","M","M","?","M","R","?","R","T","R","E","M","E","$","R","B",null,"M","M","M","?","M","R"],"character_chosen":"IRONCLAD","items_purchased":["Whirlwind"],"campfire_rested":0,"item_purchase_floors":[14],"current_hp_per_floor":[80,80,80,80,80,80,85,85,85,85,76,82,71,71,71,29,71,61,67,58,58,48,48,22],"gold":221,"neow_bonus":"ONE_RARE_RELIC","is_prod":false,"is_daily":false,"chose_seed":false,"campfire_upgraded":5,"win_rate":0,"timestamp":1541096750,"path_taken":["M","M","M","?","M","R","?","R","T","R","E","?","E","$","R","BOSS","M","M","M","?","M","R","E"],"build_version":"2018-10-25v2","purchased_purges":0,"victory":false,"max_hp_per_floor":[80,80,80,80,80,80,85,85,85,85,85,85,85,85,85,85,85,85,85,85,85,85,85,85],"card_choices":[{"not_picked":["Combust","Shockwave"],"picked":"Thunderclap","floor":1},{"not_picked":["Iron Wave","Perfected Strike","Corruption"],"picked":"SKIP","floor":2},{"not_picked":["Headbutt","Shockwave"],"picked":"Armaments","floor":3},{"not_picked":["Armaments","Body Slam"],"picked":"Wild Strike","floor":5},{"not_picked":["Exhume","Havoc","Hemokinesis"],"picked":"SKIP","floor":11},{"not_picked":["Intimidate","Inflame"],"picked":"Shrug It Off","floor":12},{"not_picked":["Heavy Blade","Metallicize"],"picked":"Exhume","floor":13},{"not_picked":["Offering","Impervious"],"picked":"Fiend Fire","floor":16},{"not_picked":["Iron Wave","Anger","Body Slam+1"],"picked":"SKIP","floor":18},{"not_picked":["Warcry","Combust","Cleave"],"picked":"SKIP","floor":19},{"not_picked":["Havoc+1","Bloodletting","Flex"],"picked":"SKIP","floor":20},{"not_picked":["Seeing Red","Bludgeon","Heavy Blade"],"picked":"SKIP","floor":22}],"player_experience":432870,"relics_obtained":[{"floor":9,"key":"Letter Opener"},{"floor":11,"key":"Blue Candle"},{"floor":13,"key":"Red Skull"}],"event_choices":[{"damage_healed":0,"gold_gain":0,"player_choice":"Upgraded","damage_taken":0,"max_hp_gain":0,"max_hp_loss":0,"event_name":"Upgrade Shrine","floor":4,"gold_loss":0,"cards_upgraded":["Armaments"]},{"damage_healed":0,"gold_gain":0,"player_choice":"Donut","damage_taken":0,"max_hp_gain":5,"max_hp_loss":0,"event_name":"Big Fish","floor":7,"gold_loss":0},{"damage_healed":0,"gold_gain":0,"player_choice":"Read","damage_taken":0,"max_hp_gain":0,"max_hp_loss":0,"event_name":"The Library","floor":21,"gold_loss":0,"cards_obtained":["Wild Strike"]}],"is_beta":false,"boss_relics":[{"not_picked":["Orrery","Mark of Pain"],"picked":"Cursed Key"}],"items_purged_floors":[],"is_endless":false,"potions_floor_spawned":[1,2,11,12,13,20],"killed_by":"Book of Stabbing","ascension_level":5}