{"gold_per_floor":[113,126,51,61,76,76,76,76,128,128,162,180,180,195,195,195],"floor_reached":16,"playtime":785,"items_purged":["Strike_G"],"score":143,"play_id":"17ec18fc-d0a7-4e51-98f7-f04d8a1bf997","local_time":"20181001095451","is_ascension_mode":true,"campfire_choices":[{"data":"Neutralize","floor":6,"key":"SMITH"},{"data":"Blade Dance","floor":8,"key":"SMITH"},{"data":"Flechettes","floor":10,"key":"SMITH"},{"data":"Survivor","floor":13,"key":"SMITH"},{"floor":15,"key":"REST"}],"neow_cost":"NONE","seed_source_timestamp":1309154289360539,"circlet_count":0,"master_deck":["Defend_G","Defend_G","Defend_G","Defend_G","Strike_G","Strike_G","Strike_G","Strike_G","Survivor+1","Neutralize+1","Flechettes+1","Blade Dance+1","Escape Plan"],"relics":["Ring of the Snake","Happy Flower","Centennial Puzzle"],"potions_floor_usage":[5,16],"damage_taken":[{"damage":0,"enemies":"Cultist","floor":1,"turns":5},{"damage":5,"enemies":"Small Slimes","floor":2,"turns":5},{"damage":0,"enemies":"2 Louse","floor":4,"turns":3},{"damage":5,"enemies":"Exordium Wildlife","floor":5,"turns":6},{"damage":19,"enemies":"3 Sentries","floor":11,"turns":9},{"damage":0,"enemies":"Large Slime","floor":12,"turns":4},{"damage":0,"enemies":"Looter","floor":14,"turns":2},{"damage":53,"enemies":"Slime Boss","floor":16,"turns":8}],"seed_played":"-3546576732759418375","potions_obtained":[{"floor":4,"key":"Explosive Potion"},{"floor":11,"key":"Block Potion"},{"floor":14,"key":"FairyPotion"}],"is_trial":false,"path_per_floor":["M","M","$","M","M","R","$","R","T","R","E","M","R","M","R"],"character_chosen":"THE_SILENT","items_purchased":[],"campfire_rested":1,"item_purchase_floors":[],"current_hp_per_floor":[63,58,58,58,53,53,53,53,53,53,34,34,34,34,55,2],"gold":195,"neow_bonus":"REMOVE_CARD","is_prod":false,"is_daily":false,"chose_seed":false,"campfire_upgraded":4,"win_rate":0,"timestamp":1538355291,"path_taken":["M","M","$","?","M","R","$","R","T","R","E","M","R","M","R","BOSS"],"build_version":"2018-09-27","purchased_purges":1,"victory":false,"max_hp_per_floor":[70,70,70,70,70,70,70,70,70,70,70,70,70,70,70,70],"card_choices":[{"not_picked":["Dodge and Roll","Acrobatics","Underhanded Strike"],"picked":"SKIP","floor":1},{"not_picked":["Prepared","Deadly Poison"],"picked":"Flechettes","floor":2},{"not_picked":["Quick Slash","Skewer"],"picked":"Blade Dance","floor":4},{"not_picked":["Crippling Poison","Acrobatics","Underhanded Strike"],"picked":"SKIP","floor":5},{"not_picked":["Concentrate","Poisoned Stab"],"picked":"Escape Plan","floor":11},{"not_picked":["Quick Slash","Sucker Punch","Predator"],"picked":"SKIP","floor":12},{"not_picked":["Sucker Punch","Outmaneuver","Catalyst"],"picked":"SKIP","floor":14}],"player_experience":335289,"relics_obtained":[{"floor":9,"key":"Happy Flower"},{"floor":11,"key":"Centennial Puzzle"}],"event_choices":[],"is_beta":false,"boss_relics":[],"items_purged_floors":[3],"is_endless":false,"potions_floor_spawned":[4,11,14],"killed_by":"Slime Boss","ascension_level":8}