{"gold_per_floor":[114,130,146,146,161,161,193,212,237,264,264,299,299,310,310,406,406,424,444,444,444,463,463,363,380,380,380,411,411,336,352,352,454,454,465,476,476,8,26,26,59,59,133,133,148,148,159,0,0,0],"floor_reached":51,"playtime":4125,"items_purged":["Acrobatics","Dagger Throw"],"score":692,"play_id":"629bc413-6119-4a0b-8f86-7a797f3508f6","local_time":"20180709045820","is_ascension_mode":false,"campfire_choices":[{"data":"Noxious Fumes","floor":6,"key":"SMITH"},{"data":"Wraith Form v2","floor":11,"key":"SMITH"},{"data":"Caltrops","floor":13,"key":"SMITH"},{"floor":15,"key":"REST"},{"data":"Poisoned Stab","floor":23,"key":"SMITH"},{"data":"Adrenaline","floor":29,"key":"SMITH"},{"data":"Cloak And Dagger","floor":32,"key":"SMITH"},{"floor":40,"key":"REST"},{"floor":46,"key":"REST"},{"floor":49,"key":"REST"}],"neow_cost":"NONE","seed_source_timestamp":196990555994823,"circlet_count":0,"master_deck":["Survivor","Neutralize","Poisoned Stab+1","Noxious Fumes+1","Cloak And Dagger","Wraith Form v2+1","Poisoned Stab","Caltrops+1","Bullet Time","Flechettes","Footwork+1","Backflip","Backflip","Flying Knee","Deflect+1","PiercingWail","Footwork","PiercingWail","Cloak And Dagger+1","Infinite Blades","Adrenaline+1","Envenom","Bane","Dodge and Roll+1","Bouncing Flask+1","Adrenaline","Poisoned Stab","Finesse","Bandage Up","Dark Shackles","Catalyst","Bane","Endless Agony+1"],"relics":["Ring of the Snake","NeowsBlessing","Ancient Tea Set","Juzu Bracelet","Strawberry","Bag of Marbles","Pandora\u0027s Box","Orichalcum","Matryoshka","Centennial Puzzle","Sozu","Du-Vu Doll","Incense Burner","Bronze Scales","Smiling Mask","Blue Candle","Red Mask"],"potions_floor_usage":[5,10,16,33,33,33],"damage_taken":[{"damage":0,"enemies":"Cultist","floor":1,"turns":1},{"damage":0,"enemies":"2 Louse","floor":2,"turns":1},{"damage":0,"enemies":"Jaw Worm","floor":3,"turns":1},{"damage":9,"enemies":"Exordium Thugs","floor":5,"turns":6},{"damage":10,"enemies":"Lagavulin","floor":7,"turns":7},{"damage":0,"enemies":"Looter","floor":8,"turns":4},{"damage":7,"enemies":"Gremlin Nob","floor":10,"turns":6},{"damage":8,"enemies":"Lagavulin","floor":12,"turns":7},{"damage":9,"enemies":"Exordium Wildlife","floor":14,"turns":3},{"damage":12,"enemies":"Hexaghost","floor":16,"turns":9},{"damage":16,"enemies":"3 Byrds","floor":18,"turns":4},{"damage":3,"enemies":"Spheric Guardian","floor":19,"turns":5},{"damage":10,"enemies":"Centurion and Healer","floor":22,"turns":9},{"damage":0,"enemies":"Snake Plant","floor":25,"turns":6},{"damage":4,"enemies":"Book of Stabbing","floor":28,"turns":6},{"damage":5,"enemies":"Slaver and Parasite","floor":31,"turns":6},{"damage":12,"enemies":"Automaton","floor":33,"turns":8},{"damage":6,"enemies":"Orb Walker","floor":35,"turns":5},{"damage":16,"enemies":"3 Darklings","floor":36,"turns":6},{"damage":23,"floor":37,"turns":8},{"damage":1,"enemies":"4 Shapes","floor":39,"turns":5},{"damage":0,"enemies":"Giant Head","floor":41,"turns":8},{"damage":12,"enemies":"Sphere and 2 Shapes","floor":45,"turns":5},{"damage":2,"enemies":"3 Darklings","floor":47,"turns":5},{"damage":80,"enemies":"Awakened One","floor":50,"turns":13}],"seed_played":"7528346818750767323","potions_obtained":[{"floor":2,"key":"GamblersBrew"},{"floor":3,"key":"Swift Potion"},{"floor":5,"key":"Fire Potion"},{"floor":12,"key":"Strength Potion"},{"floor":14,"key":"GhostInAJar"},{"floor":16,"key":"Dexterity Potion"}],"is_trial":false,"path_per_floor":["M","M","M","?","M","R","E","M","T","E","R","E","R","M","R","B",null,"M","M","?","?","M","R","$","M","T","?","E","R","?","M","R","B",null,"M","M","?","$","M","R","E","?","T","?","M","R","M","?","R","B"],"character_chosen":"THE_SILENT","items_purchased":["Cloak And Dagger","Adrenaline","Incense Burner"],"campfire_rested":4,"item_purchase_floors":[24,38,38],"current_hp_per_floor":[70,70,70,70,61,61,51,51,51,51,51,43,43,34,57,45,77,61,58,58,58,48,48,48,48,48,73,69,69,69,64,64,52,77,71,55,32,32,31,54,54,44,44,44,36,59,61,61,77,1],"gold":0,"neow_bonus":"THREE_ENEMY_KILL","is_prod":false,"is_daily":false,"chose_seed":false,"campfire_upgraded":6,"win_rate":0.0,"timestamp":1531079900,"path_taken":["M","M","?","?","?","R","E","M","T","E","R","E","R","M","R","BOSS","M","M","?","?","M","R","$","M","T","?","E","R","?","M","R","BOSS","M","M","?","$","M","R","E","?","T","?","M","R","M","?","R","BOSS"],"build_version":"2018-07-05","purchased_purges":2,"victory":true,"max_hp_per_floor":[70,70,70,70,70,70,70,70,70,77,77,77,77,77,77,77,77,77,77,77,77,77,77,77,77,77,77,77,77,77,77,77,77,77,77,77,77,77,77,77,77,77,77,77,77,77,77,77,77,77],"card_choices":[{"not_picked":["Dagger Throw","Sucker Punch"],"picked":"Poisoned Stab","floor":1},{"not_picked":["Footwork","Terror"],"picked":"Noxious Fumes","floor":2},{"not_picked":["Choke","Slice","Eviscerate"],"picked":"SKIP","floor":3},{"not_picked":["PiercingWail","Leg Sweep"],"picked":"Cloak And Dagger","floor":5},{"not_picked":["Underhanded Strike","Flechettes","Flying Knee"],"picked":"SKIP","floor":7},{"not_picked":["Deadly Poison","Sucker Punch"],"picked":"Wraith Form v2","floor":8},{"not_picked":["Dagger Throw","Blade Dance"],"picked":"Poisoned Stab","floor":10},{"not_picked":["Backflip","Burst"],"picked":"Caltrops","floor":12},{"not_picked":["Noxious Fumes","All Out Attack","Acrobatics"],"picked":"SKIP","floor":14},{"not_picked":["A Thousand Cuts","Glass Knife"],"picked":"Bullet Time","floor":16},{"not_picked":["Accuracy","Acrobatics"],"picked":"Deflect+1","floor":18},{"not_picked":["Riddle With Holes","Dagger Throw"],"picked":"PiercingWail","floor":19},{"not_picked":["Dagger Throw","Dagger Spray"],"picked":"PiercingWail","floor":22},{"not_picked":["Finisher+1","Setup+1"],"picked":"Infinite Blades","floor":25},{"not_picked":["Outmaneuver","Bane"],"picked":"Adrenaline","floor":28},{"not_picked":["Riddle With Holes","Predator","Underhanded Strike"],"picked":"SKIP","floor":31},{"not_picked":["A Thousand Cuts","Venomology"],"picked":"Envenom","floor":33},{"not_picked":["Setup","Sucker Punch"],"picked":"Bane","floor":35},{"not_picked":["Flying Knee","PiercingWail+1"],"picked":"Dodge and Roll+1","floor":36},{"not_picked":["Flying Knee","Well Laid Plans+1"],"picked":"Bouncing Flask+1","floor":37},{"not_picked":["Flying Knee+1","Deadly Poison"],"picked":"Poisoned Stab","floor":39},{"not_picked":["Concentrate","Slice+1","Dagger Throw+1"],"picked":"SKIP","floor":41},{"not_picked":["Master of Strategy","Panacea"],"picked":"Finesse","floor":42},{"not_picked":["Trip","Jack Of All Trades"],"picked":"Bandage Up","floor":42},{"not_picked":["Deep Breath","Bandage Up"],"picked":"Dark Shackles","floor":42},{"not_picked":["Sucker Punch","Prepared+1"],"picked":"Bane","floor":45},{"not_picked":["Setup","Malaise"],"picked":"Endless Agony+1","floor":47}],"player_experience":97016,"relics_obtained":[{"floor":7,"key":"Ancient Tea Set"},{"floor":9,"key":"Juzu Bracelet"},{"floor":10,"key":"Strawberry"},{"floor":12,"key":"Bag of Marbles"},{"floor":26,"key":"Matryoshka"},{"floor":28,"key":"Centennial Puzzle"},{"floor":37,"key":"Du-Vu Doll"},{"floor":41,"key":"Bronze Scales"},{"floor":43,"key":"Smiling Mask"},{"floor":43,"key":"Blue Candle"}],"event_choices":[{"event_name":"Wheel of Change","player_choice":"Full Heal","floor":4,"damage_taken":0},{"event_name":"Transmorgrifier","player_choice":"Transform","floor":20,"damage_taken":0},{"event_name":"The Mausoleum","player_choice":"Yes","floor":21,"damage_taken":0},{"event_name":"The Library","player_choice":"Heal","floor":27,"damage_taken":0},{"event_name":"Beggar","player_choice":"Gave Gold","floor":30,"damage_taken":0},{"event_name":"MindBloom","player_choice":"Fight","floor":37,"damage_taken":0},{"event_name":"SensoryStone","player_choice":"Memory 3","floor":42,"damage_taken":0},{"event_name":"Transmorgrifier","player_choice":"Transform","floor":44,"damage_taken":0},{"event_name":"Tomb of Lord Red Mask","player_choice":"Paid","floor":48,"damage_taken":0}],"boss_relics":[{"not_picked":["Snecko Eye","Busted Crown"],"picked":"Pandora\u0027s Box"},{"not_picked":["Calling Bell","Cursed Key"],"picked":"Sozu"}],"items_purged_floors":[24,38],"is_endless":false,"potions_floor_spawned":[2,3,5,12,14,16,22,25,35,36,37],"ascension_level":0}