{"gold_per_floor":[115,115,115,115,115,175,175,201,255,255,269,269,279,289,289,390,390,363,288,304,330,245,245,261,273,273,43,74,90,124,137,137,239,239,249,61,79,89,106,132,145,165,165,175,175],"floor_reached":45,"playtime":2586,"items_purged":["Regret"],"score":599,"play_id":"00a503f5-f917-4930-8e29-1bace4b19f49","local_time":"20190517131105","is_ascension_mode":false,"campfire_choices":[{"data":"Neutralize","floor":7.0,"key":"SMITH"},{"data":"Backflip","floor":10.0,"key":"SMITH"},{"data":"Survivor","floor":12.0,"key":"SMITH"},{"data":"Flying Knee","floor":15,"key":"SMITH"},{"data":"A Thousand Cuts","floor":23,"key":"SMITH"},{"data":"Backflip","floor":32,"key":"SMITH"}],"neow_cost":"NONE","seed_source_timestamp":61895613629100,"circlet_count":0,"master_deck":["Defend_G","Defend_G","Defend_G","Defend_G","Strike_G","Strike_G","Strike_G","Strike_G","Survivor+1","Neutralize+1","Backflip+1","Flying Knee+1","Cloak And Dagger","PiercingWail","Outmaneuver","A Thousand Cuts+1","Backflip+1","Escape Plan+1","Finisher","Cloak And Dagger+1","Slice","PiercingWail","Outmaneuver","Phantasmal Killer","Panache","Parasite","Dagger Spray+1","Deflect+1","Normality"],"special_seed":0,"relics":["Ring of the Snake","NeowsBlessing","Bag of Preparation","Tiny Chest","Centennial Puzzle","Vajra","Cursed Key","Red Mask","Bag of Marbles","Bronze Scales","Oddly Smooth Stone","Orichalcum","PreservedInsect","Philosopher\u0027s Stone","Blood Vial","Potion Belt"],"potions_floor_usage":[16,30,33,33,41,42,44],"damage_taken":[{"damage":0.0,"enemies":"2 Louse","floor":1.0,"turns":1.0},{"damage":0.0,"enemies":"Lagavulin","floor":6.0,"turns":1.0},{"damage":0.0,"enemies":"3 Sentries","floor":8.0,"turns":1.0},{"damage":0.0,"enemies":"Jaw Worm","floor":11.0,"turns":2.0},{"damage":0.0,"enemies":"Small Slimes","floor":13.0,"turns":3.0},{"damage":5,"enemies":"Exordium Wildlife","floor":14,"turns":4},{"damage":29,"enemies":"The Guardian","floor":16,"turns":17},{"damage":5,"enemies":"2 Thieves","floor":18,"turns":5},{"damage":3,"enemies":"3 Byrds","floor":20,"turns":8},{"damage":14,"enemies":"Masked Bandits","floor":21,"turns":5},{"damage":0,"enemies":"3 Cultists","floor":24,"turns":4},{"damage":0,"enemies":"Cultist and Chosen","floor":25,"turns":4},{"damage":0,"enemies":"Book of Stabbing","floor":28,"turns":5},{"damage":0,"enemies":"Shelled Parasite and Fungi","floor":29,"turns":5},{"damage":0,"enemies":"Slavers","floor":30,"turns":5},{"damage":7,"enemies":"Snecko","floor":31,"turns":6},{"damage":8,"enemies":"Automaton","floor":33,"turns":7},{"damage":1,"enemies":"3 Shapes","floor":35,"turns":2},{"damage":0,"enemies":"3 Darklings","floor":37,"turns":4},{"damage":0,"enemies":"Writhing Mass","floor":38,"turns":5},{"damage":13,"enemies":"Maw","floor":39,"turns":6},{"damage":32,"enemies":"Giant Head","floor":40,"turns":6},{"damage":1,"enemies":"Sphere and 2 Shapes","floor":41,"turns":3},{"damage":2,"enemies":"Transient","floor":42,"turns":5},{"damage":30,"enemies":"Spire Growth","floor":44,"turns":6},{"damage":32,"enemies":"Nemesis","floor":45,"turns":7}],"seed_played":"-8381106197460590042","potions_obtained":[{"floor":6.0,"key":"Strength Potion"},{"floor":8.0,"key":"Strength Potion"},{"floor":13.0,"key":"SkillPotion"},{"floor":21,"key":"AttackPotion"},{"floor":33,"key":"GamblersBrew"},{"floor":39,"key":"Explosive Potion"},{"floor":40,"key":"Regen Potion"},{"floor":41,"key":"SpeedPotion"},{"floor":44,"key":"Strength Potion"}],"is_trial":false,"path_per_floor":["M","?","$","?","?","E","R","E","T","R","M","R","M","M","R","B",null,"M","?","M","?","?","R","M","M","T","$","E","M","E","M","R","B",null,"M","$","M","M","M","E","M","M","T","M","E"],"character_chosen":"THE_SILENT","items_purchased":["Oddly Smooth Stone","Panache"],"campfire_rested":0,"item_purchase_floors":[27,36],"current_hp_per_floor":[70,75,75,72,72,72,72,72,72,72,72,72,72,67,67,38,75,70,70,67,53,53,53,53,53,53,53,53,53,53,46,46,38,75,74,74,74,74,61,29,39,39,39,11,0],"gold":175,"neow_bonus":"THREE_ENEMY_KILL","is_prod":false,"is_daily":false,"chose_seed":false,"campfire_upgraded":6,"win_rate":0,"timestamp":1558069865,"path_taken":["M","?","$","?","?","E","R","E","T","R","M","R","M","?","R","BOSS","M","?","M","?","?","R","M","M","T","$","E","M","E","M","R","BOSS","M","$","M","M","M","E","M","M","T","M","E"],"build_version":"2019-01-23","purchased_purges":1,"victory":false,"max_hp_per_floor":[70,75,75,75,75,75,75,75,75,75,75,75,75,75,75,75,75,75,75,75,75,75,75,75,75,75,75,75,75,75,75,75,75,75,75,75,75,75,75,75,75,75,75,75,75],"card_choices":[{"not_picked":["Caltrops","Eviscerate"],"picked":"Backflip","floor":1.0},{"not_picked":["Sucker Punch","Cloak And Dagger"],"picked":"Flying Knee","floor":6.0},{"not_picked":["Accuracy","Bouncing Flask"],"picked":"Cloak And Dagger","floor":8.0},{"not_picked":["Noxious Fumes","Sucker Punch"],"picked":"PiercingWail","floor":11.0},{"not_picked":["Flying Knee","Terror"],"picked":"Outmaneuver","floor":13.0},{"not_picked":["Heel Hook","Malaise","Prepared"],"picked":"SKIP","floor":14},{"not_picked":["Bullet Time","Die Die Die"],"picked":"A Thousand Cuts","floor":16},{"not_picked":["Flying Knee+1","Backstab"],"picked":"Backflip","floor":18},{"not_picked":["Expertise","Deadly Poison"],"picked":"Escape Plan+1","floor":20},{"not_picked":["Riddle With Holes","Catalyst"],"picked":"Finisher","floor":21},{"not_picked":["Backflip","Accuracy"],"picked":"Cloak And Dagger+1","floor":24},{"not_picked":["Choke","Quick Slash","Sucker Punch+1"],"picked":"SKIP","floor":25},{"not_picked":["All Out Attack+1","Expertise+1"],"picked":"Slice","floor":28},{"not_picked":["Acrobatics+1","Blur+1","Quick Slash"],"picked":"SKIP","floor":29},{"not_picked":["Glass Knife","Finisher"],"picked":"PiercingWail","floor":30},{"not_picked":["Deadly Poison","Reflex"],"picked":"Outmaneuver","floor":31},{"not_picked":["Malaise","Envenom"],"picked":"Phantasmal Killer","floor":33},{"not_picked":["Slice","Deadly Poison","Acrobatics+1"],"picked":"SKIP","floor":35},{"not_picked":["Sucker Punch+1","Acrobatics+1","Crippling Poison"],"picked":"SKIP","floor":37},{"not_picked":["Accuracy","Acrobatics+1"],"picked":"Dagger Spray+1","floor":38},{"not_picked":["Reflex","Terror+1","Caltrops+1"],"picked":"SKIP","floor":39},{"not_picked":["Masterful Stab+1","Bullet Time","Backflip"],"picked":"SKIP","floor":40},{"not_picked":["Eviscerate","Slice","Underhanded Strike+1"],"picked":"SKIP","floor":41},{"not_picked":["Cloak And Dagger","Dagger Throw+1"],"picked":"Deflect+1","floor":42},{"not_picked":["Poisoned Stab","Blur+1","Outmaneuver+1"],"picked":"SKIP","floor":44}],"player_experience":34482,"relics_obtained":[{"floor":6.0,"key":"Tiny Chest"},{"floor":8.0,"key":"Centennial Puzzle"},{"floor":9.0,"key":"Vajra"},{"floor":21,"key":"Red Mask"},{"floor":26,"key":"Bronze Scales"},{"floor":28,"key":"Orichalcum"},{"floor":30,"key":"PreservedInsect"},{"floor":40,"key":"Blood Vial"},{"floor":43,"key":"Potion Belt"}],"event_choices":[{"damage_healed":0.0,"max_hp_gain":5.0,"max_hp_loss":0.0,"gold_gain":0.0,"event_name":"Big Fish","player_choice":"Donut","floor":2.0,"gold_loss":0.0,"damage_taken":0.0},{"damage_healed":0.0,"max_hp_gain":0.0,"max_hp_loss":0.0,"gold_gain":0.0,"event_name":"Scrap Ooze","player_choice":"Success","floor":4.0,"gold_loss":0.0,"damage_taken":3.0,"relics_obtained":["Bag of Preparation"]},{"cards_removed":["Strike_G"],"damage_healed":0.0,"max_hp_gain":0.0,"max_hp_loss":0.0,"gold_gain":0.0,"event_name":"Purifier","player_choice":"Purged","floor":5.0,"gold_loss":0.0,"damage_taken":0.0},{"cards_removed":["Defend_G"],"damage_healed":0,"gold_gain":0,"player_choice":"Gave Gold","damage_taken":0,"max_hp_gain":0,"max_hp_loss":0,"event_name":"Beggar","floor":19,"gold_loss":75},{"damage_healed":0,"gold_gain":0,"player_choice":"Fought Bandits","damage_taken":0,"max_hp_gain":0,"max_hp_loss":0,"event_name":"Masked Bandits","floor":21,"gold_loss":0},{"damage_healed":0,"gold_gain":0,"player_choice":"Obtained Relic","damage_taken":0,"relics_obtained":["Bag of Marbles"],"max_hp_gain":0,"max_hp_loss":0,"event_name":"Addict","floor":22,"gold_loss":85}],"is_beta":false,"boss_relics":[{"not_picked":["Ectoplasm","Calling Bell"],"picked":"Cursed Key"},{"not_picked":["Runic Pyramid","Orrery"],"picked":"Philosopher\u0027s Stone"}],"items_purged_floors":[27],"is_endless":false,"potions_floor_spawned":[6,8,13,21,24,25,28,33,39,40,41,44],"killed_by":"Nemesis","ascension_level":0}