{"gold_per_floor":[111,122,122,136,61,61,61,61,114,114,114,114,148,176,176,274,324,341,50,62,76,0,0,0,0,45,45,60,60,78,105,105,209,209,222,44,64,64,75,75,75],"floor_reached":41,"playtime":2882,"items_purged":["Defend_R","Defend_R","Defend_R"],"score":417,"play_id":"6ab9c5f7-b938-4c0f-b5ff-545dbf7e6323","local_time":"20190504114216","is_ascension_mode":false,"campfire_choices":[{"data":"Perfected Strike","floor":6.0,"key":"SMITH"},{"data":"Bash","floor":8.0,"key":"SMITH"},{"floor":11.0,"key":"REST"},{"data":"Defend_R","floor":12.0,"key":"SMITH"},{"floor":15.0,"key":"REST"},{"data":"Iron Wave","floor":23.0,"key":"SMITH"},{"data":"J.A.X.","floor":25.0,"key":"SMITH"},{"data":"Shrug It Off","floor":29.0,"key":"SMITH"},{"floor":32.0,"key":"REST"},{"data":"Twin Strike","floor":40,"key":"SMITH"}],"neow_cost":"NONE","seed_source_timestamp":0,"circlet_count":0,"master_deck":["Strike_R","Strike_R","Strike_R+1","Strike_R","Strike_R","Defend_R+1","Bash+1","Perfected Strike+1","Wild Strike+1","Clash+1","Iron Wave+1","Shrug It Off+1","Shrug It Off+1","J.A.X.+1","Pommel Strike+1","Twin Strike+1","Pommel Strike+1","Clash","Twin Strike+1","Madness","Madness"],"special_seed":0,"relics":["Burning Blood","NeowsBlessing","WingedGreaves","Art of War","Bag of Preparation","Thread and Needle","Tiny House","Sling","Bronze Scales","Bag of Marbles","Black Star"],"potions_floor_usage":[],"damage_taken":[{"damage":0.0,"enemies":"Cultist","floor":1.0,"turns":1.0},{"damage":0.0,"enemies":"Small Slimes","floor":2.0,"turns":1.0},{"damage":0.0,"enemies":"2 Louse","floor":4.0,"turns":1.0},{"damage":13.0,"enemies":"3 Sentries","floor":13.0,"turns":5.0},{"damage":14.0,"enemies":"Gremlin Nob","floor":14.0,"turns":3.0},{"damage":42.0,"enemies":"The Guardian","floor":16.0,"turns":7.0},{"damage":9.0,"enemies":"Spheric Guardian","floor":18.0,"turns":4.0},{"damage":0.0,"enemies":"Chosen","floor":20.0,"turns":4.0},{"damage":15.0,"enemies":"Centurion and Healer","floor":21.0,"turns":5.0},{"damage":3.0,"enemies":"Cultist and Chosen","floor":28.0,"turns":5.0},{"damage":7.0,"enemies":"Snake Plant","floor":30.0,"turns":4.0},{"damage":28.0,"enemies":"Gremlin Leader","floor":31.0,"turns":8.0},{"damage":42.0,"enemies":"Collector","floor":33.0,"turns":13.0},{"damage":21.0,"enemies":"3 Darklings","floor":35.0,"turns":7.0},{"damage":9.0,"enemies":"3 Shapes","floor":37.0,"turns":3.0},{"damage":21.0,"enemies":"Writhing Mass","floor":39.0,"turns":4.0},{"damage":42,"enemies":"Reptomancer","floor":41,"turns":5}],"seed_played":"-2342762160245909846","potions_obtained":[{"floor":1.0,"key":"Explosive Potion"},{"floor":4.0,"key":"FairyPotion"},{"floor":17.0,"key":"EntropicBrew"},{"floor":18.0,"key":"EssenceOfSteel"},{"floor":21.0,"key":"EssenceOfSteel"}],"is_trial":false,"path_per_floor":["M","M","?","M","$","R","?","R","T","?","R","R","E","E","R","B",null,"M","$","M","M","?","R","?","R","T","$","M","R","M","E","R","B",null,"M","$","M","?","M","R","E"],"character_chosen":"IRONCLAD","items_purchased":["Sling","Twin Strike"],"campfire_rested":3,"item_purchase_floors":[19,36],"current_hp_per_floor":[80,80,55,61,61,61,61,61,61,45,69,69,62,54,78,42,85,82,82,85,76,76,76,76,76,76,76,79,79,78,56,81,45,85,70,70,67,56,41,41,0],"gold":75,"neow_bonus":"THREE_ENEMY_KILL","is_prod":false,"is_daily":false,"chose_seed":false,"campfire_upgraded":7,"win_rate":0,"timestamp":1556988136,"path_taken":["M","?","?","M","$","R","?","R","T","?","R","R","E","E","R","BOSS","M","$","M","M","?","R","?","R","T","$","M","R","M","E","R","BOSS","M","$","M","?","M","R","E"],"build_version":"2019-01-23","purchased_purges":3,"victory":false,"max_hp_per_floor":[80,80,80,80,80,80,80,80,80,80,80,80,80,80,80,80,85,85,85,85,85,85,85,85,85,85,85,85,85,85,85,85,85,85,85,85,85,85,85,85,85],"card_choices":[{"not_picked":["Hemokinesis","Uppercut","Combust"],"picked":"SKIP","floor":1.0},{"not_picked":["Hemokinesis","Uppercut","Combust"],"picked":"SKIP","floor":1.0},{"not_picked":["Cleave","Rupture"],"picked":"Perfected Strike","floor":2.0},{"not_picked":["Dual Wield","Cleave"],"picked":"Wild Strike","floor":4.0},{"not_picked":["Havoc","Flex"],"picked":"Clash","floor":13.0},{"not_picked":["Hemokinesis","Infernal Blade","Fire Breathing"],"picked":"SKIP","floor":14.0},{"not_picked":["Hemokinesis","Infernal Blade","Fire Breathing"],"picked":"SKIP","floor":14.0},{"not_picked":["Armaments","Cleave"],"picked":"Iron Wave","floor":17.0},{"not_picked":["Clothesline","Body Slam"],"picked":"Shrug It Off+1","floor":18.0},{"not_picked":["Pummel+1","Thunderclap+1","Combust"],"picked":"SKIP","floor":20.0},{"not_picked":["Pummel+1","Thunderclap+1","Combust"],"picked":"SKIP","floor":20.0},{"not_picked":["Clash","Warcry+1"],"picked":"Shrug It Off","floor":21.0},{"not_picked":["Power Through","Uppercut"],"picked":"Pommel Strike+1","floor":28.0},{"not_picked":["Warcry","Flex"],"picked":"Twin Strike+1","floor":30.0},{"not_picked":["Flame Barrier+1","Whirlwind"],"picked":"Pommel Strike+1","floor":31.0},{"not_picked":["Headbutt","Clothesline"],"picked":"Clash","floor":35.0},{"not_picked":["Searing Blow+1","Power Through+1","Headbutt"],"picked":"SKIP","floor":37.0},{"not_picked":["Corruption+1","Shockwave","Metallicize"],"picked":"SKIP","floor":39},{"not_picked":["Corruption+1","Shockwave","Metallicize"],"picked":"SKIP","floor":39}],"player_experience":461920,"relics_obtained":[{"floor":9.0,"key":"Art of War"},{"floor":13.0,"key":"Bag of Preparation"},{"floor":14.0,"key":"Thread and Needle"},{"floor":26.0,"key":"Bronze Scales"},{"floor":31.0,"key":"Bag of Marbles"}],"event_choices":[{"damage_healed":0.0,"max_hp_gain":0.0,"max_hp_loss":0.0,"gold_gain":0.0,"event_name":"Scrap Ooze","player_choice":"Success","floor":3.0,"gold_loss":0.0,"damage_taken":25.0,"relics_obtained":["WingedGreaves"]},{"damage_healed":0.0,"max_hp_gain":0.0,"max_hp_loss":0.0,"gold_gain":0.0,"event_name":"Liars Game","player_choice":"Ignored","floor":7.0,"gold_loss":0.0,"damage_taken":0.0},{"damage_healed":0.0,"max_hp_gain":0.0,"max_hp_loss":0.0,"gold_gain":0.0,"event_name":"Shining Light","player_choice":"Entered Light","floor":10.0,"gold_loss":0.0,"damage_taken":16.0,"cards_upgraded":["Strike_R","Wild Strike"]},{"damage_healed":0.0,"max_hp_gain":0.0,"max_hp_loss":0.0,"gold_gain":0.0,"event_name":"Masked Bandits","player_choice":"Paid Fearfully","floor":22.0,"gold_loss":76.0,"damage_taken":0.0},{"damage_healed":0.0,"max_hp_gain":0.0,"max_hp_loss":0.0,"gold_gain":0.0,"event_name":"Drug Dealer","player_choice":"Obtain J.A.X.","floor":24.0,"gold_loss":0.0,"damage_taken":0.0,"cards_obtained":["J.A.X."]},{"damage_healed":0.0,"max_hp_gain":0.0,"max_hp_loss":0.0,"gold_gain":0.0,"event_name":"Winding Halls","player_choice":"Embrace Madness","floor":38.0,"gold_loss":0.0,"damage_taken":11.0,"cards_obtained":["Madness","Madness"]}],"is_beta":false,"boss_relics":[{"not_picked":["Sozu","Calling Bell"],"picked":"Tiny House"},{"not_picked":["Runic Pyramid","Eternal Feather"],"picked":"Black Star"}],"items_purged_floors":[5,19,36],"is_endless":false,"potions_floor_spawned":[1,4,18,21,30],"killed_by":"Reptomancer","ascension_level":0}