{"gold_per_floor":[214,228,246,246,27,27,59,79,103,103,118,143,143,159,159,261,261,279,9,28,48,65,65,65,82,108,128,128,128,128,128],"floor_reached":31,"playtime":1488,"items_purged":["Defend_G","Strike_G"],"score":347,"play_id":"e748e1ca-4ce4-4548-a25b-0356a455dc52","local_time":"20181002101050","is_ascension_mode":true,"campfire_choices":[{"data":"Neutralize","floor":6,"key":"SMITH"},{"data":"Cloak And Dagger","floor":10,"key":"SMITH"},{"data":"Accuracy","floor":13,"key":"SMITH"},{"floor":15,"key":"REST"},{"floor":23,"key":"REST"},{"floor":28,"key":"REST"},{"floor":30,"key":"REST"}],"neow_cost":"NONE","seed_source_timestamp":1395809331983802,"circlet_count":0,"master_deck":["Defend_G","Defend_G+1","Defend_G","Defend_G","Strike_G+1","Strike_G","Strike_G","Survivor","Neutralize+1","Cloak And Dagger+1","Cloak And Dagger+1","All Out Attack","Blur","Finisher+1","Accuracy+1","Blade Dance","Footwork","Envenom","Flechettes","Backflip","Dagger Spray","Flechettes","Well Laid Plans"],"relics":["Ring of the Snake","Lantern","Bronze Scales","Whetstone","War Paint","Orrery","Membership Card","Pen Nib","Potion Belt","Enchiridion"],"potions_floor_usage":[7,14,20,20,21,25],"damage_taken":[{"damage":0,"enemies":"Cultist","floor":1,"turns":5},{"damage":7,"enemies":"Small Slimes","floor":2,"turns":4},{"damage":0,"enemies":"2 Louse","floor":3,"turns":3},{"damage":23,"enemies":"Lagavulin","floor":7,"turns":9},{"damage":1,"enemies":"Exordium Wildlife","floor":8,"turns":3},{"damage":6,"enemies":"Gremlin Gang","floor":11,"turns":2},{"damage":1,"enemies":"Blue Slaver","floor":14,"turns":1},{"damage":8,"enemies":"The Guardian","floor":16,"turns":10},{"damage":3,"enemies":"3 Byrds","floor":18,"turns":2},{"damage":4,"enemies":"Spheric Guardian","floor":20,"turns":5},{"damage":19,"enemies":"Snake Plant","floor":21,"turns":3},{"damage":30,"enemies":"Sentry and Sphere","floor":22,"turns":8},{"damage":0,"enemies":"Snecko","floor":25,"turns":3},{"damage":17,"enemies":"Shelled Parasite and Fungi","floor":27,"turns":5},{"damage":3,"enemies":"Book of Stabbing","floor":31,"turns":3}],"seed_played":"-8899692898399845682","potions_obtained":[{"floor":3,"key":"FearPotion"},{"floor":7,"key":"Ancient Potion"},{"floor":8,"key":"FearPotion"},{"floor":11,"key":"Block Potion"},{"floor":18,"key":"EssenceOfSteel"},{"floor":21,"key":"LiquidBronze"},{"floor":22,"key":"Fire Potion"}],"is_trial":false,"path_per_floor":["M","M","M","?","$","R","E","M","T","R","M","T","R","M","R","B",null,"M","$","M","M","M","R","?","M","T","M","R","?","R"],"character_chosen":"THE_SILENT","items_purchased":["Lantern","Membership Card","Flechettes"],"campfire_rested":4,"item_purchase_floors":[5,19,19],"current_hp_per_floor":[63,56,56,56,56,56,33,32,32,32,26,26,26,25,46,38,62,59,59,55,36,6,27,27,27,27,10,31,15,36,33],"gold":128,"neow_bonus":"HUNDRED_GOLD","is_prod":false,"is_daily":false,"chose_seed":false,"campfire_upgraded":3,"win_rate":0,"timestamp":1538442650,"path_taken":["M","?","M","?","$","R","E","M","T","R","M","?","R","M","R","BOSS","M","$","M","?","M","R","?","?","T","M","R","?","R","E"],"build_version":"2018-09-27","purchased_purges":2,"victory":false,"max_hp_per_floor":[70,70,70,70,70,70,70,70,70,70,70,70,70,70,70,70,70,70,70,70,70,70,70,70,70,70,70,70,70,70,70],"card_choices":[{"not_picked":["Acrobatics","Crippling Poison"],"picked":"Cloak And Dagger","floor":1},{"not_picked":["Footwork","Sucker Punch"],"picked":"Cloak And Dagger","floor":2},{"not_picked":["Unload","Cloak And Dagger"],"picked":"All Out Attack","floor":3},{"not_picked":["Blade Dance","Unload"],"picked":"Finisher","floor":7},{"not_picked":["Skewer","Flying Knee"],"picked":"Accuracy","floor":8},{"not_picked":["Eviscerate","Backflip"],"picked":"Blade Dance","floor":11},{"not_picked":["Flying Knee","Dagger Throw"],"picked":"Footwork","floor":14},{"not_picked":["Tools of the Trade","Unload"],"picked":"Envenom","floor":16},{"not_picked":["Concentrate","Backflip"],"picked":"Flechettes","floor":17},{"not_picked":["Underhanded Strike","Reflex"],"picked":"Backflip","floor":17},{"not_picked":["Crippling Poison","Dodge and Roll"],"picked":"Dagger Spray","floor":17},{"not_picked":["Noxious Fumes","Expertise","Dagger Throw+1"],"picked":"SKIP","floor":18},{"not_picked":["Flechettes+1","Cloak And Dagger"],"picked":"Well Laid Plans","floor":20},{"not_picked":["Leg Sweep","Dodge and Roll","Riddle With Holes"],"picked":"SKIP","floor":21},{"not_picked":["Calculated Gamble","Dagger Spray","Acrobatics+1"],"picked":"SKIP","floor":22},{"not_picked":["Acrobatics","Sucker Punch","Slice"],"picked":"SKIP","floor":25},{"not_picked":["Finisher","Eviscerate","Night Terror"],"picked":"SKIP","floor":27}],"player_experience":349987,"relics_obtained":[{"floor":7,"key":"Bronze Scales"},{"floor":9,"key":"Whetstone"},{"floor":12,"key":"War Paint"},{"floor":26,"key":"Potion Belt"},{"floor":29,"key":"Enchiridion"}],"event_choices":[{"event_name":"Transmorgrifier","player_choice":"Transform","floor":4,"damage_taken":0},{"event_name":"WeMeetAgain","player_choice":"Potion","floor":24,"damage_taken":0},{"event_name":"Cursed Tome","player_choice":"Obtained Book","floor":29,"damage_taken":0}],"is_beta":false,"boss_relics":[{"not_picked":["Philosopher\u0027s Stone","Coffee Dripper"],"picked":"Orrery"}],"items_purged_floors":[5,19],"is_endless":false,"potions_floor_spawned":[3,7,8,11,18,21,22],"killed_by":"Book of Stabbing","ascension_level":9}