{"gold_per_floor":[110,127,127,127,127,159,159,186,186,186,206,206,241,256,256,358,358,373,388,388,388,402,402],"floor_reached":23,"playtime":769,"items_purged":[],"score":339,"play_id":"427ba3c4-84aa-4b6a-921f-1ad0e4869522","local_time":"20190510074845","is_ascension_mode":true,"campfire_choices":[{"data":"Well Laid Plans","floor":7,"key":"SMITH"},{"floor":10,"key":"REST"},{"data":"Noxious Fumes","floor":15,"key":"SMITH"}],"neow_cost":"NONE","seed_source_timestamp":0,"circlet_count":0,"master_deck":["Defend_G+1","Defend_G+1","Defend_G+1","Defend_G+1","Defend_G+1","Strike_G+1","Strike_G+1","Strike_G+1","Strike_G+1","Strike_G+1","Survivor","Neutralize","Blur","Sucker Punch","Well Laid Plans+1","Footwork","Cloak And Dagger","Noxious Fumes+1","Envenom","Riddle With Holes","All Out Attack"],"relics":["Ring of the Snake","NeowsBlessing","Shuriken","Lantern","Meat on the Bone","Ninja Scroll","Regal Pillow","Eternal Feather"],"potions_floor_usage":[13,22,23],"damage_taken":[{"damage":0,"enemies":"2 Louse","floor":1,"turns":1},{"damage":0,"enemies":"Small Slimes","floor":2,"turns":1},{"damage":0,"enemies":"Lagavulin","floor":6,"turns":1},{"damage":19,"enemies":"3 Sentries","floor":8,"turns":11},{"damage":0,"enemies":"Cultist","floor":11,"turns":2},{"damage":6,"enemies":"Gremlin Nob","floor":13,"turns":4},{"damage":0,"enemies":"Looter","floor":14,"turns":3},{"damage":42,"enemies":"Hexaghost","floor":16,"turns":10},{"damage":11,"enemies":"3 Byrds","floor":18,"turns":5},{"damage":26,"enemies":"Shell Parasite","floor":19,"turns":5},{"damage":31,"enemies":"Snecko","floor":22,"turns":5},{"damage":19,"enemies":"Book of Stabbing","floor":23,"turns":4}],"seed_played":"7434625884871904838","potions_obtained":[{"floor":1,"key":"Ancient Potion"},{"floor":11,"key":"Ancient Potion"},{"floor":12,"key":"SkillPotion"},{"floor":13,"key":"SneckoOil"},{"floor":16,"key":"PowerPotion"},{"floor":19,"key":"Fire Potion"}],"is_trial":false,"path_per_floor":["M","M","?","?","$","E","R","E","T","R","M","?","E","M","R","B",null,"M","M","?","?","M","E"],"character_chosen":"THE_SILENT","items_purchased":[],"campfire_rested":1,"item_purchase_floors":[],"current_hp_per_floor":[63,63,63,51,51,51,51,32,32,53,53,53,47,47,47,17,57,46,32,32,37,18,0],"gold":402,"neow_bonus":"THREE_ENEMY_KILL","is_prod":false,"is_daily":false,"chose_seed":true,"campfire_upgraded":2,"win_rate":0,"timestamp":1557431325,"path_taken":["M","M","?","?","$","E","R","E","T","R","M","?","E","?","R","BOSS","M","M","?","?","M","E"],"build_version":"2019-01-23","purchased_purges":0,"victory":false,"max_hp_per_floor":[70,70,70,70,70,70,70,70,70,70,70,70,70,70,70,70,70,70,70,70,70,70,70],"card_choices":[{"not_picked":["Bane","Sucker Punch"],"picked":"Blur","floor":1},{"not_picked":["Quick Slash","Acrobatics"],"picked":"Sucker Punch","floor":2},{"not_picked":["Reflex","Bullet Time"],"picked":"Well Laid Plans","floor":6},{"not_picked":["Acrobatics","Slice","Eviscerate"],"picked":"SKIP","floor":8},{"not_picked":["Expertise","Dash"],"picked":"Footwork","floor":11},{"not_picked":["Prepared","Deflect"],"picked":"Cloak And Dagger","floor":13},{"not_picked":["Slice","Setup"],"picked":"Noxious Fumes","floor":14},{"not_picked":["Storm of Steel","Tools of the Trade"],"picked":"Envenom","floor":16},{"not_picked":["Poisoned Stab","Prepared+1"],"picked":"Flying Knee","floor":18},{"not_picked":["Flying Knee","Underhanded Strike"],"picked":"Riddle With Holes","floor":19},{"not_picked":["Bane","Deflect+1"],"picked":"All Out Attack","floor":22}],"player_experience":213461,"relics_obtained":[{"floor":6,"key":"Lantern"},{"floor":8,"key":"Meat on the Bone"},{"floor":9,"key":"Ninja Scroll"},{"floor":13,"key":"Regal Pillow"}],"event_choices":[{"damage_healed":0,"gold_gain":0,"player_choice":"Leave","damage_taken":0,"max_hp_gain":0,"max_hp_loss":0,"event_name":"The Cleric","floor":3,"gold_loss":0},{"damage_healed":0,"gold_gain":0,"player_choice":"Success","damage_taken":12,"relics_obtained":["Shuriken"],"max_hp_gain":0,"max_hp_loss":0,"event_name":"Scrap Ooze","floor":4,"gold_loss":0},{"damage_healed":0,"gold_gain":0,"player_choice":"Got Potions","damage_taken":0,"max_hp_gain":0,"max_hp_loss":0,"event_name":"Lab","floor":12,"gold_loss":0},{"damage_healed":0,"gold_gain":0,"player_choice":"Simplicity","damage_taken":0,"max_hp_gain":0,"max_hp_loss":0,"event_name":"Back to Basics","floor":20,"gold_loss":0,"cards_upgraded":["Defend_G","Defend_G","Defend_G","Defend_G","Defend_G","Strike_G","Strike_G","Strike_G","Strike_G","Strike_G"]},{"cards_removed":["Flying Knee"],"damage_healed":5,"gold_gain":0,"player_choice":"Offered Common","damage_taken":0,"max_hp_gain":0,"max_hp_loss":0,"event_name":"Bonfire Elementals","floor":21,"gold_loss":0},{"cards_removed":["Flying Knee"],"damage_healed":5,"gold_gain":0,"player_choice":"Offered Special","damage_taken":0,"max_hp_gain":0,"max_hp_loss":0,"event_name":"Bonfire Elementals","floor":21,"gold_loss":0}],"is_beta":false,"boss_relics":[{"not_picked":["Ring of the Serpent","Busted Crown"],"picked":"Eternal Feather"}],"items_purged_floors":[],"is_endless":false,"potions_floor_spawned":[1,11,13,16,19],"killed_by":"Book of Stabbing","ascension_level":9}