{"gold_per_floor":[114,127,144,163,238,238,21,21,21,51,68,100,125,142,142,242,242,262,280,205,205,205,205,217,217,217,217,235,235],"floor_reached":29,"playtime":1582,"items_purged":[],"score":247,"play_id":"614ca828-50fa-46af-a98d-81f47e0f5105","local_time":"20180712061246","is_ascension_mode":true,"campfire_choices":[{"data":"Armaments","floor":6,"key":"SMITH"},{"data":"Whirlwind","floor":8,"key":"SMITH"},{"floor":15,"key":"REST"},{"data":"Flex","floor":23,"key":"SMITH"},{"floor":25,"key":"REST"},{"data":"Perfected Strike","floor":27,"key":"SMITH"}],"neow_cost":"NONE","seed_source_timestamp":1902589120009,"circlet_count":0,"master_deck":["Strike_R","Strike_R","Strike_R","Strike_R","Defend_R","Defend_R","Defend_R","Defend_R","Bash+1","Pommel Strike+1","Shrug It Off","Armaments+1","Whirlwind+1","Ghostly Armor","Flex+1","Double Tap","Wild Strike+1","Perfected Strike+1","Warcry"],"relics":["Burning Blood","Bag of Preparation","Letter Opener","Bottled Lightning","Potion Belt","Odd Mushroom","Black Star","Question Card"],"potions_floor_usage":[12,16,16,16,24,29],"damage_taken":[{"damage":6,"enemies":"Jaw Worm","floor":1,"turns":3},{"damage":1,"enemies":"Cultist","floor":2,"turns":3},{"damage":2,"enemies":"Small Slimes","floor":3,"turns":3},{"damage":11,"enemies":"3 Louse","floor":4,"turns":5},{"damage":28,"enemies":"Gremlin Nob","floor":10,"turns":4},{"damage":10,"enemies":"Looter","floor":11,"turns":3},{"damage":21,"enemies":"Lagavulin","floor":12,"turns":8},{"damage":2,"floor":13,"turns":3},{"damage":0,"enemies":"2 Fungi Beasts","floor":14,"turns":2},{"damage":37,"enemies":"The Guardian","floor":16,"turns":13},{"damage":20,"enemies":"Shell Parasite","floor":18,"turns":12},{"damage":17,"enemies":"Spheric Guardian","floor":19,"turns":4},{"damage":21,"enemies":"Centurion and Healer","floor":24,"turns":4},{"damage":10,"enemies":"Cultist and Chosen","floor":28,"turns":6},{"damage":51,"enemies":"Book of Stabbing","floor":29,"turns":6}],"seed_played":"-8689192654563032570","potions_obtained":[{"floor":4,"key":"EssenceOfSteel"},{"floor":11,"key":"PowerPotion"},{"floor":12,"key":"Explosive Potion"},{"floor":14,"key":"Strength Potion"},{"floor":16,"key":"Fire Potion"},{"floor":18,"key":"AttackPotion"},{"floor":28,"key":"SpeedPotion"}],"is_trial":false,"path_per_floor":["M","M","M","M","?","R","$","R","T","E","M","E","?","M","R","B",null,"M","M","?","?","?","R","M","R","T","R","M"],"character_chosen":"IRONCLAD","items_purchased":["Whirlwind","Bag of Preparation"],"campfire_rested":2,"item_purchase_floors":[7,7],"current_hp_per_floor":[80,80,80,75,64,64,64,64,64,42,38,23,27,33,57,26,80,66,55,55,55,40,40,25,50,50,50,46,0],"gold":235,"neow_bonus":"UPGRADE_CARD","is_prod":false,"is_daily":false,"chose_seed":false,"campfire_upgraded":4,"win_rate":0,"timestamp":1531343566,"path_taken":["M","M","M","M","?","R","$","R","T","E","M","E","?","M","R","BOSS","M","?","?","?","?","R","M","R","T","R","M","E"],"build_version":"2018-07-05","purchased_purges":0,"victory":false,"max_hp_per_floor":[80,80,80,80,80,80,80,80,80,80,80,80,80,80,80,80,80,80,80,80,80,85,85,85,85,85,85,85,85],"card_choices":[{"not_picked":["Heavy Blade","Shrug It Off"],"picked":"Pommel Strike","floor":1},{"not_picked":["Rampage","Headbutt"],"picked":"Shrug It Off","floor":2},{"not_picked":["Thunderclap","Disarm","Dual Wield"],"picked":"SKIP","floor":3},{"not_picked":["Intimidate","Pummel"],"picked":"Armaments","floor":4},{"not_picked":["Dual Wield","Headbutt","Body Slam"],"picked":"SKIP","floor":10},{"not_picked":["Intimidate","Dual Wield","Thunderclap"],"picked":"SKIP","floor":11},{"not_picked":["Thunderclap","Reaper"],"picked":"Ghostly Armor","floor":12},{"not_picked":["Heavy Blade","Inflame"],"picked":"Flex","floor":14},{"not_picked":["Berserk","Brutality"],"picked":"Double Tap","floor":16},{"not_picked":["Havoc+1","True Grit","Flex"],"picked":"SKIP","floor":18},{"not_picked":["Clash","Havoc"],"picked":"Wild Strike+1","floor":19},{"not_picked":["Whirlwind","Body Slam"],"picked":"Perfected Strike","floor":24},{"not_picked":["Clothesline","Headbutt+1","Uppercut"],"picked":"Warcry","floor":28}],"player_experience":138481,"relics_obtained":[{"floor":9,"key":"Letter Opener"},{"floor":10,"key":"Bottled Lightning"},{"floor":12,"key":"Potion Belt"},{"floor":13,"key":"Odd Mushroom"},{"floor":26,"key":"Question Card"}],"event_choices":[{"event_name":"World of Goop","player_choice":"Gather Gold","floor":5,"damage_taken":0},{"event_name":"Mushrooms","player_choice":"Fought Mushrooms","floor":13,"damage_taken":0},{"event_name":"Beggar","player_choice":"Gave Gold","floor":20,"damage_taken":0},{"event_name":"Upgrade Shrine","player_choice":"Upgraded","floor":21,"damage_taken":0},{"event_name":"Forgotten Altar","player_choice":"Shed Blood","floor":22,"damage_taken":0}],"boss_relics":[{"not_picked":["Tiny House","Fusion Hammer"],"picked":"Black Star"}],"items_purged_floors":[],"is_endless":false,"potions_floor_spawned":[4,11,12,14,16,18,28],"killed_by":"Book of Stabbing","ascension_level":1}