{"gold_per_floor":[117,117,117,132,112,147,112,112,112,137,51,85,85,120,120,246,246,267,281,281,281,314,352,352,352,375,375,375,375,220,245,245,366,366,386,43,56,56,56,87,87,130,130,130,155,180,194,57,57,57],"floor_reached":51,"playtime":2453,"items_purged":["Defend_G","Pain"],"score":1181,"play_id":"ef4ae184-0503-4a42-8daf-6bf9e13b508f","local_time":"20190514140934","is_ascension_mode":true,"campfire_choices":[{"data":"A Thousand Cuts","floor":8,"key":"SMITH"},{"floor":13,"key":"REST"},{"floor":15,"key":"REST"},{"data":"Adrenaline","floor":24,"key":"SMITH"},{"data":"Backflip","floor":27,"key":"SMITH"},{"data":"Backflip","floor":29,"key":"SMITH"},{"floor":32,"key":"REST"},{"floor":41,"key":"REST"},{"floor":49,"key":"REST"}],"neow_cost":"NONE","seed_source_timestamp":2485869379903596,"circlet_count":0,"master_deck":["AscendersBane","Defend_G","Defend_G","Defend_G","Defend_G","Strike_G","Strike_G","Survivor","Neutralize","Blade Dance","PiercingWail","A Thousand Cuts+1","Noxious Fumes","Backflip+1","Noxious Fumes","Backflip+1","Flying Knee","Deflect","Venomology","Heel Hook+1","Noxious Fumes","RitualDagger","Blur","Adrenaline+1","PiercingWail","PiercingWail","Well Laid Plans+1","Dagger Spray+1","Dodge and Roll","Footwork+1","Footwork+1","Madness","Madness","Acrobatics","Cloak And Dagger+1","All Out Attack+1","Leg Sweep+1","Escape Plan"],"relics":["Ring of the Snake","Golden Idol","Thread and Needle","Potion Belt","Kunai","Mummified Hand","Bronze Scales","Cursed Key","Red Mask","Gremlin Horn","Frozen Egg 2","Pen Nib","Philosopher\u0027s Stone","Prayer Wheel","Juzu Bracelet","Ornamental Fan"],"potions_floor_usage":[6,6,12,12,18,23,31,33,35,37,40,40,40,40,42,45,47,50,50],"damage_taken":[{"damage":1,"enemies":"2 Louse","floor":1,"turns":3},{"damage":0,"enemies":"Small Slimes","floor":4,"turns":3},{"damage":29,"enemies":"3 Sentries","floor":6,"turns":17},{"damage":0,"enemies":"Cultist","floor":10,"turns":4},{"damage":18,"enemies":"Lagavulin","floor":12,"turns":8},{"damage":8,"enemies":"3 Sentries","floor":14,"turns":6},{"damage":22,"enemies":"The Guardian","floor":16,"turns":10},{"damage":0,"enemies":"Chosen","floor":18,"turns":6},{"damage":1,"enemies":"Shell Parasite","floor":19,"turns":5},{"damage":0,"enemies":"Masked Bandits","floor":22,"turns":3},{"damage":5,"enemies":"Book of Stabbing","floor":23,"turns":6},{"damage":0,"enemies":"Centurion and Healer","floor":31,"turns":7},{"damage":0,"enemies":"Collector","floor":33,"turns":9},{"damage":1,"enemies":"Orb Walker","floor":35,"turns":4},{"damage":0,"enemies":"3 Shapes","floor":37,"turns":2},{"damage":30,"enemies":"Giant Head","floor":40,"turns":12},{"damage":8,"enemies":"Reptomancer","floor":42,"turns":7},{"damage":23,"enemies":"Transient","floor":45,"turns":5},{"damage":19,"enemies":"Maw","floor":46,"turns":9},{"damage":4,"enemies":"Writhing Mass","floor":47,"turns":7},{"damage":34,"enemies":"Time Eater","floor":50,"turns":13}],"seed_played":"-2729580384646001261","potions_obtained":[{"floor":0,"key":"SneckoOil"},{"floor":0,"key":"Regen Potion"},{"floor":0,"key":"SkillPotion"},{"floor":5,"key":"Poison Potion"},{"floor":6,"key":"Dexterity Potion"},{"floor":12,"key":"FearPotion"},{"floor":16,"key":"PowerPotion"},{"floor":18,"key":"SpeedPotion"},{"floor":23,"key":"Weak Potion"},{"floor":35,"key":"Fruit Juice"},{"floor":40,"key":"Energy Potion"},{"floor":42,"key":"Poison Potion"}],"is_trial":false,"path_per_floor":["M","?","?","M","?","E","$","R","T","M","$","E","R","E","R","B",null,"M","M","?","?","?","E","R","T","T","R","?","R","$","M","R","B",null,"M","$","M","?","$","E","R","E","T","?","M","M","M","$","R","B",null],"character_chosen":"THE_SILENT","items_purchased":["Noxious Fumes","Noxious Fumes","Backflip","Well Laid Plans+1","Dodge and Roll","Prayer Wheel","Escape Plan"],"campfire_rested":5,"item_purchase_floors":[7,11,11,30,36,36,48],"current_hp_per_floor":[62,45,45,45,45,31,31,31,31,31,31,13,34,26,47,25,59,59,58,52,52,52,47,47,47,47,47,47,47,47,47,68,68,70,69,69,74,74,74,44,66,58,58,49,26,7,3,3,25,2],"gold":57,"neow_bonus":"THREE_SMALL_POTIONS","is_prod":false,"is_daily":false,"chose_seed":false,"campfire_upgraded":4,"win_rate":0,"timestamp":1557799774,"path_taken":["M","?","?","?","?","E","$","R","T","M","$","E","R","E","R","BOSS","M","M","?","?","?","E","R","?","T","R","?","R","$","M","R","BOSS","M","$","?","?","?","E","R","E","T","?","M","M","M","$","R","BOSS"],"build_version":"2019-01-23","purchased_purges":2,"victory":true,"max_hp_per_floor":[70,70,70,70,70,70,70,70,70,70,70,70,70,70,70,70,70,70,70,70,70,70,70,70,70,70,70,70,70,70,70,70,70,70,70,70,75,75,75,75,75,75,75,75,75,75,75,75,75,75],"card_choices":[{"not_picked":["Acrobatics","Expertise"],"picked":"Blade Dance","floor":1},{"not_picked":["Sucker Punch","Tactician"],"picked":"PiercingWail","floor":4},{"not_picked":["Dash","Poisoned Stab"],"picked":"A Thousand Cuts","floor":6},{"not_picked":["Blade Dance","Slice"],"picked":"Backflip","floor":10},{"not_picked":["Setup","Doppelganger"],"picked":"Flying Knee","floor":12},{"not_picked":["Flechettes","Prepared"],"picked":"Deflect","floor":14},{"not_picked":["Glass Knife","Wraith Form v2"],"picked":"Venomology","floor":16},{"not_picked":["Dagger Throw","Underhanded Strike"],"picked":"Heel Hook+1","floor":18},{"not_picked":["Accuracy","Predator+1"],"picked":"Noxious Fumes","floor":19},{"not_picked":["Outmaneuver","Heel Hook"],"picked":"PiercingWail","floor":22},{"not_picked":["Cloak And Dagger","Outmaneuver"],"picked":"PiercingWail","floor":23},{"not_picked":["Blade Dance","Flechettes","Underhanded Strike"],"picked":"SKIP","floor":31},{"not_picked":["Setup+1","Quick Slash+1"],"picked":"Dagger Spray+1","floor":35},{"not_picked":["Distraction","Eviscerate"],"picked":"Footwork+1","floor":37},{"not_picked":["Backflip","Noxious Fumes+1","Tactician+1"],"picked":"SKIP","floor":37},{"not_picked":["Deadly Poison","Reflex"],"picked":"Footwork+1","floor":40},{"not_picked":["Grand Finale","Expertise","Deadly Poison"],"picked":"SKIP","floor":42},{"not_picked":["Bane+1","Deflect"],"picked":"Acrobatics","floor":45},{"not_picked":["All Out Attack+1","Predator+1"],"picked":"Cloak And Dagger+1","floor":45},{"not_picked":["Distraction+1","Cloak And Dagger"],"picked":"All Out Attack+1","floor":46},{"not_picked":["Slice+1","Blade Dance","Poisoned Stab"],"picked":"SKIP","floor":46},{"not_picked":["Dodge and Roll","Crippling Poison+1"],"picked":"Leg Sweep+1","floor":47},{"not_picked":["Backstab+1","Deflect","Flying Knee+1"],"picked":"SKIP","floor":47}],"player_experience":239730,"relics_obtained":[{"floor":6,"key":"Potion Belt"},{"floor":9,"key":"Kunai"},{"floor":12,"key":"Mummified Hand"},{"floor":14,"key":"Bronze Scales"},{"floor":22,"key":"Red Mask"},{"floor":23,"key":"Gremlin Horn"},{"floor":25,"key":"Frozen Egg 2"},{"floor":26,"key":"Pen Nib"},{"floor":40,"key":"Juzu Bracelet"},{"floor":42,"key":"Ornamental Fan"}],"event_choices":[{"damage_healed":0,"gold_gain":0,"player_choice":"Take Damage","damage_taken":17,"relics_obtained":["Golden Idol"],"max_hp_gain":0,"max_hp_loss":0,"event_name":"Golden Idol","floor":2,"gold_loss":0},{"damage_healed":0,"gold_gain":0,"player_choice":"Gave Potion","damage_taken":0,"relics_obtained":["Thread and Needle"],"max_hp_gain":0,"max_hp_loss":0,"event_name":"WeMeetAgain","floor":3,"gold_loss":0},{"damage_healed":0,"gold_gain":0,"player_choice":"Bought 1 Potion","damage_taken":0,"max_hp_gain":0,"max_hp_loss":0,"event_name":"The Woman in Blue","floor":5,"gold_loss":0},{"damage_healed":0,"gold_gain":0,"player_choice":"Joined the Cult","damage_taken":6,"max_hp_gain":0,"max_hp_loss":0,"event_name":"Nest","floor":20,"gold_loss":0,"cards_obtained":["RitualDagger"]},{"damage_healed":0,"gold_gain":0,"cards_transformed":["Strike_G","Strike_G"],"player_choice":"Became Test Subject","damage_taken":0,"max_hp_gain":0,"max_hp_loss":0,"event_name":"Drug Dealer","floor":21,"gold_loss":0,"cards_obtained":["Blur","Adrenaline"]},{"damage_healed":0,"gold_gain":0,"player_choice":"Fought Bandits","damage_taken":0,"max_hp_gain":0,"max_hp_loss":0,"event_name":"Masked Bandits","floor":22,"gold_loss":0},{"cards_removed":["Shame","Writhe"],"damage_healed":0,"gold_gain":0,"player_choice":"Removed Curses","damage_taken":0,"max_hp_gain":0,"max_hp_loss":0,"event_name":"Fountain of Cleansing","floor":28,"gold_loss":0},{"cards_removed":["Strike_G"],"damage_healed":0,"gold_gain":0,"player_choice":"Purged","damage_taken":0,"max_hp_gain":0,"max_hp_loss":0,"event_name":"Purifier","floor":38,"gold_loss":0},{"damage_healed":0,"gold_gain":0,"player_choice":"Embrace Madness","damage_taken":9,"max_hp_gain":0,"max_hp_loss":0,"event_name":"Winding Halls","floor":44,"gold_loss":0,"cards_obtained":["Madness","Madness"]}],"is_beta":false,"boss_relics":[{"not_picked":["Black Star","Astrolabe"],"picked":"Cursed Key"},{"not_picked":["Calling Bell","Runic Pyramid"],"picked":"Philosopher\u0027s Stone"}],"items_purged_floors":[30,48],"is_endless":false,"potions_floor_spawned":[6,12,16,18,23,31,35,40,42],"ascension_level":10}