{"gold_per_floor":[116,191,209,209,224,284,284,65,89,101,125,137,163,175,187,299,311,343,355,392,404,428,468,480,520,555,567,594,68,68,101,101,203,203,220,230,230,240,462,494,494,519,519,519,538,538,550,20,20,20,20,20,20,20],"floor_reached":54,"playtime":1962,"items_purged":["Strike_B"],"score":701,"play_id":"468adb88-7c10-436f-804f-a811369c7443","local_time":"20190512154823","is_ascension_mode":false,"campfire_choices":[{"floor":7,"key":"REST"},{"data":"Capacitor","floor":12,"key":"SMITH"},{"floor":15,"key":"REST"},{"floor":24,"key":"REST"},{"floor":27,"key":"REST"},{"data":"Bandage Up","floor":30,"key":"SMITH"},{"floor":32,"key":"RECALL"},{"floor":41,"key":"REST"},{"data":"Thunder Strike","floor":44,"key":"SMITH"},{"data":"Hologram","floor":46,"key":"SMITH"},{"floor":49,"key":"REST"},{"data":"Blizzard","floor":52,"key":"SMITH"}],"neow_cost":"NONE","seed_source_timestamp":2319498373355360,"circlet_count":0,"master_deck":["Strike_B+1","Strike_B+1","Strike_B+1","Defend_B+1","Defend_B","Defend_B","Defend_B","Zap+1","Dualcast","Hologram+1","Ball Lightning","Echo Form+1","Capacitor+1","Rebound","Electrodynamics+1","Glacier+1","Blizzard+1","Sweeping Beam","Go for the Eyes+1","Self Repair+1","Bandage Up+1","Redo+1","Thunder Strike+1","Coolheaded","Capacitor+1","Loop+1","Coolheaded+1","Stack+1","Loop+1"],"relics":["Cracked Core","Tiny Chest","Blood Vial","MawBank","Frozen Egg 2","Philosopher\u0027s Stone","Centennial Puzzle","Bag of Preparation","Red Mask","Oddly Smooth Stone","Bottled Tornado","Lee\u0027s Waffle","Bronze Scales","Lizard Tail","Whetstone","Regal Pillow","Bottled Lightning","ClockworkSouvenir","Potion Belt"],"potions_floor_usage":[50,50,50,50],"damage_taken":[{"damage":0,"enemies":"2 Louse","floor":1,"turns":2},{"damage":1,"enemies":"Jaw Worm","floor":3,"turns":3},{"damage":0,"enemies":"Cultist","floor":5,"turns":2},{"damage":20,"enemies":"Lagavulin","floor":6,"turns":5},{"damage":16,"enemies":"Red Slaver","floor":11,"turns":3},{"damage":19,"enemies":"Exordium Thugs","floor":13,"turns":4},{"damage":33,"enemies":"The Guardian","floor":16,"turns":10},{"damage":0,"enemies":"3 Byrds","floor":18,"turns":2},{"damage":6,"enemies":"Chosen","floor":22,"turns":5},{"damage":43,"enemies":"Gremlin Leader","floor":23,"turns":8},{"damage":10,"enemies":"Masked Bandits","floor":25,"turns":3},{"damage":16,"enemies":"Centurion and Healer","floor":28,"turns":3},{"damage":16,"enemies":"Slavers","floor":31,"turns":2},{"damage":65,"enemies":"Automaton","floor":33,"turns":10},{"damage":23,"enemies":"3 Darklings","floor":35,"turns":3},{"damage":7,"enemies":"Orb Walker","floor":36,"turns":4},{"damage":27,"enemies":"Sphere and 2 Shapes","floor":38,"turns":3},{"damage":28,"enemies":"Nemesis","floor":40,"turns":8},{"damage":36,"enemies":"Maw","floor":45,"turns":8},{"damage":0,"enemies":"Jaw Worm Horde","floor":47,"turns":2},{"damage":126,"enemies":"Awakened One","floor":50,"turns":18},{"damage":95,"enemies":"Shield and Spear","floor":54,"turns":5}],"seed_played":"-1383963065909448584","potions_obtained":[{"floor":1,"key":"SteroidPotion"},{"floor":5,"key":"Block Potion"},{"floor":23,"key":"Dexterity Potion"},{"floor":38,"key":"Weak Potion"}],"is_trial":false,"path_per_floor":["M","?","M","?","M","E","R","$","T","$","M","R","M","T","R","B",null,"M","T","T","?","M","E","R","?","T","R","M","$","R","E","R","B",null,"M","M","?","M","?","E","R","T","T","R","M","R","M","$","R","B",null,"R","$","E"],"character_chosen":"DEFECT","items_purchased":["Capacitor","Blood Vial","Bottled Tornado","Lee\u0027s Waffle","Bandage Up","Loop+1","ClockworkSouvenir","Potion Belt","Regen Potion"],"campfire_rested":6,"item_purchase_floors":[8,8,29,29,29,48,48,48,48],"current_hp_per_floor":[75,64,63,48,48,28,50,50,50,50,36,36,19,19,41,10,75,75,75,75,75,69,28,50,42,42,64,50,82,82,82,82,39,82,69,70,82,65,65,45,69,69,69,69,45,45,47,47,82,24,82,82,82,0],"gold":20,"neow_bonus":"UPGRADE_CARD","is_prod":false,"is_daily":false,"chose_seed":false,"campfire_upgraded":5,"win_rate":0,"timestamp":1557632903,"path_taken":["M","?","M","?","M","E","R","?","T","$","?","R","M","?","R","BOSS","M","?","?","?","?","E","R","?","T","R","M","$","R","E","R","BOSS","M","M","?","?","?","E","R","?","T","R","M","R","M","$","R","BOSS","R","$","E"],"build_version":"2019-01-23","purchased_purges":1,"victory":false,"max_hp_per_floor":[75,75,75,75,75,75,75,75,75,75,75,75,75,75,75,75,75,75,75,75,75,75,75,75,75,75,75,75,82,82,82,82,82,82,82,82,82,82,82,82,82,82,82,82,82,82,82,82,82,82,82,82,82,82],"card_choices":[{"not_picked":["BootSequence","Hello World"],"picked":"Hologram","floor":1},{"not_picked":["Compile Driver","Turbo"],"picked":"Ball Lightning","floor":3},{"not_picked":["Chill","Skim"],"picked":"Heatsinks","floor":5},{"not_picked":["Chill","BootSequence"],"picked":"Echo Form","floor":6},{"not_picked":["Melter","Genetic Algorithm"],"picked":"Rebound","floor":11},{"not_picked":["Barrage","Beam Cell","Reprogram"],"picked":"SKIP","floor":13},{"not_picked":["Core Surge","All For One"],"picked":"Electrodynamics+1","floor":16},{"not_picked":["Gash+1","Skim"],"picked":"Glacier+1","floor":18},{"not_picked":["Beam Cell+1","Turbo+1"],"picked":"Blizzard","floor":22},{"not_picked":["Ball Lightning","Hologram"],"picked":"Sweeping Beam","floor":23},{"not_picked":["Darkness","Hologram"],"picked":"Go for the Eyes+1","floor":25},{"not_picked":["Conserve Battery","Leap+1"],"picked":"Self Repair+1","floor":28},{"not_picked":["Barrage+1","Hyperbeam"],"picked":"Redo+1","floor":31},{"not_picked":["Core Surge","Echo Form+1"],"picked":"Thunder Strike","floor":33},{"not_picked":["Compile Driver","Glacier+1"],"picked":"Coolheaded","floor":35},{"not_picked":["Storm+1","Steam"],"picked":"Capacitor+1","floor":36},{"not_picked":["Rip and Tear+1","Streamline+1"],"picked":"Loop+1","floor":38},{"not_picked":["Rebound+1","Conserve Battery"],"picked":"Coolheaded+1","floor":40},{"not_picked":["Force Field","Hologram"],"picked":"Stack+1","floor":45},{"not_picked":["Stack","Streamline+1","Gash"],"picked":"SKIP","floor":47}],"player_experience":233564,"relics_obtained":[{"floor":6,"key":"Tiny Chest"},{"floor":9,"key":"MawBank"},{"floor":14,"key":"Frozen Egg 2"},{"floor":20,"key":"Centennial Puzzle"},{"floor":23,"key":"Bag of Preparation"},{"floor":25,"key":"Red Mask"},{"floor":26,"key":"Oddly Smooth Stone"},{"floor":31,"key":"Bronze Scales"},{"floor":40,"key":"Whetstone"},{"floor":42,"key":"Regal Pillow"},{"floor":43,"key":"Bottled Lightning"}],"event_choices":[{"damage_healed":0,"gold_gain":75,"player_choice":"Gather Gold","damage_taken":11,"max_hp_gain":0,"max_hp_loss":0,"event_name":"World of Goop","floor":2,"gold_loss":0},{"damage_healed":0,"gold_gain":0,"player_choice":"Entered Light","damage_taken":15,"max_hp_gain":0,"max_hp_loss":0,"event_name":"Shining Light","floor":4,"gold_loss":0,"cards_upgraded":["Strike_B","Defend_B"]},{"damage_healed":0,"gold_gain":0,"player_choice":"Upgraded","damage_taken":0,"max_hp_gain":0,"max_hp_loss":0,"event_name":"Upgrade Shrine","floor":21,"gold_loss":0,"cards_upgraded":["Echo Form"]},{"damage_healed":0,"gold_gain":0,"player_choice":"Fought Bandits","damage_taken":0,"max_hp_gain":0,"max_hp_loss":0,"event_name":"Masked Bandits","floor":25,"gold_loss":0},{"cards_removed":["Heatsinks"],"damage_healed":12,"gold_gain":0,"player_choice":"Offered Uncommon","damage_taken":0,"max_hp_gain":0,"max_hp_loss":0,"event_name":"Bonfire Elementals","floor":37,"gold_loss":0},{"damage_healed":0,"gold_gain":222,"player_choice":"Wore Mask","damage_taken":0,"max_hp_gain":0,"max_hp_loss":0,"event_name":"Tomb of Lord Red Mask","floor":39,"gold_loss":0}],"is_beta":false,"boss_relics":[{"not_picked":["Pandora\u0027s Box","Calling Bell"],"picked":"Philosopher\u0027s Stone"},{"not_picked":["Runic Pyramid","Coffee Dripper"],"picked":"Lizard Tail"}],"items_purged_floors":[48],"is_endless":false,"potions_floor_spawned":[1,5,23,31,38,47],"killed_by":"Shield and Spear","ascension_level":0}