{"gold_per_floor":[118,72,72,92,104,104,135,149,173,173,71,88,88,104,104,205,205,219,207,121,138,413,413,430,430,430,430,5,16,16,32,32,127,177,189,99,110,8,8,8,40,40,40,40,40,40,40,56,56,56],"floor_reached":51,"playtime":3184,"items_purged":["Defend_G","Strike_G","Regret","Strike_G"],"score":800,"play_id":"82646dfd-4242-42e8-a1da-2e29f6f8a345","local_time":"20180918141336","is_ascension_mode":true,"campfire_choices":[{"data":"Noxious Fumes","floor":6,"key":"SMITH"},{"data":"Tools of the Trade","floor":10,"key":"SMITH"},{"data":"Backflip","floor":13,"key":"SMITH"},{"data":"Backstab","floor":15,"key":"SMITH"},{"data":"After Image","floor":23,"key":"SMITH"},{"data":"Infinite Blades","floor":25,"key":"SMITH"},{"data":"Noxious Fumes","floor":32,"key":"SMITH"},{"data":"Wraith Form v2","floor":40,"key":"SMITH"},{"data":"Blade Dance","floor":42,"key":"SMITH"},{"data":"Cloak And Dagger","floor":44,"key":"SMITH"},{"floor":49,"key":"REST"}],"neow_cost":"","seed_source_timestamp":199080912801748,"circlet_count":0,"master_deck":["Defend_G","Defend_G","Defend_G","Defend_G","Strike_G+1","Strike_G+1","Survivor","Neutralize+1","Cloak And Dagger+1","Noxious Fumes+1","Tools of the Trade+1","Cloak And Dagger","Backflip+1","Dagger Spray","Backstab+1","After Image+1","Bane","Infinite Blades+1","Backflip","Noxious Fumes+1","Poisoned Stab+1","Die Die Die","Wraith Form v2+1","Blade Dance+1","Finisher","Backflip","Cloak And Dagger+1","Footwork+1"],"relics":["Ring of the Snake","Bronze Scales","Smiling Mask","Sozu","Mango","Juzu Bracelet","Oddly Smooth Stone","Ornamental Fan","Tiny House","Calipers","Regal Pillow","Nunchaku"],"potions_floor_usage":[7,16,48],"damage_taken":[{"damage":1,"enemies":"Cultist","floor":1,"turns":5},{"damage":0,"enemies":"Small Slimes","floor":4,"turns":4},{"damage":0,"enemies":"2 Louse","floor":5,"turns":3},{"damage":12,"enemies":"3 Sentries","floor":7,"turns":7},{"damage":4,"enemies":"Exordium Thugs","floor":8,"turns":5},{"damage":0,"enemies":"2 Fungi Beasts","floor":12,"turns":4},{"damage":0,"enemies":"Exordium Wildlife","floor":14,"turns":3},{"damage":35,"enemies":"Slime Boss","floor":16,"turns":10},{"damage":0,"enemies":"Shell Parasite","floor":18,"turns":5},{"damage":2,"enemies":"2 Thieves","floor":19,"turns":4},{"damage":5,"enemies":"Snecko","floor":21,"turns":5},{"damage":2,"enemies":"Snake Plant","floor":24,"turns":5},{"damage":0,"enemies":"Chosen and Byrds","floor":29,"turns":6},{"damage":1,"enemies":"Cultist and Chosen","floor":31,"turns":6},{"damage":35,"enemies":"Collector","floor":33,"turns":10},{"damage":11,"enemies":"3 Darklings","floor":35,"turns":6},{"damage":3,"enemies":"3 Shapes","floor":37,"turns":2},{"damage":18,"enemies":"Mind Bloom Boss Battle","floor":39,"turns":7},{"damage":6,"enemies":"2 Orb Walkers","floor":41,"turns":6},{"damage":6,"enemies":"Reptomancer","floor":48,"turns":4},{"damage":26,"enemies":"Awakened One","floor":50,"turns":14}],"seed_played":"-8945216718860884762","potions_obtained":[{"floor":1,"key":"Explosive Potion"},{"floor":7,"key":"Strength Potion"},{"floor":14,"key":"Poison Potion"}],"is_trial":false,"path_per_floor":["M","$","?","M","M","R","E","M","T","R","$","M","R","M","R","B",null,"M","M","$","M","?","R","M","R","T","?","$","M","T","M","R","B",null,"M","?","M","$","?","R","E","R","T","R","$","?","?","M","R","B"],"character_chosen":"THE_SILENT","items_purchased":["Cloak And Dagger","Backflip","Infinite Blades","Juzu Bracelet","Oddly Smooth Stone","Noxious Fumes","Backflip"],"campfire_rested":1,"item_purchase_floors":[2,11,20,28,28,28,38],"current_hp_per_floor":[69,69,69,69,69,69,57,53,53,53,53,53,53,53,53,18,70,70,68,68,63,63,63,61,61,75,75,75,75,75,74,74,39,89,78,78,75,75,57,57,51,51,51,51,51,51,51,45,86,60],"gold":56,"neow_bonus":"","is_prod":false,"is_daily":false,"chose_seed":false,"campfire_upgraded":10,"win_rate":0,"timestamp":1537247616,"path_taken":["M","?","?","M","?","R","E","M","T","R","$","M","R","M","R","BOSS","M","?","$","M","?","R","M","R","T","?","$","M","?","M","R","BOSS","M","?","M","$","?","R","E","R","T","R","$","?","?","M","R","BOSS"],"build_version":"2018-09-06","purchased_purges":4,"victory":true,"max_hp_per_floor":[70,70,70,70,70,70,70,70,70,70,70,70,70,70,70,70,70,70,70,70,70,70,70,70,70,84,84,84,84,84,84,84,84,89,89,89,89,89,89,89,89,89,89,89,89,89,89,89,89,89],"card_choices":[{"not_picked":["Eviscerate","Caltrops","Flying Knee"],"picked":"SKIP","floor":1},{"not_picked":["Underhanded Strike","Outmaneuver"],"picked":"Noxious Fumes","floor":4},{"not_picked":["Acrobatics","Dodge and Roll","Slice"],"picked":"SKIP","floor":5},{"not_picked":["Footwork","Quick Slash"],"picked":"Tools of the Trade","floor":7},{"not_picked":["Sucker Punch","Prepared"],"picked":"Cloak And Dagger","floor":8},{"not_picked":["Underhanded Strike","Flying Knee"],"picked":"Dagger Spray","floor":12},{"not_picked":["Sucker Punch","Outmaneuver"],"picked":"Backstab","floor":14},{"not_picked":["Glass Knife","Storm of Steel"],"picked":"After Image","floor":16},{"not_picked":["Backflip+1","Dagger Spray+1"],"picked":"Bane","floor":18},{"not_picked":["Heel Hook","Setup","Caltrops+1"],"picked":"SKIP","floor":19},{"not_picked":["Flying Knee+1","Endless Agony+1","Slice"],"picked":"SKIP","floor":21},{"not_picked":["Deflect","Skewer+1"],"picked":"Backflip","floor":24},{"not_picked":["PiercingWail","Eviscerate"],"picked":"Poisoned Stab+1","floor":29},{"not_picked":["Dagger Spray","Blade Dance"],"picked":"Die Die Die","floor":31},{"not_picked":["Bullet Time","Tools of the Trade"],"picked":"Wraith Form v2","floor":33},{"not_picked":["Deflect+1","Quick Slash"],"picked":"Blade Dance","floor":35},{"not_picked":["Flying Knee","Sucker Punch"],"picked":"Finisher","floor":37},{"not_picked":["Flying Knee+1","Concentrate"],"picked":"Cloak And Dagger+1","floor":39},{"not_picked":["Doppelganger","Leg Sweep+1"],"picked":"Footwork+1","floor":41},{"not_picked":["Dagger Spray+1","Quick Slash+1","Slice+1"],"picked":"SKIP","floor":48}],"player_experience":283438,"relics_obtained":[{"floor":7,"key":"Bronze Scales"},{"floor":9,"key":"Smiling Mask"},{"floor":26,"key":"Mango"},{"floor":30,"key":"Ornamental Fan"},{"floor":39,"key":"Calipers"},{"floor":41,"key":"Regal Pillow"},{"floor":43,"key":"Nunchaku"}],"event_choices":[{"event_name":"Accursed Blacksmith","player_choice":"Forge","floor":3,"damage_taken":0},{"event_name":"Golden Shrine","player_choice":"Desecrate","floor":22,"damage_taken":0},{"event_name":"Forgotten Altar","player_choice":"Smashed Altar","floor":27,"damage_taken":0},{"event_name":"Designer","player_choice":"Full Service","floor":36,"damage_taken":0},{"event_name":"MindBloom","player_choice":"Fight","floor":39,"damage_taken":0},{"event_name":"Mysterious Sphere","player_choice":"Ignore","floor":46,"damage_taken":0},{"event_name":"Purifier","player_choice":"One Purge","floor":47,"damage_taken":0}],"is_beta":false,"boss_relics":[{"not_picked":["Cursed Key","Lizard Tail"],"picked":"Sozu"},{"not_picked":["White Beast Statue","Astrolabe"],"picked":"Tiny House"}],"items_purged_floors":[11,20,28,38],"is_endless":false,"potions_floor_spawned":[1,7,14,31,33,35,48],"ascension_level":4}