{"gold_per_floor":[114,130,130,130,130,130,158,176,200,211,211,161,171,186,186,285,285,299,299,22,22,40,40,40],"floor_reached":24,"playtime":677,"items_purged":["Defend_G"],"score":323,"play_id":"aee9f8c8-61d5-4261-af83-81afda3b0ad6","local_time":"20190504215548","is_ascension_mode":true,"campfire_choices":[{"data":"Dagger Spray","floor":6,"key":"SMITH"},{"data":"Bouncing Flask","floor":11,"key":"SMITH"},{"data":"Dodge and Roll","floor":15,"key":"SMITH"},{"floor":23,"key":"REST"}],"neow_cost":"NONE","seed_source_timestamp":1651622180424525,"circlet_count":0,"master_deck":["Defend_G","Defend_G","Defend_G","Defend_G","Strike_G","Strike_G","Strike_G","Survivor","Neutralize+1","Dagger Spray+1","Dodge and Roll+1","Bouncing Flask+1","Unload","Adrenaline","Noxious Fumes","Ghostly","Ghostly","Ghostly","Ghostly","Ghostly","Well Laid Plans","Deflect"],"relics":["Ring of the Snake","NeowsBlessing","Smiling Mask","Pen Nib","Lizard Tail","TwistedFunnel"],"potions_floor_usage":[],"damage_taken":[{"damage":0,"enemies":"Cultist","floor":1,"turns":1},{"damage":0,"enemies":"2 Louse","floor":2,"turns":1},{"damage":0,"enemies":"3 Sentries","floor":7,"turns":1},{"damage":0,"enemies":"Small Slimes","floor":8,"turns":5},{"damage":0,"enemies":"Red Slaver","floor":10,"turns":4},{"damage":1,"enemies":"Large Slime","floor":13,"turns":5},{"damage":0,"enemies":"3 Louse","floor":14,"turns":1},{"damage":18,"enemies":"The Guardian","floor":16,"turns":8},{"damage":4,"enemies":"Chosen","floor":18,"turns":5},{"damage":24,"enemies":"3 Byrds","floor":22,"turns":5},{"damage":39,"enemies":"Book of Stabbing","floor":24,"turns":6}],"seed_played":"1821996246008022246","potions_obtained":[{"floor":7,"key":"EssenceOfSteel"},{"floor":8,"key":"Block Potion"},{"floor":10,"key":"SteroidPotion"},{"floor":14,"key":"Dexterity Potion"},{"floor":18,"key":"EssenceOfSteel"}],"is_trial":false,"path_per_floor":["M","M","?","?","?","R","E","M","T","M","R","$","M","M","R","B",null,"M","?","$","?","M","R","E"],"character_chosen":"THE_SILENT","items_purchased":["Well Laid Plans","TwistedFunnel"],"campfire_rested":1,"item_purchase_floors":[20,20],"current_hp_per_floor":[63,63,56,56,56,56,56,56,56,56,56,56,55,55,55,37,62,58,35,35,29,5,15,0],"gold":40,"neow_bonus":"THREE_ENEMY_KILL","is_prod":false,"is_daily":false,"chose_seed":false,"campfire_upgraded":3,"win_rate":0,"timestamp":1556963748,"path_taken":["M","M","?","?","?","R","E","?","T","M","R","$","M","M","R","BOSS","M","?","$","?","M","R","E"],"build_version":"2019-01-23","purchased_purges":1,"victory":false,"max_hp_per_floor":[70,70,70,70,70,70,70,70,70,70,70,70,70,70,70,70,70,70,35,35,35,35,35,35],"card_choices":[{"not_picked":["Setup","Reflex"],"picked":"Dagger Spray","floor":1},{"not_picked":["Expertise","Crippling Poison","Dagger Throw"],"picked":"SKIP","floor":2},{"not_picked":["Acrobatics","Dagger Throw"],"picked":"Bouncing Flask","floor":7},{"not_picked":["Tactician","Finisher","Prepared"],"picked":"SKIP","floor":8},{"not_picked":["Dagger Throw","Blade Dance","Underhanded Strike"],"picked":"SKIP","floor":10},{"not_picked":["Outmaneuver","Tactician","Blade Dance"],"picked":"SKIP","floor":13},{"not_picked":["Calculated Gamble","Infinite Blades"],"picked":"Unload","floor":14},{"not_picked":["A Thousand Cuts","Phantasmal Killer"],"picked":"Adrenaline","floor":16},{"not_picked":["Underhanded Strike","Backflip+1"],"picked":"Noxious Fumes","floor":18},{"not_picked":["Blade Dance","Finisher"],"picked":"Deflect","floor":22}],"player_experience":180745,"relics_obtained":[{"floor":7,"key":"Smiling Mask"},{"floor":9,"key":"Pen Nib"}],"event_choices":[{"cards_removed":["Strike_G"],"damage_healed":0,"gold_gain":0,"player_choice":"Card Removal","damage_taken":7,"max_hp_gain":0,"max_hp_loss":0,"event_name":"Golden Wing","floor":3,"gold_loss":0},{"damage_healed":0,"gold_gain":0,"cards_transformed":["Strike_G"],"player_choice":"Change","damage_taken":0,"max_hp_gain":0,"max_hp_loss":0,"event_name":"Living Wall","floor":4,"gold_loss":0,"cards_obtained":["Dodge and Roll"]},{"damage_healed":0,"gold_gain":0,"player_choice":"Upgraded","damage_taken":0,"max_hp_gain":0,"max_hp_loss":0,"event_name":"Upgrade Shrine","floor":5,"gold_loss":0,"cards_upgraded":["Neutralize"]},{"damage_healed":0,"gold_gain":0,"player_choice":"Became a Ghost","damage_taken":0,"max_hp_gain":0,"max_hp_loss":35,"event_name":"Ghosts","floor":19,"gold_loss":0,"cards_obtained":["Ghostly","Ghostly","Ghostly","Ghostly","Ghostly"]},{"damage_healed":0,"gold_gain":0,"player_choice":"","damage_taken":6,"max_hp_gain":0,"max_hp_loss":0,"event_name":"Knowing Skull","floor":21,"potions_obtained":[],"gold_loss":0,"cards_obtained":[]}],"is_beta":false,"boss_relics":[{"not_picked":["Snecko Eye","Tiny House"],"picked":"Lizard Tail"}],"items_purged_floors":[12],"is_endless":false,"potions_floor_spawned":[7,8,10,14,18],"killed_by":"Book of Stabbing","ascension_level":7}