{"gold_per_floor":[113,188,188,188,207,207,241,241,289,289,305,334,114,144,144,244,244,264,264,283,283],"floor_reached":21,"playtime":1106,"items_purged":["Defend_B"],"score":205,"play_id":"d856edad-f1da-4390-ab36-7aa4c2d8524f","local_time":"20180831202946","is_ascension_mode":true,"campfire_choices":[{"data":"Zap","floor":6.0,"key":"SMITH"},{"data":"Dualcast","floor":8.0,"key":"SMITH"},{"floor":10.0,"key":"REST"},{"floor":15.0,"key":"REST"}],"neow_cost":"","seed_source_timestamp":0,"circlet_count":0,"master_deck":["Strike_B","Strike_B","Strike_B","Defend_B","Defend_B","Defend_B","Zap+1","Dualcast+1","Barrage","Turbo","BootSequence","Double Energy","Machine Learning","Conserve Battery","Conserve Battery+1"],"special_seed":0,"relics":["Cracked Core","Letter Opener","Blue Candle","Vajra","Omamori","Juzu Bracelet","Torii","Sozu"],"potions_floor_usage":[],"damage_taken":[{"damage":1.0,"enemies":"Jaw Worm","floor":1.0,"turns":4.0},{"damage":2.0,"enemies":"2 Louse","floor":5.0,"turns":2.0},{"damage":24.0,"enemies":"3 Sentries","floor":7.0,"turns":7.0},{"damage":2.0,"enemies":"Small Slimes","floor":11.0,"turns":3.0},{"damage":15.0,"enemies":"Gremlin Nob","floor":12.0,"turns":4.0},{"damage":21.0,"enemies":"3 Sentries","floor":14.0,"turns":6.0},{"damage":27.0,"enemies":"Hexaghost","floor":16.0,"turns":10.0},{"damage":6.0,"enemies":"Chosen","floor":18.0,"turns":5.0},{"damage":18.0,"enemies":"Shell Parasite","floor":20.0,"turns":6.0},{"damage":0,"enemies":"Snake Plant","floor":21,"turns":1}],"seed_played":"4229798398541179113","potions_obtained":[{"floor":1.0,"key":"Weak Potion"},{"floor":7.0,"key":"EssenceOfSteel"},{"floor":12.0,"key":"Strength Potion"},{"floor":14.0,"key":"Swift Potion"}],"is_trial":false,"path_per_floor":["M","?","T","?","M","R","E","R","T","R","M","E","$","E","R","B",null,"M","?","M"],"character_chosen":"DEFECT","items_purchased":["Juzu Bracelet"],"campfire_rested":2,"item_purchase_floors":[13],"current_hp_per_floor":[74,63,63,56,54,54,30,30,30,52,50,35,35,14,36,9,75,69,69,51,51],"gold":283,"neow_bonus":"","is_prod":false,"is_daily":false,"chose_seed":false,"campfire_upgraded":2,"win_rate":0,"timestamp":1535714986,"path_taken":["M","?","?","?","?","R","E","R","T","R","M","E","$","E","R","BOSS","M","?","M","M"],"build_version":"2018-08-30","purchased_purges":1,"victory":false,"max_hp_per_floor":[75,75,75,75,75,75,75,75,75,75,75,75,75,75,75,75,75,75,75,75,75],"card_choices":[{"not_picked":["Doom and Gloom","Compile Driver"],"picked":"Barrage","floor":1.0},{"not_picked":["Heatsinks","Fusion"],"picked":"Turbo","floor":5.0},{"not_picked":["Glacier","Turbo","Aggregate"],"picked":"SKIP","floor":7.0},{"not_picked":["Rebound","Undo"],"picked":"BootSequence","floor":11.0},{"not_picked":["Steam","Auto Shields"],"picked":"Double Energy","floor":12.0},{"not_picked":["Chaos","Turbo","Hologram"],"picked":"SKIP","floor":14.0},{"not_picked":["Fission","Multi-Cast"],"picked":"Machine Learning","floor":16.0},{"not_picked":["Barrage","Stack"],"picked":"Conserve Battery","floor":18.0},{"not_picked":["Go for the Eyes+1","Leap"],"picked":"Conserve Battery+1","floor":20.0}],"player_experience":181351,"relics_obtained":[{"floor":3.0,"key":"Letter Opener"},{"floor":7.0,"key":"Blue Candle"},{"floor":9.0,"key":"Vajra"},{"floor":12.0,"key":"Omamori"},{"floor":14.0,"key":"Torii"}],"event_choices":[{"event_name":"World of Goop","player_choice":"Gather Gold","floor":2.0,"damage_taken":0.0},{"event_name":"Golden Wing","player_choice":"Card Removal","floor":4.0,"damage_taken":0.0},{"event_name":"Ghosts","player_choice":"Ignored","floor":19.0,"damage_taken":0.0}],"is_beta":false,"boss_relics":[{"not_picked":["Pandora\u0027s Box","Tiny House"],"picked":"Sozu"}],"items_purged_floors":[13],"is_endless":false,"potions_floor_spawned":[1,7,12,14,20],"killed_by":"Snake Plant","ascension_level":1}