{"gold_per_floor":[118,131,206,381,399,426,437,437,437,387,41,76,37,53,53,155,155,166,166,20,20,32,32,52,52,52,72,84,109,109,126,126,221,221,231,241,260,278,1277,1277,1277],"floor_reached":41,"playtime":1537,"items_purged":["Injury"],"score":450,"play_id":"234d38f9-7594-4242-956d-1f375ffe14d0","local_time":"20190424122039","is_ascension_mode":false,"campfire_choices":[{"floor":8,"key":"REST"},{"floor":15,"key":"REST"},{"floor":23,"key":"RECALL"},{"floor":25,"key":"REST"},{"floor":30,"key":"REST"},{"floor":32,"key":"REST"},{"floor":40,"key":"REST"}],"neow_cost":"CURSE","seed_source_timestamp":752261006047181,"circlet_count":0,"master_deck":["Strike_B","Strike_B","Strike_B","Defend_B","Defend_B","Defend_B","Dualcast","Ball Lightning","Ball Lightning","Glacier","Static Discharge","Cold Snap","Streamline","Barrage","Blizzard","Turbo","Electrodynamics","Echo Form+1","Multi-Cast+1","Conserve Battery+1","Blizzard+1","BootSequence","Capacitor","Streamline","Rebound+1","Consume+1","Streamline","Hello World","Consume","White Noise","Glacier+1","Normality","Normality"],"relics":["Cracked Core","Incense Burner","Happy Flower","Emotion Chip","Bottled Tornado","Astrolabe","Ornamental Fan","Strawberry","Inserter"],"potions_floor_usage":[29,33,33],"damage_taken":[{"damage":6,"enemies":"Jaw Worm","floor":1,"turns":3},{"damage":1,"enemies":"2 Louse","floor":2,"turns":2},{"damage":1,"enemies":"Cultist","floor":5,"turns":3},{"damage":19,"enemies":"3 Sentries","floor":6,"turns":9},{"damage":12,"enemies":"Blue Slaver","floor":7,"turns":3},{"damage":18,"enemies":"Gremlin Nob","floor":12,"turns":3},{"damage":0,"enemies":"Exordium Wildlife","floor":14,"turns":2},{"damage":20,"enemies":"The Guardian","floor":16,"turns":10},{"damage":15,"enemies":"2 Thieves","floor":18,"turns":3},{"damage":0,"enemies":"Chosen","floor":22,"turns":4},{"damage":29,"enemies":"Shelled Parasite and Fungi","floor":24,"turns":5},{"damage":20,"enemies":"Centurion and Healer","floor":27,"turns":5},{"damage":9,"enemies":"Cultist and Chosen","floor":28,"turns":6},{"damage":16,"enemies":"Book of Stabbing","floor":29,"turns":4},{"damage":11,"enemies":"Snecko","floor":31,"turns":4},{"damage":27,"enemies":"Collector","floor":33,"turns":9},{"damage":37,"enemies":"3 Darklings","floor":35,"turns":4},{"damage":19,"enemies":"3 Shapes","floor":36,"turns":3},{"damage":0,"enemies":"3 Darklings","floor":37,"turns":4},{"damage":13,"enemies":"Sphere and 2 Shapes","floor":38,"turns":5},{"damage":38,"enemies":"Jaw Worm Horde","floor":41,"turns":3}],"seed_played":"-5137513829520109837","potions_obtained":[{"floor":5,"key":"Fire Potion"},{"floor":6,"key":"Poison Potion"},{"floor":7,"key":"Regen Potion"},{"floor":12,"key":"Swift Potion"},{"floor":33,"key":"Fire Potion"},{"floor":36,"key":"Strength Potion"}],"is_trial":false,"path_per_floor":["M","M","?","?","M","E","M","R","T","?","$","E","$","M","R","B",null,"M","?","$","?","M","R","M","R","T","M","M","E","R","M","R","B",null,"M","M","M","M","?","R","M"],"character_chosen":"DEFECT","items_purchased":["Streamline","Emotion Chip","Blizzard","Capacitor"],"campfire_rested":6,"item_purchase_floors":[11,11,13,20],"current_hp_per_floor":[69,68,57,57,56,37,25,47,47,47,47,29,29,29,51,31,75,60,60,60,60,60,60,31,53,53,33,24,15,39,28,52,25,82,45,26,26,13,13,37,0],"gold":1277,"neow_bonus":"ONE_RARE_RELIC","is_prod":false,"is_daily":false,"chose_seed":false,"campfire_upgraded":0,"win_rate":0,"timestamp":1556065239,"path_taken":["M","M","?","?","M","E","M","R","T","?","?","E","$","M","R","BOSS","M","?","$","?","M","R","?","R","T","M","M","E","R","M","R","BOSS","M","?","M","M","?","R","M"],"build_version":"2019-01-23","purchased_purges":1,"victory":false,"max_hp_per_floor":[75,75,75,75,75,75,75,75,75,75,75,75,75,75,75,75,75,75,75,75,75,75,75,75,75,75,75,75,82,82,82,82,82,82,82,82,82,82,82,82,82],"card_choices":[{"not_picked":["Compile Driver","Chaos"],"picked":"Ball Lightning","floor":1},{"not_picked":["Reinforced Body","Compile Driver"],"picked":"Ball Lightning","floor":2},{"not_picked":["Ball Lightning","Steam"],"picked":"Glacier","floor":5},{"not_picked":["Stack","Go for the Eyes"],"picked":"Static Discharge","floor":6},{"not_picked":["Beam Cell","Sweeping Beam"],"picked":"Cold Snap","floor":7},{"not_picked":["Sweeping Beam","Lockon"],"picked":"Barrage","floor":12},{"not_picked":["Stack","Darkness"],"picked":"Turbo","floor":14},{"not_picked":["Biased Cognition","Core Surge"],"picked":"Electrodynamics","floor":16},{"not_picked":["Barrage","Hologram"],"picked":"Blizzard+1","floor":18},{"not_picked":["Go for the Eyes+1","Stack"],"picked":"Streamline","floor":22},{"not_picked":["Steam","Coolheaded"],"picked":"Rebound+1","floor":24},{"not_picked":["Turbo","Heatsinks"],"picked":"Consume+1","floor":27},{"not_picked":["Rip and Tear","Amplify"],"picked":"Streamline","floor":28},{"not_picked":["Redo","Beam Cell+1"],"picked":"Hello World","floor":29},{"not_picked":["Force Field+1","Stack+1"],"picked":"Consume","floor":31},{"not_picked":["Heatsinks","Compile Driver+1","Barrage+1"],"picked":"SKIP","floor":35},{"not_picked":["Skim+1","Turbo+1"],"picked":"White Noise","floor":36},{"not_picked":["Barrage+1","Beam Cell","Tempest"],"picked":"SKIP","floor":37},{"not_picked":["Redo","Storm+1"],"picked":"Glacier+1","floor":38}],"player_experience":64299,"relics_obtained":[{"floor":6,"key":"Happy Flower"},{"floor":12,"key":"Bottled Tornado"},{"floor":26,"key":"Ornamental Fan"},{"floor":29,"key":"Strawberry"}],"event_choices":[{"damage_healed":0,"gold_gain":75,"player_choice":"Gather Gold","damage_taken":11,"max_hp_gain":0,"max_hp_loss":0,"event_name":"World of Goop","floor":3,"gold_loss":0},{"damage_healed":0,"gold_gain":175,"player_choice":"AGREE","damage_taken":0,"max_hp_gain":0,"max_hp_loss":0,"event_name":"Liars Game","floor":4,"gold_loss":0,"cards_obtained":["Doubt"]},{"cards_removed":["Doubt"],"damage_healed":0,"gold_gain":0,"player_choice":"Card Removal","damage_taken":0,"max_hp_gain":0,"max_hp_loss":0,"event_name":"The Cleric","floor":10,"gold_loss":50},{"damage_healed":0,"gold_gain":0,"player_choice":"Read","damage_taken":0,"max_hp_gain":0,"max_hp_loss":0,"event_name":"The Library","floor":19,"gold_loss":0,"cards_obtained":["BootSequence"]},{"damage_healed":0,"gold_gain":0,"player_choice":"Ignored","damage_taken":0,"max_hp_gain":0,"max_hp_loss":0,"event_name":"Beggar","floor":21,"gold_loss":0},{"damage_healed":0,"gold_gain":999,"player_choice":"Gold","damage_taken":0,"max_hp_gain":0,"max_hp_loss":0,"event_name":"MindBloom","floor":39,"gold_loss":0,"cards_obtained":["Normality","Normality"]}],"is_beta":false,"boss_relics":[{"not_picked":["Runic Pyramid","Calling Bell"],"picked":"Astrolabe"},{"not_picked":["Cursed Key","Tiny House"],"picked":"Inserter"}],"items_purged_floors":[20],"is_endless":false,"potions_floor_spawned":[5,6,7,12,22,28,33,36],"killed_by":"Jaw Worm Horde","ascension_level":0}