{"gold_per_floor":[12,87,107,107,107,107,136,153,153,180,191,43,43,58,58,135,135,149,149,159,15,15,15,49,49],"floor_reached":25,"playtime":950,"items_purged":[],"score":378,"play_id":"d04be25e-93e7-44a6-a300-4ca3d4913379","local_time":"20190517112000","is_ascension_mode":true,"campfire_choices":[{"data":"Neutralize","floor":6,"key":"SMITH"},{"floor":13,"key":"REST"},{"floor":15,"key":"REST"},{"floor":23,"key":"REST"}],"neow_cost":"NO_GOLD","seed_source_timestamp":2736417041309964,"circlet_count":0,"master_deck":["AscendersBane","Defend_G","Defend_G","Defend_G","Defend_G","Defend_G","Strike_G","Strike_G","Strike_G","Survivor","Neutralize+1","Panacea","Deflect","Slice","Blur","Cloak And Dagger","Bane+1","Backflip","Bane+1","Glass Knife+1","Caltrops","Setup","Grand Finale+1","Footwork","Dodge and Roll","Sucker Punch+1"],"relics":["Ring of the Snake","Kunai","Molten Egg 2","Blue Candle","Regal Pillow","Snake Skull","Sozu","Dream Catcher","Incense Burner"],"potions_floor_usage":[10,16],"damage_taken":[{"damage":7,"enemies":"Small Slimes","floor":1,"turns":4},{"damage":0,"enemies":"Jaw Worm","floor":3,"turns":4},{"damage":44,"enemies":"Gremlin Nob","floor":7,"turns":7},{"damage":0,"enemies":"2 Louse","floor":8,"turns":3},{"damage":10,"enemies":"Lagavulin","floor":10,"turns":13},{"damage":6,"enemies":"Lots of Slimes","floor":11,"turns":6},{"damage":11,"enemies":"Exordium Thugs","floor":14,"turns":6},{"damage":63,"enemies":"Slime Boss","floor":16,"turns":24},{"damage":0,"enemies":"Chosen","floor":18,"turns":5},{"damage":12,"enemies":"Shell Parasite","floor":20,"turns":6},{"damage":49,"enemies":"Book of Stabbing","floor":24,"turns":8},{"damage":38,"enemies":"3 Cultists","floor":25,"turns":7}],"seed_played":"4298612212684741763","potions_obtained":[{"floor":7,"key":"PowerPotion"},{"floor":10,"key":"GamblersBrew"},{"floor":11,"key":"FairyPotion"}],"is_trial":false,"path_per_floor":["M","?","M","T","?","R","E","M","T","E","M","$","R","M","R","B",null,"M","?","M","$","?","R","E","M"],"character_chosen":"THE_SILENT","items_purchased":["Snake Skull","Dream Catcher"],"campfire_rested":3,"item_purchase_floors":[12,21],"current_hp_per_floor":[56,45,45,45,70,70,26,26,26,16,10,10,46,35,70,7,54,54,54,42,42,42,70,21,0],"gold":49,"neow_bonus":"RANDOM_COLORLESS_2","is_prod":false,"is_daily":false,"chose_seed":false,"campfire_upgraded":1,"win_rate":0,"timestamp":1558048800,"path_taken":["M","?","M","?","?","R","E","?","T","E","M","?","R","M","R","BOSS","M","?","M","$","?","R","E","M"],"build_version":"2019-01-23","purchased_purges":0,"victory":false,"max_hp_per_floor":[70,70,70,70,70,70,70,70,70,70,70,70,70,70,70,70,70,70,70,70,70,70,70,70,70],"card_choices":[{"not_picked":["Blade Dance","Setup"],"picked":"Deflect","floor":1},{"not_picked":["Eviscerate","Acrobatics"],"picked":"Slice","floor":3},{"not_picked":["Reflex","Cloak And Dagger"],"picked":"Blur","floor":7},{"not_picked":["Storm of Steel","Terror"],"picked":"Cloak And Dagger","floor":8},{"not_picked":["Underhanded Strike+1","Flechettes+1"],"picked":"Bane+1","floor":10},{"not_picked":["Calculated Gamble","Blade Dance"],"picked":"Backflip","floor":11},{"not_picked":["Sucker Punch+1","Cloak And Dagger"],"picked":"Bane+1","floor":14},{"not_picked":["Venomology","A Thousand Cuts"],"picked":"Glass Knife+1","floor":16},{"not_picked":["Blade Dance+1","Acrobatics"],"picked":"Caltrops","floor":18},{"not_picked":["Quick Slash+1","Eviscerate+1"],"picked":"Footwork","floor":20},{"not_picked":["Distraction","Quick Slash+1"],"picked":"Dodge and Roll","floor":23},{"not_picked":["Riddle With Holes+1","Phantasmal Killer"],"picked":"Sucker Punch+1","floor":24}],"player_experience":277304,"relics_obtained":[{"floor":4,"key":"Kunai"},{"floor":7,"key":"Molten Egg 2"},{"floor":9,"key":"Blue Candle"},{"floor":10,"key":"Regal Pillow"},{"floor":24,"key":"Incense Burner"}],"event_choices":[{"damage_healed":0,"gold_gain":75,"player_choice":"Gather Gold","damage_taken":11,"max_hp_gain":0,"max_hp_loss":0,"event_name":"World of Goop","floor":2,"gold_loss":0},{"cards_removed":["Dramatic Entrance"],"damage_healed":25,"gold_gain":0,"player_choice":"Offered Uncommon","damage_taken":0,"max_hp_gain":0,"max_hp_loss":0,"event_name":"Bonfire Elementals","floor":5,"gold_loss":0},{"damage_healed":0,"gold_gain":0,"cards_transformed":["Strike_G","Strike_G"],"player_choice":"Became Test Subject","damage_taken":0,"max_hp_gain":0,"max_hp_loss":0,"event_name":"Drug Dealer","floor":19,"gold_loss":0,"cards_obtained":["Setup","Grand Finale"]},{"damage_healed":0,"gold_gain":0,"player_choice":"Ignored","damage_taken":0,"max_hp_gain":0,"max_hp_loss":0,"event_name":"Vampires","floor":22,"gold_loss":0}],"is_beta":false,"boss_relics":[{"not_picked":["Ring of the Serpent","Lizard Tail"],"picked":"Sozu"}],"items_purged_floors":[],"is_endless":false,"potions_floor_spawned":[7,10,11,24],"killed_by":"3 Cultists","ascension_level":13}