{"gold_per_floor":[114,114,124,134,148,182,199,199,199,199,224,237,6,26,26,128,128,139,139,157,0,17,17,43,43,67,67,102,102,102,120,120,224,224,243,243,1,17,32,32,32,32,32,46,79,79,91,107,107,107],"floor_reached":50,"playtime":1643,"items_purged":["Pain","Strike_B"],"score":574,"play_id":"a7653735-c370-4e5a-826e-d17047b5a08c","local_time":"20190511234608","is_ascension_mode":false,"campfire_choices":[{"data":"Defragment","floor":10,"key":"SMITH"},{"floor":15,"key":"REST"},{"data":"Creative AI","floor":23,"key":"SMITH"},{"floor":27,"key":"REST"},{"floor":29,"key":"REST"},{"floor":32,"key":"REST"},{"floor":40,"key":"RECALL"},{"data":"Echo Form","floor":42,"key":"SMITH"},{"floor":46,"key":"REST"},{"floor":49,"key":"REST"}],"neow_cost":"NONE","seed_source_timestamp":2262081813527360,"circlet_count":0,"master_deck":["Defend_B","Defend_B","Defend_B","Defend_B","Zap+1","Dualcast","FTL","Cold Snap","Cold Snap","Defragment+1","Rebound","Ball Lightning","Darkness+1","Redo+1","Creative AI+1","Auto Shields+1","Reprogram+1","Fission+1","Sweeping Beam","Defragment+1","Leap+1","Buffer","Blizzard+1","Electrodynamics","Steam+1","Echo Form+1","Undo+1","Bandage Up","Redo+1","BootSequence+1","Redo+1","Undo+1"],"relics":["Cracked Core","WarpedTongs","Pear","Darkstone Periapt","Mercury Hourglass","Art of War","War Paint","Astrolabe","Oddly Smooth Stone","Bronze Scales","Sozu","Toxic Egg 2","Ancient Tea Set"],"potions_floor_usage":[45,50,50],"damage_taken":[{"damage":0,"enemies":"Small Slimes","floor":1,"turns":2},{"damage":0,"enemies":"Cultist","floor":3,"turns":2},{"damage":2,"enemies":"2 Louse","floor":4,"turns":2},{"damage":4,"enemies":"2 Fungi Beasts","floor":5,"turns":2},{"damage":22,"enemies":"3 Sentries","floor":6,"turns":8},{"damage":10,"enemies":"Red Slaver","floor":7,"turns":3},{"damage":10,"enemies":"Gremlin Nob","floor":11,"turns":4},{"damage":0,"enemies":"Blue Slaver","floor":12,"turns":3},{"damage":7,"enemies":"2 Fungi Beasts","floor":14,"turns":2},{"damage":0,"enemies":"Slime Boss","floor":16,"turns":5},{"damage":13,"enemies":"2 Thieves","floor":18,"turns":3},{"damage":10,"enemies":"Chosen","floor":20,"turns":4},{"damage":0,"enemies":"Snecko","floor":22,"turns":6},{"damage":34,"enemies":"Slavers","floor":24,"turns":3},{"damage":18,"enemies":"Gremlin Leader","floor":28,"turns":5},{"damage":2,"enemies":"Shelled Parasite and Fungi","floor":31,"turns":5},{"damage":33,"enemies":"Champ","floor":33,"turns":9},{"damage":3,"enemies":"Orb Walker","floor":35,"turns":4},{"damage":0,"enemies":"3 Shapes","floor":38,"turns":3},{"damage":18,"enemies":"Sphere and 2 Shapes","floor":39,"turns":4},{"damage":39,"enemies":"3 Darklings","floor":44,"turns":4},{"damage":32,"enemies":"Nemesis","floor":45,"turns":9},{"damage":10,"enemies":"Transient","floor":47,"turns":5},{"damage":7,"enemies":"Maw","floor":48,"turns":7},{"damage":85,"enemies":"Awakened One","floor":50,"turns":5}],"seed_played":"2022169771723487977","potions_obtained":[{"floor":1,"key":"Strength Potion"},{"floor":4,"key":"EssenceOfSteel"},{"floor":5,"key":"Swift Potion"},{"floor":14,"key":"AttackPotion"},{"floor":24,"key":"Regen Potion"}],"is_trial":false,"path_per_floor":["M","?","M","M","M","E","M","?","T","R","E","M","$","M","R","B",null,"M","?","M","?","M","R","E","$","T","R","E","R","?","M","R","B",null,"M","?","$","M","M","R","?","R","T","M","E","R","M","M","R","B"],"character_chosen":"DEFECT","items_purchased":["War Paint","Echo Form"],"campfire_rested":6,"item_purchase_floors":[13,37],"current_hp_per_floor":[75,75,75,73,69,57,47,44,44,44,34,34,34,27,52,52,85,72,72,62,62,62,62,28,28,28,53,35,60,60,58,83,50,85,82,82,82,82,64,64,64,64,64,29,16,41,37,42,67,0],"gold":107,"neow_bonus":"UPGRADE_CARD","is_prod":false,"is_daily":false,"chose_seed":false,"campfire_upgraded":3,"win_rate":0,"timestamp":1557575168,"path_taken":["M","?","?","M","M","E","M","?","T","R","E","M","$","M","R","BOSS","M","?","?","?","M","R","E","$","T","R","E","R","?","M","R","BOSS","M","?","$","M","?","R","?","R","T","M","E","R","M","M","R","BOSS"],"build_version":"2019-01-23","purchased_purges":2,"victory":false,"max_hp_per_floor":[75,75,75,75,75,85,85,85,85,85,85,85,85,85,85,85,85,85,85,85,85,85,85,85,85,85,85,85,85,85,85,85,85,85,85,85,85,85,85,85,85,85,85,85,85,85,85,85,85,85],"card_choices":[{"not_picked":["Rebound","Rip and Tear"],"picked":"FTL","floor":1},{"not_picked":["Lockon","Aggregate"],"picked":"Cold Snap","floor":3},{"not_picked":["Scrape","Streamline"],"picked":"Cold Snap","floor":4},{"not_picked":["Compile Driver","Consume"],"picked":"Defragment","floor":5},{"not_picked":["Streamline","Sunder"],"picked":"Rebound","floor":6},{"not_picked":["BootSequence","Stack"],"picked":"Ball Lightning","floor":7},{"not_picked":["Creative AI","Barrage"],"picked":"Darkness","floor":11},{"not_picked":["Reinforced Body","Barrage"],"picked":"Redo","floor":12},{"not_picked":["Double Energy","Reinforced Body","Auto Shields"],"picked":"SKIP","floor":14},{"not_picked":["Machine Learning","Meteor Strike"],"picked":"Creative AI","floor":16},{"not_picked":["Skim","Rebound+1"],"picked":"Sweeping Beam","floor":18},{"not_picked":["Genetic Algorithm","Steam","Barrage+1"],"picked":"SKIP","floor":20},{"not_picked":["Beam Cell","Aggregate","Gash+1"],"picked":"SKIP","floor":22},{"not_picked":["Stack","Chaos"],"picked":"Leap+1","floor":24},{"not_picked":["Beam Cell","Barrage"],"picked":"Buffer","floor":28},{"not_picked":["Streamline","Cold Snap"],"picked":"Blizzard+1","floor":31},{"not_picked":["Thunder Strike","Machine Learning"],"picked":"Electrodynamics","floor":33},{"not_picked":["Doom and Gloom","BootSequence"],"picked":"Steam+1","floor":35},{"not_picked":["Cold Snap+1","Conserve Battery+1"],"picked":"Undo+1","floor":38},{"not_picked":["Aggregate+1","Cold Snap+1","Barrage+1"],"picked":"SKIP","floor":39},{"not_picked":["PanicButton","HandOfGreed"],"picked":"Bandage Up","floor":41},{"not_picked":["Sweeping Beam","Rebound"],"picked":"Redo+1","floor":44},{"not_picked":["Streamline+1","Aggregate+1"],"picked":"BootSequence+1","floor":45},{"not_picked":["Steam+1","Heatsinks"],"picked":"Redo+1","floor":47},{"not_picked":["Go for the Eyes","Turbo+1"],"picked":"Undo+1","floor":48}],"player_experience":229085,"relics_obtained":[{"floor":6,"key":"Pear"},{"floor":9,"key":"Mercury Hourglass"},{"floor":11,"key":"Art of War"},{"floor":24,"key":"Oddly Smooth Stone"},{"floor":28,"key":"Bronze Scales"},{"floor":43,"key":"Toxic Egg 2"},{"floor":45,"key":"Ancient Tea Set"}],"event_choices":[{"damage_healed":0,"gold_gain":0,"player_choice":"Rummage","damage_taken":0,"relics_obtained":["WarpedTongs"],"max_hp_gain":0,"max_hp_loss":0,"event_name":"Accursed Blacksmith","floor":2,"gold_loss":0,"cards_obtained":["Pain"]},{"damage_healed":0,"gold_gain":0,"player_choice":"Success","damage_taken":3,"relics_obtained":["Darkstone Periapt"],"max_hp_gain":0,"max_hp_loss":0,"event_name":"Scrap Ooze","floor":8,"gold_loss":0},{"damage_healed":0,"gold_gain":0,"player_choice":"Copied","damage_taken":0,"max_hp_gain":0,"max_hp_loss":0,"event_name":"Duplicator","floor":19,"gold_loss":0,"cards_obtained":["Defragment"]},{"damage_healed":0,"gold_gain":0,"player_choice":"Paid Fearfully","damage_taken":0,"max_hp_gain":0,"max_hp_loss":0,"event_name":"Masked Bandits","floor":21,"gold_loss":157},{"damage_healed":0,"gold_gain":0,"player_choice":"0 cards matched","damage_taken":0,"max_hp_gain":0,"max_hp_loss":0,"event_name":"Match and Keep!","floor":30,"gold_loss":0,"cards_obtained":[]},{"damage_healed":0,"gold_gain":0,"player_choice":"Ignored","damage_taken":0,"max_hp_gain":0,"max_hp_loss":0,"event_name":"SecretPortal","floor":36,"gold_loss":0},{"damage_healed":0,"gold_gain":0,"player_choice":"Memory 1","damage_taken":0,"max_hp_gain":0,"max_hp_loss":0,"event_name":"SensoryStone","floor":41,"gold_loss":0}],"is_beta":false,"boss_relics":[{"not_picked":["Runic Pyramid","Busted Crown"],"picked":"Astrolabe"},{"not_picked":["Empty Cage","White Beast Statue"],"picked":"Sozu"}],"items_purged_floors":[13,37],"is_endless":false,"potions_floor_spawned":[1,4,5,11,14,18,24,31,33,35,38,45,48],"killed_by":"Awakened One","ascension_level":0}