{"gold_per_floor":[215,215,215,215,140,140,60,60,60,60,71,124,159,172,172,172],"floor_reached":16,"playtime":633,"items_purged":["Defend_G"],"score":134,"play_id":"bbbd856b-ac12-4c8c-a7c3-36aec062ee3e","local_time":"20181002050210","is_ascension_mode":true,"campfire_choices":[{"data":"Survivor","floor":6,"key":"SMITH"},{"data":"Infinite Blades","floor":8,"key":"SMITH"},{"data":"Strike_G","floor":10,"key":"SMITH"},{"data":"Setup","floor":15,"key":"SMITH"}],"neow_cost":"NONE","seed_source_timestamp":1378145657329475,"circlet_count":0,"master_deck":["Defend_G","Defend_G","Defend_G","Defend_G","Strike_G","Strike_G","Strike_G","Strike_G+1","Survivor+1","Neutralize+1","Infinite Blades+1","Setup+1","Well Laid Plans"],"relics":["Ring of the Snake","Darkstone Periapt","Blood Vial","Bag of Preparation"],"potions_floor_usage":[13,14],"damage_taken":[{"damage":0,"enemies":"2 Louse","floor":1,"turns":4},{"damage":7,"enemies":"Small Slimes","floor":11,"turns":3},{"damage":14,"enemies":"3 Sentries","floor":13,"turns":9},{"damage":0,"enemies":"Cultist","floor":14,"turns":4},{"damage":31,"enemies":"Hexaghost","floor":16,"turns":11}],"seed_played":"8609564487222190196","potions_obtained":[{"floor":11,"key":"Fire Potion"},{"floor":13,"key":"Regen Potion"}],"is_trial":false,"path_per_floor":["M","?","?","?","$","R","$","R","T","R","M","T","E","M","R"],"character_chosen":"THE_SILENT","items_purchased":["Infinite Blades"],"campfire_rested":0,"item_purchase_floors":[7],"current_hp_per_floor":[63,68,68,68,68,68,68,68,68,68,61,61,49,63,63,34],"gold":172,"neow_bonus":"HUNDRED_GOLD","is_prod":false,"is_daily":false,"chose_seed":false,"campfire_upgraded":4,"win_rate":0,"timestamp":1538424130,"path_taken":["M","?","?","?","$","R","$","R","T","R","M","?","E","?","R","BOSS"],"build_version":"2018-09-27","purchased_purges":1,"victory":false,"max_hp_per_floor":[70,75,75,75,75,75,75,75,75,75,75,75,75,75,75,75],"card_choices":[{"not_picked":["Underhanded Strike","Outmaneuver","Calculated Gamble"],"picked":"SKIP","floor":1},{"not_picked":["Setup","Flying Knee","Deadly Poison"],"picked":"SKIP","floor":11},{"not_picked":["Quick Slash","Underhanded Strike"],"picked":"Setup","floor":13},{"not_picked":["Catalyst","Bane"],"picked":"Well Laid Plans","floor":14}],"player_experience":340728,"relics_obtained":[{"floor":9,"key":"Darkstone Periapt"},{"floor":12,"key":"Blood Vial"},{"floor":13,"key":"Bag of Preparation"}],"event_choices":[{"event_name":"Big Fish","player_choice":"Donut","floor":2,"damage_taken":0},{"event_name":"Purifier","player_choice":"One Purge","floor":3,"damage_taken":0},{"event_name":"Upgrade Shrine","player_choice":"Upgraded","floor":4,"damage_taken":0}],"is_beta":false,"boss_relics":[],"items_purged_floors":[5],"is_endless":false,"potions_floor_spawned":[11,13],"killed_by":"Hexaghost","ascension_level":8}