{"gold_per_floor":[216,233,233,243,243,243,198,198,221,221,12,87,106,56,56,153,153,163,163,12,29,42,42,56,56,108,135,135,154,180,180],"floor_reached":31,"playtime":1370,"items_purged":["Strike_R"],"score":243,"play_id":"09baad8c-9227-47af-bbcb-0043804cd9cf","local_time":"20180710062358","is_ascension_mode":false,"campfire_choices":[{"data":"Flex","floor":6,"key":"SMITH"},{"data":"Warcry","floor":8,"key":"SMITH"},{"data":"Bash","floor":10,"key":"SMITH"},{"data":"Pommel Strike","floor":15,"key":"SMITH"},{"data":"Double Tap","floor":23,"key":"SMITH"},{"data":"Heavy Blade","floor":25,"key":"SMITH"},{"floor":28,"key":"REST"}],"neow_cost":"NONE","seed_source_timestamp":291300940609899,"circlet_count":0,"master_deck":["Strike_R","Strike_R","Strike_R","Defend_R+1","Defend_R","Defend_R","Defend_R+1","Bash+1","Flex+1","Warcry+1","Wild Strike","Pommel Strike+1","Heavy Blade+1","Double Tap+1","Whirlwind","Shrug It Off","Wild Strike+1"],"relics":["Burning Blood","War Paint","Orichalcum","Mark of Pain","Happy Flower","Red Mask","Bag of Marbles"],"potions_floor_usage":[7,16,22,27,30,30,30,30,30],"damage_taken":[{"damage":2,"enemies":"Small Slimes","floor":1,"turns":3},{"damage":5,"enemies":"2 Louse","floor":2,"turns":3},{"damage":5,"enemies":"Cultist","floor":4,"turns":4},{"damage":7,"enemies":"Looter","floor":7,"turns":5},{"damage":2,"enemies":"Exordium Thugs","floor":13,"turns":4},{"damage":43,"enemies":"The Guardian","floor":16,"turns":9},{"damage":0,"enemies":"Chosen","floor":18,"turns":4},{"damage":8,"enemies":"2 Thieves","floor":21,"turns":3},{"damage":25,"enemies":"Centurion and Healer","floor":22,"turns":6},{"damage":6,"enemies":"3 Cultists","floor":24,"turns":4},{"damage":28,"floor":27,"turns":4},{"damage":15,"enemies":"Snake Plant","floor":29,"turns":3},{"damage":51,"enemies":"Gremlin Leader","floor":30,"turns":6},{"damage":16,"enemies":"Centurion and Healer","floor":31,"turns":3}],"seed_played":"-5719179598091945063","potions_obtained":[{"floor":2,"key":"Energy Potion"},{"floor":4,"key":"Strength Potion"},{"floor":5,"key":"GamblersBrew"},{"floor":5,"key":"Fruit Juice"},{"floor":16,"key":"FearPotion"},{"floor":21,"key":"EntropicBrew"},{"floor":27,"key":"Swift Potion"},{"floor":29,"key":"EntropicBrew"}],"is_trial":false,"path_per_floor":["M","M","?","M","?","R","M","R","T","R","$","?","M","$","R","B",null,"M","?","$","M","M","R","M","R","T","?","R","M","E"],"character_chosen":"IRONCLAD","items_purchased":["Wild Strike","Orichalcum","Heavy Blade","Whirlwind"],"campfire_rested":1,"item_purchase_floors":[11,11,14,20],"current_hp_per_floor":[80,80,80,80,80,80,84,84,84,84,84,73,77,77,77,40,85,85,85,85,83,64,64,64,64,64,42,67,58,13,0],"gold":180,"neow_bonus":"HUNDRED_GOLD","is_prod":false,"is_daily":false,"chose_seed":false,"campfire_upgraded":6,"win_rate":0,"timestamp":1531171438,"path_taken":["M","M","?","?","?","R","M","R","T","R","$","?","?","$","R","BOSS","M","?","?","M","M","R","M","R","T","?","R","?","E","M"],"build_version":"2018-07-05","purchased_purges":1,"victory":false,"max_hp_per_floor":[80,80,80,80,80,80,85,85,85,85,85,85,85,85,85,85,85,85,85,85,85,85,85,85,85,85,85,85,85,85,85],"card_choices":[{"not_picked":["Havoc","Anger","Clash"],"picked":"SKIP","floor":1},{"not_picked":["Shockwave","Body Slam","Hemokinesis"],"picked":"SKIP","floor":2},{"not_picked":["Warcry","Bloodletting"],"picked":"Flex","floor":4},{"not_picked":["Searing Blow","Havoc"],"picked":"Warcry","floor":7},{"not_picked":["Sentinel","Sever Soul"],"picked":"Pommel Strike","floor":13},{"not_picked":["Exhume","Dark Embrace"],"picked":"Double Tap","floor":16},{"not_picked":["Entrench","Flame Barrier","Shockwave"],"picked":"SKIP","floor":18},{"not_picked":["Sword Boomerang+1","Havoc","Shockwave+1"],"picked":"SKIP","floor":21},{"not_picked":["Headbutt","Sword Boomerang","Entrench"],"picked":"SKIP","floor":22},{"not_picked":["Anger","Searing Blow+1","Sword Boomerang"],"picked":"SKIP","floor":24},{"not_picked":["Body Slam","Pommel Strike"],"picked":"Shrug It Off","floor":27},{"not_picked":["Second Wind","Impervious","Clothesline"],"picked":"SKIP","floor":29},{"not_picked":["Cleave+1","Spot Weakness"],"picked":"Wild Strike+1","floor":30}],"player_experience":124663,"relics_obtained":[{"floor":9,"key":"War Paint"},{"floor":26,"key":"Happy Flower"},{"floor":27,"key":"Red Mask"},{"floor":30,"key":"Bag of Marbles"}],"event_choices":[{"event_name":"Living Wall","player_choice":"Forget","floor":3,"damage_taken":0},{"event_name":"The Lab","player_choice":"Got Potions","floor":5,"damage_taken":0},{"event_name":"World of Goop","player_choice":"Gather Gold","floor":12,"damage_taken":0},{"event_name":"Ghosts","player_choice":"Ignored","floor":19,"damage_taken":0},{"event_name":"Masked Bandits","player_choice":"Fought over 108 gold","floor":27,"damage_taken":0}],"boss_relics":[{"not_picked":["Black Blood","White Beast Statue"],"picked":"Mark of Pain"}],"items_purged_floors":[20],"is_endless":false,"potions_floor_spawned":[2,4,16,21,27,29],"killed_by":"Centurion and Healer","ascension_level":0}