{"gold_per_floor":[219,219,84,94,106,106,132,307,307,341,341,341],"floor_reached":12,"playtime":360,"items_purged":[],"score":103,"play_id":"78689725-80d3-4e1c-aef0-a15873334d98","local_time":"20190504211946","is_ascension_mode":true,"campfire_choices":[{"data":"Go for the Eyes","floor":6,"key":"SMITH"}],"neow_cost":"NONE","seed_source_timestamp":1649777372914487,"circlet_count":0,"master_deck":["Strike_B","Strike_B","Defend_B","Defend_B","Defend_B","Defend_B","Zap","Dualcast","Go for the Eyes+1","FTL","Hologram","Coolheaded","Compile Driver","Undo","Doubt","Consume","Darkness"],"relics":["Cracked Core","Orichalcum","Torii"],"potions_floor_usage":[10],"damage_taken":[{"damage":16,"enemies":"Small Slimes","floor":1,"turns":3},{"damage":1,"enemies":"Cultist","floor":4,"turns":3},{"damage":0,"enemies":"2 Louse","floor":5,"turns":3},{"damage":18,"enemies":"Lagavulin","floor":7,"turns":6},{"damage":27,"enemies":"Gremlin Nob","floor":10,"turns":4},{"damage":14,"enemies":"Exordium Thugs","floor":12,"turns":1}],"seed_played":"-4831756786976867661","potions_obtained":[{"floor":4,"key":"SpeedPotion"},{"floor":5,"key":"Dexterity Potion"}],"is_trial":false,"path_per_floor":["M","?","$","M","M","R","E","?","T","E","?","M"],"character_chosen":"DEFECT","items_purchased":["FTL","Hologram","Fire Potion"],"campfire_rested":0,"item_purchase_floors":[3,3,3],"current_hp_per_floor":[59,59,59,58,58,58,40,40,40,13,13,0],"gold":341,"neow_bonus":"HUNDRED_GOLD","is_prod":false,"is_daily":false,"chose_seed":false,"campfire_upgraded":1,"win_rate":0,"timestamp":1556961586,"path_taken":["M","?","$","M","?","R","E","?","T","E","?","?"],"build_version":"2019-01-23","purchased_purges":0,"victory":false,"max_hp_per_floor":[75,75,75,75,75,75,75,75,75,75,75,75],"card_choices":[{"not_picked":["Steam","Chill"],"picked":"Go for the Eyes","floor":1},{"not_picked":["Compile Driver","Steam"],"picked":"Coolheaded","floor":4},{"not_picked":["Turbo","Stack"],"picked":"Compile Driver","floor":5},{"not_picked":["Redo","Hello World"],"picked":"Undo","floor":7},{"not_picked":["Ball Lightning","Skim"],"picked":"Consume","floor":10}],"player_experience":179158,"relics_obtained":[{"floor":9,"key":"Orichalcum"},{"floor":10,"key":"Torii"}],"event_choices":[{"cards_removed":["Strike_B"],"damage_healed":0,"gold_gain":0,"player_choice":"Purged","damage_taken":0,"max_hp_gain":0,"max_hp_loss":0,"event_name":"Purifier","floor":2,"gold_loss":0},{"damage_healed":0,"gold_gain":175,"player_choice":"AGREE","damage_taken":0,"max_hp_gain":0,"max_hp_loss":0,"event_name":"Liars Game","floor":8,"gold_loss":0,"cards_obtained":["Doubt"]},{"damage_healed":0,"gold_gain":0,"cards_transformed":["Strike_B"],"player_choice":"Transformed","damage_taken":0,"max_hp_gain":0,"max_hp_loss":0,"event_name":"Transmorgrifier","floor":11,"gold_loss":0,"cards_obtained":["Darkness"]}],"is_beta":false,"boss_relics":[],"items_purged_floors":[],"is_endless":false,"potions_floor_spawned":[4,5],"killed_by":"Exordium Thugs","ascension_level":4}