{"gold_per_floor":[115,115,131,131,146,146,180,180,180,180,180,180,31,56,56,186,186,200,200,223,241,120,120,163,163,163,163,163,206,206,231,231,354,354,373,373,373,387,387,387,427,427,450,450,450,450,465,480,480,480],"floor_reached":50,"playtime":1931,"items_purged":["Regret"],"score":634,"play_id":"8099125e-014b-4e48-8e52-89271126895a","local_time":"20190504231608","is_ascension_mode":false,"campfire_choices":[{"data":"Neutralize","floor":6,"key":"SMITH"},{"floor":8,"key":"REST"},{"floor":12,"key":"REST"},{"data":"Caltrops","floor":15,"key":"SMITH"},{"data":"Well Laid Plans","floor":23,"key":"SMITH"},{"data":"Footwork","floor":25,"key":"SMITH"},{"data":"Adrenaline","floor":28,"key":"SMITH"},{"floor":32,"key":"RECALL"},{"data":"Bandage Up","floor":40,"key":"SMITH"},{"data":"Burst","floor":45,"key":"SMITH"},{"data":"Deflect","floor":49,"key":"SMITH"}],"neow_cost":"NONE","seed_source_timestamp":1655187472096284,"circlet_count":0,"master_deck":["Defend_G","Defend_G","Defend_G","Defend_G","Defend_G","Strike_G","Strike_G","Strike_G","Strike_G","Strike_G","Survivor","Neutralize+1","Deadly Poison","Deadly Poison","Caltrops+1","Deflect+1","Adrenaline+1","Footwork+1","Calculated Gamble","Well Laid Plans+1","Bandage Up+1","Bane+1","Dodge and Roll+1","Venomology","Dash+1","Distraction+1","Writhe","Burst+1","Pain","Writhe","Doubt","Pain"],"relics":["Ring of the Snake","Oddly Smooth Stone","GremlinMask","Molten Egg 2","Orichalcum","Bronze Scales","Golden Idol","Coffee Dripper","Red Mask","Pantograph","Blue Candle","Cursed Key","Happy Flower","Pear","Strawberry","WarpedTongs"],"potions_floor_usage":[29,33,33,41,41,41,48,50,50,50],"damage_taken":[{"damage":0,"enemies":"Jaw Worm","floor":1,"turns":4},{"damage":3,"enemies":"Cultist","floor":3,"turns":5},{"damage":2,"enemies":"2 Louse","floor":5,"turns":4},{"damage":53,"enemies":"3 Sentries","floor":7,"turns":13},{"damage":0,"enemies":"Blue Slaver","floor":14,"turns":3},{"damage":16,"enemies":"Hexaghost","floor":16,"turns":9},{"damage":15,"enemies":"Chosen","floor":18,"turns":5},{"damage":6,"enemies":"3 Byrds","floor":20,"turns":3},{"damage":0,"enemies":"Snake Plant","floor":21,"turns":5},{"damage":27,"enemies":"Masked Bandits","floor":24,"turns":6},{"damage":28,"enemies":"Slavers","floor":29,"turns":6},{"damage":5,"enemies":"Snecko","floor":31,"turns":7},{"damage":12,"enemies":"Champ","floor":33,"turns":16},{"damage":22,"enemies":"3 Darklings","floor":35,"turns":7},{"damage":0,"enemies":"3 Shapes","floor":38,"turns":6},{"damage":63,"enemies":"Giant Head","floor":41,"turns":10},{"damage":48,"enemies":"Spire Growth","floor":47,"turns":8},{"damage":48,"enemies":"Sphere and 2 Shapes","floor":48,"turns":6},{"damage":44,"enemies":"Time Eater","floor":50,"turns":5}],"seed_played":"1609306364464125739","potions_obtained":[{"floor":7,"key":"FearPotion"},{"floor":14,"key":"Ancient Potion"},{"floor":16,"key":"Strength Potion"},{"floor":24,"key":"Block Potion"},{"floor":29,"key":"EssenceOfSteel"},{"floor":31,"key":"Dexterity Potion"},{"floor":33,"key":"Strength Potion"},{"floor":37,"key":"Dexterity Potion"},{"floor":37,"key":"PowerPotion"}],"is_trial":false,"path_per_floor":["M","?","M","?","M","R","E","R","T","?","T","R","$","M","R","B",null,"M","?","M","M","$","R","?","R","T","?","R","E","?","M","R","B",null,"M","?","?","M","?","R","E","T","T","?","R","?","M","M","R","B"],"character_chosen":"THE_SILENT","items_purchased":["Caltrops","Well Laid Plans","Bandage Up"],"campfire_rested":2,"item_purchase_floors":[13,22,22],"current_hp_per_floor":[70,70,67,67,65,65,12,33,33,16,16,37,37,37,37,21,70,55,60,54,54,54,54,31,31,31,31,31,7,7,6,6,23,70,48,48,48,52,70,70,13,23,30,87,87,87,45,3,3,0],"gold":480,"neow_bonus":"RANDOM_COMMON_RELIC","is_prod":false,"is_daily":false,"chose_seed":false,"campfire_upgraded":8,"win_rate":0,"timestamp":1556968568,"path_taken":["M","?","?","?","M","R","E","R","T","?","?","R","$","M","R","BOSS","M","?","M","?","$","R","?","R","T","?","R","E","?","M","R","BOSS","M","?","?","?","?","R","E","?","T","?","R","?","M","M","R","BOSS"],"build_version":"2019-01-23","purchased_purges":1,"victory":false,"max_hp_per_floor":[70,70,70,70,70,70,70,70,70,70,70,70,70,70,70,70,70,70,70,70,70,70,70,70,70,70,70,70,70,70,70,70,70,70,70,70,70,70,70,70,70,80,87,87,87,87,87,87,87,87],"card_choices":[{"not_picked":["Slice","Escape Plan"],"picked":"Deadly Poison","floor":1},{"not_picked":["Infinite Blades","Dagger Throw"],"picked":"Outmaneuver","floor":3},{"not_picked":["Crippling Poison","Dagger Throw+1"],"picked":"Deadly Poison","floor":5},{"not_picked":["Choke+1","Heel Hook+1","Slice+1"],"picked":"SKIP","floor":7},{"not_picked":["Blade Dance","Acrobatics"],"picked":"Deflect","floor":14},{"not_picked":["Die Die Die+1","Corpse Explosion"],"picked":"Adrenaline","floor":16},{"not_picked":["Flying Knee+1","Dagger Throw+1"],"picked":"Footwork","floor":18},{"not_picked":["Deflect","Finisher+1","Infinite Blades"],"picked":"SKIP","floor":20},{"not_picked":["Sucker Punch+1","Phantasmal Killer"],"picked":"Calculated Gamble","floor":21},{"not_picked":["Dodge and Roll","Deflect+1"],"picked":"Bane+1","floor":24},{"not_picked":["Underhanded Strike+1","Bane+1","Terror"],"picked":"SKIP","floor":29},{"not_picked":["Bane+1","Poisoned Stab+1"],"picked":"Dodge and Roll+1","floor":31},{"not_picked":["After Image","Doppelganger"],"picked":"Venomology","floor":33},{"not_picked":["Acrobatics","Flying Knee+1"],"picked":"Dash+1","floor":35},{"not_picked":["Infinite Blades+1","Bane+1"],"picked":"Distraction+1","floor":38},{"not_picked":["Concentrate+1","Blade Dance+1"],"picked":"Burst","floor":41},{"not_picked":["Finisher+1","Flying Knee+1","Cloak And Dagger"],"picked":"SKIP","floor":47},{"not_picked":["All Out Attack+1","Quick Slash+1","Predator+1"],"picked":"SKIP","floor":48}],"player_experience":182788,"relics_obtained":[{"floor":7,"key":"Orichalcum"},{"floor":9,"key":"Bronze Scales"},{"floor":24,"key":"Red Mask"},{"floor":26,"key":"Pantograph"},{"floor":29,"key":"Blue Candle"},{"floor":41,"key":"Happy Flower"},{"floor":42,"key":"Pear"},{"floor":43,"key":"Strawberry"}],"event_choices":[{"damage_healed":0,"gold_gain":0,"player_choice":"Trade","damage_taken":0,"relics_obtained":["GremlinMask"],"max_hp_gain":0,"max_hp_loss":0,"event_name":"FaceTrader","floor":2,"gold_loss":0},{"damage_healed":0,"gold_gain":0,"player_choice":"Box","damage_taken":0,"relics_obtained":["Molten Egg 2"],"max_hp_gain":0,"max_hp_loss":0,"event_name":"Big Fish","floor":4,"gold_loss":0,"cards_obtained":["Regret"]},{"damage_healed":0,"gold_gain":0,"player_choice":"Take Damage","damage_taken":17,"relics_obtained":["Golden Idol"],"max_hp_gain":0,"max_hp_loss":0,"event_name":"Golden Idol","floor":10,"gold_loss":0},{"cards_removed":["Outmaneuver"],"damage_healed":5,"gold_gain":0,"player_choice":"Offered Common","damage_taken":0,"max_hp_gain":0,"max_hp_loss":0,"event_name":"Bonfire Elementals","floor":19,"gold_loss":0},{"cards_removed":["Outmaneuver"],"damage_healed":5,"gold_gain":0,"player_choice":"Offered Special","damage_taken":0,"max_hp_gain":0,"max_hp_loss":0,"event_name":"Bonfire Elementals","floor":19,"gold_loss":0},{"damage_healed":0,"gold_gain":0,"player_choice":"Fought Bandits","damage_taken":0,"max_hp_gain":0,"max_hp_loss":0,"event_name":"Masked Bandits","floor":24,"gold_loss":0},{"damage_healed":0,"gold_gain":0,"player_choice":"Ignored","damage_taken":0,"max_hp_gain":0,"max_hp_loss":0,"event_name":"Ghosts","floor":27,"gold_loss":0},{"damage_healed":0,"gold_gain":0,"player_choice":"Ignored","damage_taken":0,"max_hp_gain":0,"max_hp_loss":0,"event_name":"Cursed Tome","floor":30,"gold_loss":0},{"damage_healed":0,"gold_gain":0,"player_choice":"Ignored","damage_taken":0,"max_hp_gain":0,"max_hp_loss":0,"event_name":"Mysterious Sphere","floor":36,"gold_loss":0},{"damage_healed":0,"gold_gain":0,"player_choice":"Got Potions","damage_taken":0,"max_hp_gain":0,"max_hp_loss":0,"event_name":"Lab","floor":37,"gold_loss":0},{"damage_healed":18,"gold_gain":0,"player_choice":"Writhe","damage_taken":0,"max_hp_gain":0,"max_hp_loss":0,"event_name":"Winding Halls","floor":39,"gold_loss":0,"cards_obtained":["Writhe"]},{"damage_healed":57,"gold_gain":0,"player_choice":"Heal","damage_taken":0,"max_hp_gain":0,"max_hp_loss":0,"event_name":"MindBloom","floor":44,"gold_loss":0,"cards_obtained":["Doubt"]},{"damage_healed":0,"gold_gain":0,"player_choice":"Rummage","damage_taken":0,"relics_obtained":["WarpedTongs"],"max_hp_gain":0,"max_hp_loss":0,"event_name":"Accursed Blacksmith","floor":46,"gold_loss":0,"cards_obtained":["Pain"]}],"is_beta":false,"boss_relics":[{"not_picked":["Runic Pyramid","Black Star"],"picked":"Coffee Dripper"},{"not_picked":["Empty Cage","Sozu"],"picked":"Cursed Key"}],"items_purged_floors":[13],"is_endless":false,"potions_floor_spawned":[7,14,16,24,29,31,33,47,48],"killed_by":"Time Eater","ascension_level":0}