{"gold_per_floor":[112,62,78,88,88,113,113,145,194,194,213,213,246,264,264,361,361,374,394,394],"floor_reached":20,"playtime":2244,"items_purged":[],"score":194,"play_id":"7da051f7-491d-4858-9b47-a798df911360","local_time":"20180706150127","is_ascension_mode":false,"campfire_choices":[{"data":"Shrug It Off","floor":7,"key":"SMITH"},{"data":"Clothesline","floor":12,"key":"SMITH"},{"data":"Headbutt","floor":15,"key":"SMITH"}],"neow_cost":"","seed_source_timestamp":155553499720660,"circlet_count":0,"master_deck":["Strike_R","Strike_R","Strike_R","Strike_R","Defend_R","Defend_R","Defend_R","Defend_R","Bash","Iron Wave","Whirlwind","Shrug It Off+1","Flame Barrier","Clothesline+1","Dropkick","Headbutt+1","Feed","Doubt","Doubt","Pain","Dropkick"],"relics":["Burning Blood","Meat on the Bone","Bronze Scales","Anchor","Centennial Puzzle","Calling Bell","Blood Vial","Gremlin Horn","Champion Belt"],"potions_floor_usage":[6,11,11,14,16,18,20],"damage_taken":[{"damage":0,"enemies":"Small Slimes","floor":1,"turns":3},{"damage":4,"enemies":"Jaw Worm","floor":3,"turns":5},{"damage":1,"enemies":"Cultist","floor":4,"turns":4},{"damage":38,"enemies":"Gremlin Nob","floor":6,"turns":6},{"damage":6,"enemies":"3 Sentries","floor":8,"turns":11},{"damage":2,"enemies":"2 Fungi Beasts","floor":11,"turns":3},{"damage":24,"enemies":"Lagavulin","floor":13,"turns":10},{"damage":19,"enemies":"Gremlin Gang","floor":14,"turns":4},{"damage":33,"enemies":"The Guardian","floor":16,"turns":12},{"damage":40,"enemies":"3 Byrds","floor":18,"turns":5},{"damage":6,"enemies":"Chosen","floor":19,"turns":6},{"damage":61,"enemies":"Centurion and Healer","floor":20,"turns":11}],"seed_played":"6717824040477439812","potions_obtained":[{"floor":3,"key":"Block Potion"},{"floor":8,"key":"SkillPotion"},{"floor":10,"key":"Fruit Juice"},{"floor":10,"key":"Explosive Potion"},{"floor":14,"key":"Fire Potion"},{"floor":16,"key":"PowerPotion"},{"floor":18,"key":"Strength Potion"}],"is_trial":false,"path_per_floor":["M","?","M","M","$","E","R","E","T","?","M","R","E","M","R","B",null,"M","M"],"character_chosen":"IRONCLAD","items_purchased":[],"campfire_rested":0,"item_purchase_floors":[],"current_hp_per_floor":[80,80,80,80,80,48,48,48,48,48,57,57,51,50,50,35,85,54,59,0],"gold":394,"neow_bonus":"","is_prod":false,"is_daily":false,"chose_seed":false,"campfire_upgraded":3,"win_rate":0.0,"timestamp":1530856887,"path_taken":["M","?","?","M","$","E","R","E","T","?","M","R","E","M","R","BOSS","M","M","M"],"build_version":"2018-07-05","purchased_purges":0,"victory":false,"max_hp_per_floor":[80,80,80,80,80,80,80,80,80,80,85,85,85,85,85,85,85,88,91,91],"card_choices":[{"not_picked":["Twin Strike","Corruption"],"picked":"Iron Wave","floor":1},{"not_picked":["Headbutt","Rampage"],"picked":"Whirlwind","floor":3},{"not_picked":["Cleave","Power Through"],"picked":"Shrug It Off","floor":4},{"not_picked":["Searing Blow","Corruption"],"picked":"Flame Barrier","floor":6},{"not_picked":["Battle Trance","Disarm","Bloodletting"],"picked":"SKIP","floor":8},{"not_picked":["Spot Weakness","Perfected Strike"],"picked":"Clothesline","floor":11},{"not_picked":["True Grit","Pummel"],"picked":"Dropkick","floor":13},{"not_picked":["Rupture","Cleave"],"picked":"Headbutt","floor":14},{"not_picked":["Berserk","Juggernaut"],"picked":"Feed","floor":16},{"not_picked":["Clothesline","Dual Wield","Searing Blow"],"picked":"SKIP","floor":18},{"not_picked":["Inflame","Disarm"],"picked":"Dropkick","floor":19}],"player_experience":30589,"relics_obtained":[{"floor":6,"key":"Meat on the Bone"},{"floor":8,"key":"Bronze Scales"},{"floor":9,"key":"Anchor"},{"floor":13,"key":"Centennial Puzzle"},{"floor":17,"key":"Blood Vial"},{"floor":17,"key":"Gremlin Horn"},{"floor":17,"key":"Champion Belt"}],"event_choices":[{"event_name":"The Cleric","player_choice":"Card Removal","floor":2,"damage_taken":0},{"event_name":"The Lab","player_choice":"Got Potions","floor":10,"damage_taken":0}],"boss_relics":[{"not_picked":["Black Blood","Sozu"],"picked":"Calling Bell"}],"items_purged_floors":[],"is_endless":false,"potions_floor_spawned":[3,8,14,16,18],"killed_by":"Centurion and Healer","ascension_level":0}