{"gold_per_floor":[118,134,134,134,93,93,111,143,173,173,184,184,359,383,383,508,508,532,503,428,452,466,466,173,207,233,193,193,49,72,72,72,192,192,192],"floor_reached":35,"playtime":1600,"items_purged":["Doubt","Injury"],"score":578,"play_id":"5954a35d-f731-4807-bf5e-46d23cbd4a1c","local_time":"20190515133319","is_ascension_mode":true,"campfire_choices":[{"data":"Footwork","floor":6,"key":"SMITH"},{"data":"Noxious Fumes","floor":15,"key":"SMITH"},{"floor":23,"key":"REST"},{"floor":28,"key":"REST"},{"floor":32,"key":"REST"}],"neow_cost":"NONE","seed_source_timestamp":2570961645964642,"circlet_count":0,"master_deck":["AscendersBane","Defend_G","Defend_G+1","Defend_G","Strike_G+1","Strike_G","Strike_G","Survivor","Neutralize","Deadly Poison+1","Tools of the Trade+1","Dash+1","Footwork+1","Dodge and Roll","Expertise","Footwork","Well Laid Plans","Adrenaline","Noxious Fumes+1","Malaise","PiercingWail","Deadly Poison+1","Dagger Spray","Footwork","Noxious Fumes+1","Leg Sweep+1","PiercingWail","Adrenaline"],"relics":["Astrolabe","Question Card","Tiny Chest","Golden Idol","Anchor","Lizard Tail","DollysMirror","Incense Burner","Blood Vial","Snake Skull","Sozu"],"potions_floor_usage":[21],"damage_taken":[{"damage":0,"enemies":"2 Louse","floor":1,"turns":3},{"damage":0,"enemies":"Jaw Worm","floor":2,"turns":5},{"damage":0,"enemies":"Small Slimes","floor":7,"turns":5},{"damage":10,"enemies":"Gremlin Nob","floor":8,"turns":5},{"damage":2,"enemies":"Gremlin Gang","floor":11,"turns":5},{"damage":1,"enemies":"Hexaghost","floor":16,"turns":10},{"damage":13,"enemies":"Chosen","floor":18,"turns":7},{"damage":19,"enemies":"2 Thieves","floor":19,"turns":5},{"damage":4,"enemies":"Cultist and Chosen","floor":21,"turns":6},{"damage":8,"enemies":"Centurion and Healer","floor":22,"turns":6},{"damage":33,"enemies":"Gremlin Leader","floor":25,"turns":9},{"damage":23,"enemies":"3 Cultists","floor":30,"turns":5},{"damage":60,"enemies":"Champ","floor":33,"turns":14},{"damage":61,"enemies":"3 Shapes","floor":35,"turns":3}],"seed_played":"7963166627731632608","potions_obtained":[{"floor":1,"key":"AttackPotion"},{"floor":2,"key":"SpeedPotion"},{"floor":10,"key":"Ancient Potion"},{"floor":10,"key":"GhostInAJar"},{"floor":19,"key":"LiquidBronze"},{"floor":33,"key":"SkillPotion"}],"is_trial":false,"path_per_floor":["M","M","?","?","$","R","M","E","T","?","M","?","?","T","R","B",null,"M","M","$","M","M","R","$","E","T","?","R","$","M","?","R","B",null,"M"],"character_chosen":"THE_SILENT","items_purchased":["Footwork","DollysMirror","Blood Vial"],"campfire_rested":3,"item_purchase_floors":[5,24,29],"current_hp_per_floor":[63,63,49,49,49,49,49,39,39,39,37,37,37,37,37,36,62,49,30,30,26,18,39,39,6,6,6,27,27,6,6,27,7,54,0],"gold":192,"neow_bonus":"BOSS_RELIC","is_prod":false,"is_daily":false,"chose_seed":false,"campfire_upgraded":2,"win_rate":0,"timestamp":1557883999,"path_taken":["M","M","?","?","$","R","M","E","T","?","?","?","?","?","R","BOSS","M","M","$","?","M","R","$","E","T","?","R","?","?","?","R","BOSS","M"],"build_version":"2019-01-23","purchased_purges":2,"victory":false,"max_hp_per_floor":[70,70,70,70,70,70,70,70,70,70,70,70,70,70,70,70,70,70,70,70,70,70,70,70,70,70,70,70,70,70,70,70,70,70,70],"card_choices":[{"not_picked":["Heel Hook","Deflect"],"picked":"Footwork","floor":1},{"not_picked":["Flying Knee","Deadly Poison"],"picked":"Dodge and Roll","floor":2},{"not_picked":["Outmaneuver","Setup"],"picked":"Well Laid Plans","floor":7},{"not_picked":["All Out Attack","Deflect"],"picked":"Adrenaline","floor":8},{"not_picked":["Dagger Spray","Acrobatics","Masterful Stab"],"picked":"Noxious Fumes","floor":11},{"not_picked":["Unload","Die Die Die","Grand Finale"],"picked":"Malaise","floor":16},{"not_picked":["Dagger Throw+1","Prepared","Accuracy"],"picked":"PiercingWail","floor":18},{"not_picked":["Eviscerate+1","Flying Knee+1","Slice"],"picked":"Deadly Poison+1","floor":19},{"not_picked":["Poisoned Stab+1","Outmaneuver","After Image"],"picked":"Dagger Spray","floor":21},{"not_picked":["Prepared","Quick Slash","Dagger Throw"],"picked":"Footwork","floor":22},{"not_picked":["Setup+1","Deadly Poison","Escape Plan"],"picked":"Leg Sweep","floor":25},{"not_picked":["Escape Plan","Doppelganger","Prepared"],"picked":"PiercingWail","floor":30},{"not_picked":["A Thousand Cuts","Malaise","Phantasmal Killer"],"picked":"Adrenaline","floor":33}],"player_experience":263972,"relics_obtained":[{"floor":8,"key":"Question Card"},{"floor":9,"key":"Tiny Chest"},{"floor":14,"key":"Anchor"},{"floor":25,"key":"Incense Burner"}],"event_choices":[{"damage_healed":0,"gold_gain":0,"player_choice":"Entered Light","damage_taken":14,"max_hp_gain":0,"max_hp_loss":0,"event_name":"Shining Light","floor":3,"gold_loss":0,"cards_upgraded":["Defend_G","Strike_G"]},{"damage_healed":0,"gold_gain":0,"cards_transformed":["Defend_G"],"player_choice":"Change","damage_taken":0,"max_hp_gain":0,"max_hp_loss":0,"event_name":"Living Wall","floor":4,"gold_loss":0,"cards_obtained":["Expertise"]},{"damage_healed":0,"gold_gain":0,"player_choice":"Got Potions","damage_taken":0,"max_hp_gain":0,"max_hp_loss":0,"event_name":"Lab","floor":10,"gold_loss":0},{"damage_healed":0,"gold_gain":0,"player_choice":"Take Wound","damage_taken":0,"relics_obtained":["Golden Idol"],"max_hp_gain":0,"max_hp_loss":0,"event_name":"Golden Idol","floor":12,"gold_loss":0,"cards_obtained":["Injury"]},{"damage_healed":0,"gold_gain":175,"player_choice":"AGREE","damage_taken":0,"max_hp_gain":0,"max_hp_loss":0,"event_name":"Liars Game","floor":13,"gold_loss":0,"cards_obtained":["Doubt"]},{"damage_healed":0,"gold_gain":0,"player_choice":"Upgrade","damage_taken":0,"max_hp_gain":0,"max_hp_loss":0,"event_name":"Designer","floor":27,"gold_loss":40,"cards_upgraded":["Leg Sweep"]},{"damage_healed":0,"gold_gain":0,"player_choice":"Opened","damage_taken":0,"relics_obtained":["Snake Skull"],"max_hp_gain":0,"max_hp_loss":0,"event_name":"The Mausoleum","floor":31,"gold_loss":0}],"is_beta":false,"boss_relics":[{"not_picked":["Coffee Dripper","Empty Cage"],"picked":"Lizard Tail"},{"not_picked":["Eternal Feather","Busted Crown"],"picked":"Sozu"}],"items_purged_floors":[20,24],"is_endless":false,"potions_floor_spawned":[1,2,8,16,19,33],"killed_by":"3 Shapes","ascension_level":11}