{"gold_per_floor":[112,62,62,74,85,85,113,113,137,137,165,90,104,117,117,214,214,229,62,89,101,101,101,1,31,31,31,50,1,19,119,119,217,217,234,234,36,51,11,11,37,37,37,55,65,65],"floor_reached":46,"playtime":1703,"items_purged":["Strike_B","Strike_B","Defend_B"],"score":626,"play_id":"11587168-6240-4709-8131-5061cdc99c0e","local_time":"20181208083035","is_ascension_mode":true,"campfire_choices":[{"data":"Zap","floor":6,"key":"SMITH"},{"data":"Ball Lightning","floor":8,"key":"SMITH"},{"data":"Dualcast","floor":10,"key":"SMITH"},{"data":"Conserve Battery","floor":15,"key":"SMITH"},{"data":"Electrodynamics","floor":23,"key":"SMITH"},{"data":"Defragment","floor":27,"key":"SMITH"},{"floor":32,"key":"REST"},{"data":"Thunder Strike","floor":40,"key":"SMITH"},{"data":"Echo Form","floor":42,"key":"SMITH"}],"neow_cost":"NONE","seed_source_timestamp":2004536272137166,"circlet_count":0,"master_deck":["Strike_B","Defend_B","Defend_B","Zap+1","Dualcast+1","Tempest","Ball Lightning+1","Conserve Battery+1","Barrage","Hologram","BootSequence","Glacier","Core Surge","Ball Lightning","Electrodynamics+1","Ball Lightning","Leap","Static Discharge","Defragment+1","Stack+1","Conserve Battery","Defragment","Conserve Battery+1","Creative AI","Steam+1","Undo+1","Thunder Strike+1","Capacitor","Echo Form+1","Leap+1","Glacier+1"],"relics":["Cracked Core","NeowsBlessing","Pen Nib","Bag of Preparation","Pantograph","White Beast Statue","Red Mask","StoneCalendar","Ancient Tea Set","Emotion Chip","Toxic Egg 2","Nuclear Battery","Happy Flower","Blood Vial"],"potions_floor_usage":[7,7,20,25,31,31,41,45,45,46],"damage_taken":[{"damage":0,"enemies":"Small Slimes","floor":1,"turns":1},{"damage":0,"enemies":"Cultist","floor":4,"turns":1},{"damage":0,"enemies":"Jaw Worm","floor":5,"turns":1},{"damage":11,"enemies":"Lagavulin","floor":7,"turns":5},{"damage":10,"enemies":"Gremlin Nob","floor":11,"turns":3},{"damage":3,"enemies":"Large Slime","floor":13,"turns":4},{"damage":0,"enemies":"Exordium Wildlife","floor":14,"turns":2},{"damage":2,"enemies":"The Guardian","floor":16,"turns":11},{"damage":1,"enemies":"Shell Parasite","floor":18,"turns":7},{"damage":2,"enemies":"Masked Bandits","floor":20,"turns":3},{"damage":1,"enemies":"Spheric Guardian","floor":21,"turns":3},{"damage":0,"enemies":"Gremlin Leader","floor":25,"turns":4},{"damage":0,"enemies":"Chosen and Byrds","floor":28,"turns":3},{"damage":4,"enemies":"Snake Plant","floor":30,"turns":3},{"damage":19,"enemies":"Colosseum Slavers","floor":31,"turns":5},{"damage":22,"enemies":"Colosseum Nobs","floor":31,"turns":4},{"damage":54,"enemies":"Automaton","floor":33,"turns":7},{"damage":0,"enemies":"3 Shapes","floor":35,"turns":6},{"damage":14,"enemies":"Orb Walker","floor":38,"turns":3},{"damage":8,"enemies":"Giant Head","floor":41,"turns":7},{"damage":11,"enemies":"Sphere and 2 Shapes","floor":44,"turns":2},{"damage":15,"enemies":"Maw","floor":45,"turns":5},{"damage":28,"enemies":"Jaw Worm Horde","floor":46,"turns":5}],"seed_played":"-8746603814997953376","potions_obtained":[{"floor":1,"key":"LiquidBronze"},{"floor":3,"key":"Swift Potion"},{"floor":3,"key":"SkillPotion"},{"floor":3,"key":"Ancient Potion"},{"floor":7,"key":"SkillPotion"},{"floor":18,"key":"FearPotion"},{"floor":20,"key":"SteroidPotion"},{"floor":25,"key":"AttackPotion"},{"floor":28,"key":"EssenceOfSteel"},{"floor":31,"key":"Poison Potion"},{"floor":33,"key":"FearPotion"},{"floor":41,"key":"Weak Potion"},{"floor":44,"key":"EssenceOfSteel"},{"floor":45,"key":"Energy Potion"}],"is_trial":false,"path_per_floor":["M","?","?","M","M","R","E","R","T","R","E","$","M","M","R","B",null,"M","$","?","M","?","R","$","E","T","R","M","$","M","?","R","B",null,"M","?","$","M","$","R","E","R","T","M","M","M"],"character_chosen":"DEFECT","items_purchased":["Electrodynamics","Ball Lightning","Conserve Battery","Undo+1","Capacitor"],"campfire_rested":1,"item_purchase_floors":[19,19,29,37,39],"current_hp_per_floor":[75,75,75,75,75,75,64,64,64,64,54,54,51,51,51,73,75,74,74,72,71,71,71,71,71,71,71,71,71,67,26,48,19,61,61,61,61,47,47,47,39,39,39,30,17,0],"gold":65,"neow_bonus":"THREE_ENEMY_KILL","is_prod":false,"is_daily":false,"chose_seed":false,"campfire_upgraded":8,"win_rate":0,"timestamp":1544225435,"path_taken":["M","?","?","?","?","R","E","R","T","R","E","$","M","M","R","BOSS","M","$","?","M","?","R","$","E","T","R","M","?","M","?","R","BOSS","M","?","$","?","$","R","E","R","T","M","M","M"],"build_version":"2018-12-06","purchased_purges":3,"victory":false,"max_hp_per_floor":[75,75,75,75,75,75,75,75,75,75,75,75,75,75,75,75,75,75,75,75,75,75,75,75,75,75,75,75,75,75,75,75,75,75,75,75,75,75,75,75,75,75,75,75,75,75],"card_choices":[{"not_picked":["Redo","Sweeping Beam"],"picked":"Tempest","floor":1},{"not_picked":["Fusion","Gash"],"picked":"Ball Lightning","floor":4},{"not_picked":["Leap","Heatsinks"],"picked":"Conserve Battery","floor":5},{"not_picked":["Stack","Compile Driver"],"picked":"Barrage","floor":7},{"not_picked":["Doom and Gloom","Rebound"],"picked":"Hologram","floor":11},{"not_picked":["Go for the Eyes","Genetic Algorithm"],"picked":"BootSequence","floor":13},{"not_picked":["Lockon","Cold Snap"],"picked":"Glacier","floor":14},{"not_picked":["Fission","Reboot"],"picked":"Core Surge","floor":16},{"not_picked":["Go for the Eyes","Beam Cell"],"picked":"Ball Lightning","floor":18},{"not_picked":["Turbo","Fusion+1"],"picked":"Leap","floor":21},{"not_picked":["Reprogram","Stack"],"picked":"Defragment","floor":25},{"not_picked":["Redo","Barrage+1"],"picked":"Stack+1","floor":28},{"not_picked":["Loop","Barrage"],"picked":"Defragment","floor":30},{"not_picked":["Steam+1","Streamline"],"picked":"Conserve Battery+1","floor":31},{"not_picked":["Reboot+1","Core Surge"],"picked":"Creative AI","floor":33},{"not_picked":["Barrage","Streamline+1"],"picked":"Steam+1","floor":35},{"not_picked":["Gash+1","Glacier+1"],"picked":"Thunder Strike","floor":38},{"not_picked":["Melter+1","Coolheaded+1"],"picked":"Echo Form","floor":41},{"not_picked":["Turbo+1","Coolheaded+1"],"picked":"Leap+1","floor":44},{"not_picked":["Streamline","Cold Snap"],"picked":"Glacier+1","floor":45}],"player_experience":516347,"relics_obtained":[{"floor":7,"key":"Pen Nib"},{"floor":9,"key":"Bag of Preparation"},{"floor":11,"key":"Pantograph"},{"floor":20,"key":"Red Mask"},{"floor":25,"key":"StoneCalendar"},{"floor":26,"key":"Ancient Tea Set"},{"floor":31,"key":"Emotion Chip"},{"floor":31,"key":"Toxic Egg 2"},{"floor":41,"key":"Happy Flower"},{"floor":43,"key":"Blood Vial"}],"event_choices":[{"cards_removed":["Strike_B"],"damage_healed":0,"gold_gain":0,"player_choice":"Card Removal","damage_taken":0,"max_hp_gain":0,"max_hp_loss":0,"event_name":"The Cleric","floor":2,"gold_loss":50},{"damage_healed":0,"gold_gain":0,"player_choice":"Got Potions","damage_taken":0,"max_hp_gain":0,"max_hp_loss":0,"event_name":"Lab","floor":3,"gold_loss":0},{"damage_healed":0,"gold_gain":0,"player_choice":"Fought Bandits","damage_taken":0,"max_hp_gain":0,"max_hp_loss":0,"event_name":"Masked Bandits","floor":20,"gold_loss":0},{"damage_healed":0,"gold_gain":0,"player_choice":"Read","damage_taken":0,"max_hp_gain":0,"max_hp_loss":0,"event_name":"The Library","floor":22,"gold_loss":0,"cards_obtained":["Static Discharge"]},{"damage_healed":0,"gold_gain":0,"player_choice":"Fight","damage_taken":0,"max_hp_gain":0,"max_hp_loss":0,"event_name":"Colosseum","floor":31,"gold_loss":0},{"damage_healed":0,"gold_gain":0,"player_choice":"Fought Nobs","damage_taken":0,"max_hp_gain":0,"max_hp_loss":0,"event_name":"Colosseum","floor":31,"gold_loss":0},{"cards_removed":["Defend_B"],"damage_healed":0,"gold_gain":0,"player_choice":"Offered Basic","damage_taken":0,"max_hp_gain":0,"max_hp_loss":0,"event_name":"Bonfire Elementals","floor":36,"gold_loss":0}],"is_beta":false,"boss_relics":[{"not_picked":["Busted Crown","Coffee Dripper"],"picked":"White Beast Statue"},{"not_picked":["Calling Bell","Astrolabe"],"picked":"Nuclear Battery"}],"items_purged_floors":[12,24,37],"is_endless":false,"potions_floor_spawned":[1,5,7,18,20,21,25,28,30,31,31,33,35,38,41,44,45],"killed_by":"Jaw Worm Horde","ascension_level":5}