{"gold_per_floor":[110,285,285,66,66,81,115,128,128,128,142,142,217,234,234,335,335,348,348,198,198,208,208,227,227],"floor_reached":25,"playtime":1419,"items_purged":["Doubt","Defend_R"],"score":201,"play_id":"9eb5e00f-7671-47f1-a1e6-4c11213ffc69","local_time":"20180707205345","is_ascension_mode":false,"campfire_choices":[{"data":"Headbutt","floor":10,"key":"SMITH"},{"floor":12,"key":"REST"},{"floor":15,"key":"REST"},{"data":"Armaments","floor":23,"key":"SMITH"}],"neow_cost":"NONE","seed_source_timestamp":84239093351630,"circlet_count":0,"master_deck":["Strike_R","Strike_R","Strike_R","Strike_R","Defend_R","Defend_R","Defend_R","Bash","Dropkick","Headbutt+1","Clothesline","Whirlwind","Cleave","Juggernaut","Armaments+1","Shrug It Off","Iron Wave","Writhe","Pommel Strike+1","Warcry"],"relics":["Burning Blood","CultistMask","Happy Flower","Torii","Letter Opener","Eternal Feather","Dodecahedron"],"potions_floor_usage":[16,16,16,22,25],"damage_taken":[{"damage":4,"enemies":"2 Louse","floor":1,"turns":4},{"damage":5,"enemies":"Jaw Worm","floor":6,"turns":5},{"damage":21,"enemies":"Gremlin Nob","floor":7,"turns":4},{"damage":10,"enemies":"Small Slimes","floor":8,"turns":4},{"damage":14,"enemies":"Red Slaver","floor":11,"turns":4},{"damage":22,"enemies":"Exordium Thugs","floor":14,"turns":7},{"damage":49,"enemies":"The Guardian","floor":16,"turns":11},{"damage":7,"enemies":"Chosen","floor":18,"turns":6},{"damage":49,"enemies":"Spheric Guardian","floor":22,"turns":8},{"damage":12,"enemies":"Snake Plant","floor":24,"turns":6},{"damage":33,"enemies":"Slaver and Parasite","floor":25,"turns":3}],"seed_played":"8809006290201573501","potions_obtained":[{"floor":6,"key":"Explosive Potion"},{"floor":8,"key":"PowerPotion"},{"floor":11,"key":"Energy Potion"},{"floor":16,"key":"Explosive Potion"},{"floor":18,"key":"Swift Potion"}],"is_trial":false,"path_per_floor":["M","?","?","$","?","M","E","M","T","R","M","R","?","M","R","B",null,"M","?","$","?","M","R","M"],"character_chosen":"IRONCLAD","items_purchased":["Happy Flower","Iron Wave"],"campfire_rested":2,"item_purchase_floors":[4,20],"current_hp_per_floor":[80,80,80,80,73,74,59,55,55,55,47,71,60,44,68,25,80,79,79,79,79,36,42,36,3],"gold":227,"neow_bonus":"THREE_CARDS","is_prod":false,"is_daily":false,"chose_seed":false,"campfire_upgraded":2,"win_rate":0.0,"timestamp":1530964425,"path_taken":["M","?","?","$","?","M","E","M","T","R","M","R","?","M","R","BOSS","M","?","$","?","M","R","M","?"],"build_version":"2018-07-05","purchased_purges":2,"victory":false,"max_hp_per_floor":[80,80,80,80,80,80,80,80,80,80,80,80,80,80,80,80,80,80,80,80,80,80,80,80,80],"card_choices":[{"not_picked":["Body Slam","Infernal Blade"],"picked":"Dropkick","floor":0},{"not_picked":["Flex","Disarm"],"picked":"Headbutt","floor":1},{"not_picked":["Anger","Cleave"],"picked":"Clothesline","floor":6},{"not_picked":["Flex","Burning Pact"],"picked":"Whirlwind","floor":7},{"not_picked":["Blood for Blood","Brutality","Heavy Blade"],"picked":"SKIP","floor":8},{"not_picked":["Heavy Blade","Anger"],"picked":"Cleave","floor":11},{"not_picked":["Body Slam","Heavy Blade","Shockwave"],"picked":"SKIP","floor":14},{"not_picked":["Limit Break","Offering"],"picked":"Juggernaut","floor":16},{"not_picked":["Flame Barrier","Spot Weakness"],"picked":"Armaments","floor":18},{"not_picked":["Perfected Strike","Entrench"],"picked":"Pommel Strike+1","floor":22},{"not_picked":["Fire Breathing+1","Body Slam"],"picked":"Warcry","floor":24}],"player_experience":53070,"relics_obtained":[{"floor":7,"key":"Torii"},{"floor":9,"key":"Letter Opener"}],"event_choices":[{"event_name":"Liars Game","player_choice":"agreed","floor":2,"damage_taken":0},{"event_name":"FaceTrader","player_choice":"Trade","floor":3,"damage_taken":0},{"event_name":"Golden Wing","player_choice":"Card Removal","floor":5,"damage_taken":0},{"event_name":"World of Goop","player_choice":"Gather Gold","floor":13,"damage_taken":0},{"event_name":"The Library","player_choice":"Read","floor":19,"damage_taken":0},{"event_name":"The Mausoleum","player_choice":"Yes","floor":21,"damage_taken":0}],"boss_relics":[{"not_picked":["Cursed Key","Coffee Dripper"],"picked":"Eternal Feather"}],"items_purged_floors":[4,20],"is_endless":false,"potions_floor_spawned":[6,8,11,16,18],"killed_by":"Slaver and Parasite","ascension_level":0}