{"gold_per_floor":[210,228,239,239,255,255,20,20,97,97,156,176,194,208,208,303,303,313,313,324,343,343,343,84,103,103,103,123,138,138,148,148,245,245,257,257,77,177,191,191,224,224,224,224,224,224,238,256,256,256],"floor_reached":51,"playtime":2973,"items_purged":["Strike_B","Strike_B"],"score":770,"play_id":"93ced22f-5d9a-404b-87e1-60416171c746","local_time":"20180915125845","is_ascension_mode":true,"campfire_choices":[{"data":"Zap","floor":6,"key":"SMITH"},{"data":"Dualcast","floor":8,"key":"SMITH"},{"data":"Capacitor","floor":10,"key":"SMITH"},{"data":"White Noise","floor":15,"key":"SMITH"},{"data":"Thunder Strike","floor":23,"key":"SMITH"},{"data":"Apotheosis","floor":27,"key":"SMITH"},{"data":"Seek","floor":30,"key":"SMITH"},{"floor":32,"key":"REST"},{"data":"Machine Learning","floor":40,"key":"SMITH"},{"data":"Consume","floor":42,"key":"SMITH"},{"data":"Glacier","floor":44,"key":"SMITH"},{"data":"Static Discharge","floor":46,"key":"SMITH"},{"floor":49,"key":"REST"}],"neow_cost":"NONE","seed_source_timestamp":2307866233947017,"circlet_count":0,"master_deck":["Defend_B","Defend_B","Defend_B","Zap+1","Dualcast+1","Conserve Battery","Capacitor+1","Go for the Eyes","Consume+1","Defragment","White Noise+1","Static Discharge+1","Seek+1","Thunder Strike+1","Turbo","Apotheosis+1","Go for the Eyes+1","Glacier+1","Sunder+1","Auto Shields","Machine Learning+1","Auto Shields","Ball Lightning+1","All For One","Ball Lightning+1"],"relics":["Cracked Core","Oddly Smooth Stone","Mummified Hand","Vajra","Runic Pyramid","Bird Faced Urn","Sozu","Anchor","Gremlin Horn"],"potions_floor_usage":[11,14,14,21,25,28,29,33,48],"damage_taken":[{"damage":0,"enemies":"Cultist","floor":1,"turns":3},{"damage":0,"enemies":"2 Louse","floor":2,"turns":2},{"damage":2,"enemies":"Small Slimes","floor":3,"turns":3},{"damage":4,"enemies":"3 Louse","floor":5,"turns":4},{"damage":41,"enemies":"Lagavulin Event","floor":11,"turns":6},{"damage":8,"enemies":"Blue Slaver","floor":12,"turns":3},{"damage":2,"enemies":"Looter","floor":13,"turns":3},{"damage":0,"enemies":"Gremlin Gang","floor":14,"turns":1},{"damage":10,"enemies":"Hexaghost","floor":16,"turns":9},{"damage":23,"enemies":"Shell Parasite","floor":18,"turns":6},{"damage":18,"enemies":"Spheric Guardian","floor":20,"turns":4},{"damage":7,"enemies":"Centurion and Healer","floor":21,"turns":5},{"damage":25,"enemies":"Snake Plant","floor":25,"turns":4},{"damage":17,"enemies":"Chosen and Byrds","floor":28,"turns":6},{"damage":0,"enemies":"Snecko","floor":29,"turns":5},{"damage":10,"enemies":"3 Cultists","floor":31,"turns":4},{"damage":12,"enemies":"Collector","floor":33,"turns":10},{"damage":0,"enemies":"3 Darklings","floor":35,"turns":5},{"damage":8,"enemies":"3 Shapes","floor":39,"turns":6},{"damage":7,"enemies":"2 Orb Walkers","floor":41,"turns":4},{"damage":19,"enemies":"Reptomancer","floor":47,"turns":4},{"damage":10,"enemies":"4 Shapes","floor":48,"turns":5},{"damage":20,"enemies":"Awakened One","floor":50,"turns":9}],"seed_played":"-6157259610286431872","potions_obtained":[{"floor":5,"key":"Regen Potion"},{"floor":11,"key":"Explosive Potion"},{"floor":12,"key":"Explosive Potion"},{"floor":13,"key":"LiquidBronze"},{"floor":14,"key":"SpeedPotion"},{"floor":18,"key":"Block Potion"},{"floor":28,"key":"Poison Potion"},{"floor":29,"key":"Poison Potion"},{"floor":33,"key":"Strength Potion"}],"is_trial":false,"path_per_floor":["M","M","M","?","M","R","$","R","T","R","?","M","M","M","R","B",null,"M","?","M","M","?","R","$","M","T","R","M","M","R","M","R","B",null,"M","?","$","?","M","R","E","R","T","R","?","R","M","M","R","B"],"character_chosen":"DEFECT","items_purchased":["Defragment","Oddly Smooth Stone","Apotheosis","Auto Shields"],"campfire_rested":2,"item_purchase_floors":[7,7,24,37],"current_hp_per_floor":[75,75,73,73,69,69,69,69,69,69,40,32,30,30,30,20,75,52,52,34,27,52,52,52,27,27,27,18,24,24,22,44,40,75,75,75,75,75,75,75,71,71,71,71,71,71,58,58,75,57],"gold":256,"neow_bonus":"HUNDRED_GOLD","is_prod":false,"is_daily":false,"chose_seed":false,"campfire_upgraded":11,"win_rate":0,"timestamp":1536983925,"path_taken":["M","?","M","?","M","R","$","R","T","R","?","M","M","M","R","BOSS","M","?","M","M","?","R","?","M","T","R","M","?","R","M","R","BOSS","M","?","$","?","M","R","E","R","T","R","?","R","M","M","R","BOSS"],"build_version":"2018-09-06","purchased_purges":2,"victory":true,"max_hp_per_floor":[75,75,75,75,75,75,75,75,75,75,75,75,75,75,75,75,75,75,75,75,75,75,75,75,75,75,75,75,75,75,75,75,75,75,75,75,75,75,75,75,75,75,75,75,75,75,75,75,75,75],"card_choices":[{"not_picked":["Stack","Gash"],"picked":"Conserve Battery","floor":1},{"not_picked":["Turbo","Blizzard"],"picked":"Capacitor","floor":2},{"not_picked":["Beam Cell","Double Energy"],"picked":"Go for the Eyes","floor":3},{"not_picked":["Static Discharge","Redo"],"picked":"Consume","floor":5},{"not_picked":["Compile Driver","Steam"],"picked":"White Noise","floor":11},{"not_picked":["Go for the Eyes","Streamline","Lockon"],"picked":"SKIP","floor":12},{"not_picked":["Sunder","Beam Cell"],"picked":"Static Discharge","floor":13},{"not_picked":["Lockon","Turbo"],"picked":"Seek","floor":14},{"not_picked":["Creative AI","Hyperbeam"],"picked":"Thunder Strike","floor":16},{"not_picked":["Steam","Sweeping Beam","Hologram+1"],"picked":"SKIP","floor":18},{"not_picked":["Coolheaded+1","Beam Cell"],"picked":"Turbo","floor":20},{"not_picked":["Rebound","Rip and Tear","Doom and Gloom"],"picked":"SKIP","floor":21},{"not_picked":["Stack","Reinforced Body+1"],"picked":"Go for the Eyes+1","floor":25},{"not_picked":["Rebound+1","Fission"],"picked":"Glacier","floor":28},{"not_picked":["Scrape","Ball Lightning"],"picked":"Sunder+1","floor":29},{"not_picked":["Capacitor","Streamline+1"],"picked":"Auto Shields","floor":31},{"not_picked":["Hyperbeam","Meteor Strike"],"picked":"Machine Learning","floor":33},{"not_picked":["FTL","Reprogram","Tempest+1"],"picked":"SKIP","floor":35},{"not_picked":["Streamline","White Noise"],"picked":"Ball Lightning+1","floor":39},{"not_picked":["Streamline","Turbo+1","Gash+1"],"picked":"SKIP","floor":41},{"not_picked":["Sweeping Beam+1","Static Discharge+1","Turbo+1"],"picked":"SKIP","floor":47},{"not_picked":["Sweeping Beam","Reprogram+1"],"picked":"Ball Lightning+1","floor":48}],"player_experience":269428,"relics_obtained":[{"floor":9,"key":"Mummified Hand"},{"floor":11,"key":"Vajra"},{"floor":26,"key":"Bird Faced Urn"},{"floor":41,"key":"Anchor"},{"floor":43,"key":"Gremlin Horn"}],"event_choices":[{"event_name":"Living Wall","player_choice":"Forget","floor":4,"damage_taken":0},{"event_name":"Dead Adventurer","player_choice":"Searched \u00271\u0027 times","floor":11,"damage_taken":0},{"event_name":"Vampires","player_choice":"Ignored","floor":19,"damage_taken":0},{"event_name":"The Library","player_choice":"Heal","floor":22,"damage_taken":0},{"event_name":"Bonfire Elementals","player_choice":"BASIC","floor":36,"damage_taken":0},{"event_name":"Golden Shrine","player_choice":"Pray","floor":38,"damage_taken":0},{"event_name":"Transmorgrifier","player_choice":"Transform","floor":45,"damage_taken":0}],"is_beta":false,"boss_relics":[{"not_picked":["Busted Crown","Snecko Eye"],"picked":"Runic Pyramid"},{"not_picked":["Tiny House","Velvet Choker"],"picked":"Sozu"}],"items_purged_floors":[24,37],"is_endless":false,"potions_floor_spawned":[5,11,12,13,14,18,28,29,33,35,39,48],"ascension_level":4}