{"gold_per_floor":[118,118,135,85,85,85,120,120,120,140,140,176,176,126,126,126],"floor_reached":16,"playtime":586,"items_purged":["Defend_G"],"score":154,"play_id":"69c93cb1-73ee-468a-87d6-e41787febc26","local_time":"20181002103857","is_ascension_mode":true,"campfire_choices":[{"data":"All Out Attack","floor":6,"key":"SMITH"},{"data":"Backflip","floor":11,"key":"SMITH"},{"data":"Backstab","floor":13,"key":"SMITH"},{"data":"Blur","floor":15,"key":"SMITH"}],"neow_cost":"NONE","seed_source_timestamp":1398398654573282,"circlet_count":0,"master_deck":["Defend_G","Defend_G","Defend_G","Defend_G","Strike_G","Strike_G","Strike_G","Strike_G","Survivor","Neutralize+1","Blur+1","All Out Attack+1","Backflip+1","Backstab+1"],"relics":["Ring of the Snake","PreservedInsect","Golden Idol","Matryoshka","NlothsMask","Smiling Mask"],"potions_floor_usage":[12],"damage_taken":[{"damage":0,"enemies":"Jaw Worm","floor":1,"turns":7},{"damage":0,"enemies":"Cultist","floor":3,"turns":4},{"damage":15,"enemies":"3 Sentries","floor":7,"turns":5},{"damage":0,"enemies":"2 Louse","floor":10,"turns":3},{"damage":5,"enemies":"Gremlin Nob","floor":12,"turns":3},{"damage":37,"enemies":"Slime Boss","floor":16,"turns":9}],"seed_played":"-2157204007448317149","potions_obtained":[{"floor":7,"key":"SneckoOil"},{"floor":10,"key":"Swift Potion"}],"is_trial":false,"path_per_floor":["M","?","M","?","?","R","E","?","T","M","R","E","R","$","R"],"character_chosen":"THE_SILENT","items_purchased":[],"campfire_rested":0,"item_purchase_floors":[],"current_hp_per_floor":[63,63,63,63,63,63,48,48,48,48,48,43,43,43,43,6],"gold":126,"neow_bonus":"RANDOM_COMMON_RELIC","is_prod":false,"is_daily":false,"chose_seed":false,"campfire_upgraded":4,"win_rate":0,"timestamp":1538444337,"path_taken":["M","?","?","?","?","R","E","?","T","?","R","E","R","$","R","BOSS"],"build_version":"2018-09-27","purchased_purges":1,"victory":false,"max_hp_per_floor":[70,70,70,70,65,65,65,65,65,65,65,65,65,65,65,65],"card_choices":[{"not_picked":["Dodge and Roll","Prepared"],"picked":"Blur","floor":1},{"not_picked":["Footwork","Blur"],"picked":"All Out Attack","floor":3},{"not_picked":["Quick Slash","Catalyst"],"picked":"Backflip","floor":7},{"not_picked":["Underhanded Strike","Deadly Poison","Poisoned Stab"],"picked":"SKIP","floor":10},{"not_picked":["Night Terror","Flying Knee"],"picked":"Backstab","floor":12}],"player_experience":352524,"relics_obtained":[{"floor":7,"key":"Matryoshka"},{"floor":12,"key":"Smiling Mask"}],"event_choices":[{"event_name":"Accursed Blacksmith","player_choice":"Forge","floor":2,"damage_taken":0},{"event_name":"The Cleric","player_choice":"Card Removal","floor":4,"damage_taken":0},{"event_name":"Golden Idol","player_choice":"Lose Max HP","floor":5,"damage_taken":0},{"event_name":"FaceTrader","player_choice":"Trade","floor":8,"damage_taken":0}],"is_beta":false,"boss_relics":[],"items_purged_floors":[14],"is_endless":false,"potions_floor_spawned":[7,10],"killed_by":"Slime Boss","ascension_level":9}