{"gold_per_floor":[118,128,128,303,1,1,20,20,44,44,44,60,80,109,109,109],"floor_reached":16,"playtime":649,"items_purged":["Regret"],"score":125,"play_id":"e7848e7c-0d09-430a-bbc9-cd1c6f717b89","local_time":"20180920192409","is_ascension_mode":true,"campfire_choices":[{"data":"Neutralize","floor":6,"key":"SMITH"},{"data":"Cloak And Dagger","floor":8,"key":"SMITH"},{"data":"Blade Dance","floor":10,"key":"SMITH"},{"data":"Accuracy","floor":15,"key":"SMITH"}],"neow_cost":"NONE","seed_source_timestamp":393055564903281,"circlet_count":0,"master_deck":["Defend_G","Defend_G","Defend_G","Defend_G","Defend_G","Strike_G","Strike_G","Strike_G+1","Strike_G+1","Strike_G","Survivor","Neutralize+1","Deflect","Doubt","Cloak And Dagger+1","Blade Dance+1","PiercingWail","Accuracy+1","Blur"],"relics":["Ring of the Snake","Lantern","Membership Card","Whetstone","Regal Pillow"],"potions_floor_usage":[1,2,14,14,16],"damage_taken":[{"damage":3,"enemies":"Cultist","floor":1,"turns":5},{"damage":0,"enemies":"Jaw Worm","floor":2,"turns":3},{"damage":0,"enemies":"Small Slimes","floor":7,"turns":4},{"damage":2,"enemies":"Looter","floor":12,"turns":3},{"damage":1,"enemies":"2 Fungi Beasts","floor":13,"turns":4},{"damage":22,"enemies":"Lagavulin","floor":14,"turns":10},{"damage":8,"enemies":"Hexaghost","floor":16,"turns":4}],"seed_played":"6383148279631307244","potions_obtained":[{"floor":0,"key":"SmokeBomb"},{"floor":0,"key":"Ancient Potion"},{"floor":0,"key":"Dexterity Potion"},{"floor":1,"key":"Poison Potion"},{"floor":7,"key":"Poison Potion"},{"floor":11,"key":"SpeedPotion"},{"floor":11,"key":"SkillPotion"}],"is_trial":false,"path_per_floor":["M","M","?","?","$","R","M","R","T","R","?","M","M","E","R"],"character_chosen":"THE_SILENT","items_purchased":["Membership Card","Cloak And Dagger"],"campfire_rested":0,"item_purchase_floors":[5,5],"current_hp_per_floor":[67,67,67,67,67,67,67,67,67,67,67,65,64,42,42,34],"gold":109,"neow_bonus":"THREE_SMALL_POTIONS","is_prod":false,"is_daily":false,"chose_seed":false,"campfire_upgraded":4,"win_rate":0,"timestamp":1537439049,"path_taken":["M","M","?","?","$","R","M","R","T","R","?","M","?","E","R","BOSS"],"build_version":"2018-09-06","purchased_purges":1,"victory":false,"max_hp_per_floor":[70,70,70,70,70,70,70,70,70,70,70,70,70,70,70,70],"card_choices":[{"not_picked":["Bane","Heel Hook","Crippling Poison"],"picked":"SKIP","floor":1},{"not_picked":["Flying Knee","Bane"],"picked":"Deflect","floor":2},{"not_picked":["Quick Slash","Prepared"],"picked":"Blade Dance","floor":7},{"not_picked":["Deflect","Underhanded Strike"],"picked":"PiercingWail","floor":12},{"not_picked":["Dodge and Roll","Eviscerate"],"picked":"Accuracy","floor":13},{"not_picked":["Setup","Bane"],"picked":"Blur","floor":14}],"player_experience":297806,"relics_obtained":[{"floor":9,"key":"Whetstone"},{"floor":14,"key":"Regal Pillow"}],"event_choices":[{"event_name":"Big Fish","player_choice":"Box","floor":3,"damage_taken":0},{"event_name":"Liars Game","player_choice":"agreed","floor":4,"damage_taken":0},{"event_name":"The Lab","player_choice":"Got Potions","floor":11,"damage_taken":0}],"is_beta":false,"boss_relics":[],"items_purged_floors":[5],"is_endless":false,"potions_floor_spawned":[1,7],"killed_by":"Hexaghost","ascension_level":5}