{"gold_per_floor":[118,136,311,109,121,155,155,155,155,155,155,170,196,278,278,380,380,391,143,154,64,80,80,111,111,111,111,129,129,162,56,56,158,158,174,194,221,234,0,0,15,115,140,140,169,187,187,201,201,201,201,201,18,49,49],"floor_reached":55,"playtime":2340,"items_purged":["Doubt","Strike_B"],"score":901,"play_id":"cc62a575-cdc6-4beb-a703-cf0496f188cf","local_time":"20190502191752","is_ascension_mode":true,"campfire_choices":[{"floor":7,"key":"REST"},{"floor":11,"key":"REST"},{"floor":15,"key":"REST"},{"data":"Glacier","floor":23,"key":"SMITH"},{"floor":25,"key":"REST"},{"floor":27,"key":"REST"},{"data":"Dualcast","floor":29,"key":"SMITH"},{"floor":32,"key":"REST"},{"floor":40,"key":"REST"},{"floor":44,"key":"REST"},{"floor":47,"key":"RECALL"},{"floor":49,"key":"REST"},{"data":"Loop","floor":52,"key":"SMITH"}],"neow_cost":"NONE","seed_source_timestamp":1467682938059546,"circlet_count":0,"master_deck":["Strike_B","Strike_B","Defend_B","Defend_B","Defend_B","Zap+1","Dualcast+1","Conserve Battery","White Noise","Glacier+1","Conserve Battery","Chill","Ball Lightning","BootSequence","Hyperbeam","Steam","Go for the Eyes+1","Genetic Algorithm","Rainbow","Streamline","Biased Cognition","Loop+1","Fusion+1","Multi-Cast+1","White Noise+1","Go for the Eyes","Leap+1","Rebound+1","Parasite","Gash","Consume+1","Coolheaded+1","Conserve Battery+1","Defragment+1","Coolheaded+1","Cold Snap+1","Steam+1","Go for the Eyes+1","Go for the Eyes+1","Loop","Redo+1","Go for the Eyes+1"],"relics":["Cracked Core","NeowsBlessing","Tiny Chest","StoneCalendar","Bronze Scales","Mercury Hourglass","Pantograph","Philosopher\u0027s Stone","Matryoshka","Prayer Wheel","Oddly Smooth Stone","Cables","Toxic Egg 2","Sozu","Anchor","Bag of Preparation","Red Mask","Calipers","Ancient Tea Set","Kunai","Blood Vial"],"potions_floor_usage":[],"damage_taken":[{"damage":0,"enemies":"Jaw Worm","floor":1,"turns":1},{"damage":0,"enemies":"Small Slimes","floor":2,"turns":1},{"damage":0,"enemies":"2 Louse","floor":5,"turns":1},{"damage":48,"enemies":"Gremlin Nob","floor":6,"turns":6},{"damage":3,"enemies":"Blue Slaver","floor":12,"turns":4},{"damage":10,"enemies":"3 Sentries","floor":13,"turns":7},{"damage":47,"enemies":"Slime Boss","floor":16,"turns":7},{"damage":0,"enemies":"Shell Parasite","floor":18,"turns":4},{"damage":0,"enemies":"Spheric Guardian","floor":20,"turns":3},{"damage":13,"enemies":"Snake Plant","floor":22,"turns":4},{"damage":27,"enemies":"Book of Stabbing","floor":24,"turns":6},{"damage":0,"enemies":"Snecko","floor":28,"turns":5},{"damage":69,"enemies":"Slavers","floor":30,"turns":6},{"damage":27,"enemies":"Collector","floor":33,"turns":9},{"damage":0,"enemies":"Orb Walker","floor":35,"turns":3},{"damage":27,"enemies":"3 Darklings","floor":36,"turns":5},{"damage":35,"enemies":"Writhing Mass","floor":38,"turns":7},{"damage":0,"enemies":"Maw","floor":41,"turns":6},{"damage":13,"enemies":"Mind Bloom Boss Battle","floor":42,"turns":6},{"damage":0,"enemies":"Reptomancer","floor":45,"turns":8},{"damage":1,"enemies":"4 Shapes","floor":46,"turns":5},{"damage":61,"enemies":"Transient","floor":48,"turns":5},{"damage":16,"enemies":"Time Eater","floor":50,"turns":18},{"damage":74,"enemies":"Shield and Spear","floor":54,"turns":8},{"damage":59,"enemies":"The Heart","floor":55,"turns":3}],"seed_played":"-5810936220281997964","potions_obtained":[{"floor":2,"key":"FearPotion"},{"floor":5,"key":"LiquidBronze"},{"floor":6,"key":"Explosive Potion"},{"floor":18,"key":"Ancient Potion"},{"floor":22,"key":"Strength Potion"}],"is_trial":false,"path_per_floor":["M","M","?","$","M","E","R","?","T","?","R","M","E","T","R","B",null,"M","$","M","?","M","R","E","R","T","R","M","R","E","$","R","B",null,"M","M","T","M","?","R","M","?","T","R","E","M","R","M","R","B",null,"R","$","E","B"],"character_chosen":"DEFECT","items_purchased":["Tiny Chest","Matryoshka","Loop","Fusion+1","Loop","Redo+1"],"campfire_rested":9,"item_purchase_floors":[4,19,31,31,53,53],"current_hp_per_floor":[75,75,75,75,75,27,49,49,49,37,59,56,46,46,68,28,75,75,75,75,75,62,62,35,57,57,75,75,75,6,6,28,26,75,75,48,48,13,13,35,35,47,47,69,69,68,68,7,29,38,75,75,75,1,0],"gold":49,"neow_bonus":"THREE_ENEMY_KILL","is_prod":false,"is_daily":false,"chose_seed":false,"campfire_upgraded":3,"win_rate":0,"timestamp":1556781472,"path_taken":["M","M","?","$","M","E","R","?","T","?","R","?","E","?","R","BOSS","M","$","M","?","M","R","E","R","T","R","?","R","E","$","R","BOSS","M","M","?","M","?","R","M","?","T","R","E","M","R","M","R","BOSS","R","$","E","BOSS"],"build_version":"2019-01-23","purchased_purges":2,"victory":false,"max_hp_per_floor":[75,75,75,75,75,75,75,75,75,75,75,75,75,75,75,75,75,75,75,75,75,75,75,75,75,75,75,75,75,75,75,75,75,75,75,75,75,75,75,75,75,75,75,75,75,75,75,75,75,75,75,75,75,75,75],"card_choices":[{"not_picked":["Steam","Leap"],"picked":"Conserve Battery","floor":1},{"not_picked":["Redo","Sweeping Beam"],"picked":"White Noise","floor":2},{"not_picked":["Seek","Hologram"],"picked":"Glacier","floor":5},{"not_picked":["Blizzard","Turbo"],"picked":"Conserve Battery","floor":6},{"not_picked":["Sweeping Beam","Redo"],"picked":"Ball Lightning","floor":12},{"not_picked":["Sunder","Compile Driver"],"picked":"BootSequence","floor":13},{"not_picked":["All For One","Meteor Strike"],"picked":"Hyperbeam","floor":16},{"not_picked":["BootSequence+1","Rebound"],"picked":"Steam","floor":18},{"not_picked":["Compile Driver","Tempest+1"],"picked":"Go for the Eyes+1","floor":20},{"not_picked":["Sunder","Tempest+1"],"picked":"Genetic Algorithm","floor":22},{"not_picked":["Compile Driver","Steam Power"],"picked":"Rainbow","floor":24},{"not_picked":["Rebound","Beam Cell"],"picked":"Streamline","floor":28},{"not_picked":["Sweeping Beam+1","Redo+1","Coolheaded"],"picked":"SKIP","floor":28},{"not_picked":["Lockon","Auto Shields+1"],"picked":"Biased Cognition","floor":30},{"not_picked":["Reboot+1","Hyperbeam"],"picked":"Multi-Cast+1","floor":33},{"not_picked":["Barrage+1","Tempest+1"],"picked":"White Noise+1","floor":35},{"not_picked":["Beam Cell","Reprogram+1"],"picked":"Go for the Eyes","floor":35},{"not_picked":["Lockon+1","Compile Driver"],"picked":"Leap+1","floor":36},{"not_picked":["Compile Driver","Hello World+1"],"picked":"Rebound+1","floor":36},{"not_picked":["Redo+1","Lockon+1"],"picked":"Gash","floor":38},{"not_picked":["Ball Lightning+1","Reprogram+1"],"picked":"Consume+1","floor":38},{"not_picked":["Compile Driver","Hello World+1"],"picked":"Coolheaded+1","floor":41},{"not_picked":["Steam+1","Reprogram+1"],"picked":"Conserve Battery+1","floor":41},{"not_picked":["Lockon+1","Hologram+1"],"picked":"Defragment+1","floor":42},{"not_picked":["Streamline","Force Field+1"],"picked":"Coolheaded+1","floor":45},{"not_picked":["Rip and Tear","Redo+1"],"picked":"Cold Snap+1","floor":46},{"not_picked":["Hologram+1","Sweeping Beam"],"picked":"Steam+1","floor":46},{"not_picked":["Biased Cognition","Rebound"],"picked":"Go for the Eyes+1","floor":48},{"not_picked":["Conserve Battery+1","Stack+1"],"picked":"Go for the Eyes+1","floor":48},{"not_picked":["Ball Lightning","Sweeping Beam+1"],"picked":"Go for the Eyes+1","floor":54}],"player_experience":158354,"relics_obtained":[{"floor":6,"key":"StoneCalendar"},{"floor":13,"key":"Mercury Hourglass"},{"floor":14,"key":"Pantograph"},{"floor":24,"key":"Prayer Wheel"},{"floor":26,"key":"Oddly Smooth Stone"},{"floor":26,"key":"Cables"},{"floor":30,"key":"Toxic Egg 2"},{"floor":37,"key":"Anchor"},{"floor":37,"key":"Bag of Preparation"},{"floor":42,"key":"Calipers"},{"floor":43,"key":"Ancient Tea Set"},{"floor":45,"key":"Kunai"},{"floor":54,"key":"Blood Vial"}],"event_choices":[{"damage_healed":0,"gold_gain":175,"player_choice":"AGREE","damage_taken":0,"max_hp_gain":0,"max_hp_loss":0,"event_name":"Liars Game","floor":3,"gold_loss":0,"cards_obtained":["Doubt"]},{"damage_healed":0,"gold_gain":0,"cards_transformed":["Defend_B"],"player_choice":"Change","damage_taken":0,"max_hp_gain":0,"max_hp_loss":0,"event_name":"Living Wall","floor":8,"gold_loss":0,"cards_obtained":["Chill"]},{"damage_healed":0,"gold_gain":0,"player_choice":"Success","damage_taken":12,"relics_obtained":["Bronze Scales"],"max_hp_gain":0,"max_hp_loss":0,"event_name":"Scrap Ooze","floor":10,"gold_loss":0},{"cards_removed":["Strike_B"],"damage_healed":0,"gold_gain":0,"player_choice":"Upgrade and Remove","damage_taken":0,"max_hp_gain":0,"max_hp_loss":0,"event_name":"Designer","floor":21,"gold_loss":90,"cards_upgraded":["Zap"]},{"damage_healed":0,"gold_gain":0,"player_choice":"Paid","damage_taken":0,"relics_obtained":["Red Mask"],"max_hp_gain":0,"max_hp_loss":0,"event_name":"Tomb of Lord Red Mask","floor":39,"gold_loss":234},{"damage_healed":0,"gold_gain":0,"player_choice":"Fight","damage_taken":0,"max_hp_gain":0,"max_hp_loss":0,"event_name":"MindBloom","floor":42,"gold_loss":0}],"is_beta":false,"boss_relics":[{"not_picked":["Tiny House","Busted Crown"],"picked":"Philosopher\u0027s Stone"},{"not_picked":["Velvet Choker","White Beast Statue"],"picked":"Sozu"}],"items_purged_floors":[4,53],"is_endless":false,"potions_floor_spawned":[2,5,6,16,18,22,24,35,38,41],"killed_by":"The Heart","ascension_level":3}