{"gold_per_floor":[114,131,131,144,163,163,163,183,208,208,240,255,48,60,60,156,156,169,181,75,89,106,106,121,152,152,167,167,183,108,108,108,212,212,227,227,71,118,132,132,132,132,132,132,146,158,158,178,178,178,178,178,3,28,28],"floor_reached":55,"playtime":2273,"items_purged":["Eviscerate"],"score":952,"play_id":"609b6920-a4e6-45b6-8b3d-171af3607f34","local_time":"20190506220858","is_ascension_mode":true,"campfire_choices":[{"floor":6,"key":"REST"},{"floor":10,"key":"REST"},{"data":"A Thousand Cuts","floor":15,"key":"SMITH"},{"data":"Well Laid Plans","floor":23,"key":"SMITH"},{"floor":28,"key":"REST"},{"floor":32,"key":"REST"},{"floor":40,"key":"REST"},{"floor":42,"key":"REST"},{"floor":44,"key":"RECALL"},{"floor":49,"key":"REST"},{"floor":52,"key":"REST"}],"neow_cost":"NONE","seed_source_timestamp":1823613953443888,"circlet_count":0,"master_deck":["Survivor","Neutralize","Dodge and Roll","Backflip","Flying Knee","Bouncing Flask","Backflip","A Thousand Cuts+1","Poisoned Stab","Corpse Explosion+1","Blur+1","Deflect+1","Well Laid Plans+1","Catalyst+1","Blur+1","Terror+1","PiercingWail+1","Adrenaline+1","After Image+1","Night Terror+1","Poisoned Stab","Predator","Leg Sweep+1","Reflex+1","Die Die Die","Footwork+1","Dagger Throw","Crippling Poison+1","Catalyst+1","Leg Sweep+1","Flying Knee","Blur+1","Parasite","Bane","Footwork+1","Backflip+1","Escape Plan+1"],"relics":["Ring of the Snake","Blood Vial","Toxic Egg 2","Lee\u0027s Waffle","Velvet Choker","Whetstone","Frozen Egg 2","Pandora\u0027s Box","Happy Flower","Pear","Lantern"],"potions_floor_usage":[11,11,25,25,33,46,50,50,50,55,55],"damage_taken":[{"damage":5,"enemies":"Cultist","floor":1,"turns":5},{"damage":0,"enemies":"2 Louse","floor":2,"turns":3},{"damage":3,"enemies":"Jaw Worm","floor":4,"turns":6},{"damage":17,"enemies":"Looter","floor":5,"turns":4},{"damage":16,"enemies":"Large Slime","floor":8,"turns":7},{"damage":43,"enemies":"Lagavulin","floor":11,"turns":6},{"damage":8,"enemies":"Exordium Thugs","floor":12,"turns":4},{"damage":14,"enemies":"Looter","floor":14,"turns":3},{"damage":49,"enemies":"Hexaghost","floor":16,"turns":10},{"damage":0,"enemies":"Spheric Guardian","floor":18,"turns":3},{"damage":0,"enemies":"Chosen","floor":19,"turns":4},{"damage":21,"enemies":"Snecko","floor":21,"turns":4},{"damage":5,"enemies":"Centurion and Healer","floor":22,"turns":3},{"damage":13,"enemies":"Snake Plant","floor":24,"turns":4},{"damage":51,"enemies":"Gremlin Leader","floor":25,"turns":8},{"damage":0,"enemies":"Cultist and Chosen","floor":27,"turns":3},{"damage":5,"enemies":"Snecko","floor":29,"turns":5},{"damage":40,"enemies":"Champ","floor":33,"turns":12},{"damage":50,"enemies":"3 Shapes","floor":35,"turns":6},{"damage":0,"enemies":"3 Darklings","floor":39,"turns":7},{"damage":17,"enemies":"Maw","floor":45,"turns":5},{"damage":0,"enemies":"Writhing Mass","floor":46,"turns":6},{"damage":13,"enemies":"4 Shapes","floor":48,"turns":5},{"damage":48,"enemies":"Donu and Deca","floor":50,"turns":9},{"damage":70,"enemies":"Shield and Spear","floor":54,"turns":7},{"damage":56,"enemies":"The Heart","floor":55,"turns":6}],"seed_played":"5065907722370987437","potions_obtained":[{"floor":0,"key":"EntropicBrew"},{"floor":0,"key":"Energy Potion"},{"floor":0,"key":"Fire Potion"},{"floor":3,"key":"FairyPotion"},{"floor":12,"key":"Energy Potion"},{"floor":14,"key":"Energy Potion"},{"floor":25,"key":"PowerPotion"},{"floor":27,"key":"FearPotion"},{"floor":33,"key":"LiquidBronze"},{"floor":39,"key":"SkillPotion"},{"floor":46,"key":"Dexterity Potion"},{"floor":54,"key":"Regen Potion"}],"is_trial":false,"path_per_floor":["M","M","?","M","M","R","T","M","T","R","E","M","$","M","R","B",null,"M","M","$","M","M","R","M","E","T","M","R","M","?","?","R","B",null,"M","?","$","T","M","R","?","R","T","R","M","M","?","M","R","B",null,"R","$","E","B"],"character_chosen":"THE_SILENT","items_purchased":["Lee\u0027s Waffle","Well Laid Plans","Catalyst+1","Catalyst+1","Leg Sweep+1","Dexterity Potion","Backflip+1"],"campfire_rested":8,"item_purchase_floors":[13,20,20,37,37,53,53],"current_hp_per_floor":[58,58,58,55,38,59,59,43,43,64,23,17,77,63,63,16,62,64,66,66,47,44,44,33,7,7,9,32,29,29,29,52,14,61,13,13,13,13,15,38,38,61,71,71,56,58,58,47,73,27,72,87,87,17,0],"gold":28,"neow_bonus":"THREE_SMALL_POTIONS","is_prod":false,"is_daily":false,"chose_seed":false,"campfire_upgraded":2,"win_rate":0,"timestamp":1557137338,"path_taken":["M","?","?","M","?","R","?","M","T","R","E","M","$","M","R","BOSS","M","M","$","?","M","R","M","E","T","M","R","M","?","?","R","BOSS","M","?","$","?","M","R","?","R","T","R","M","M","?","M","R","BOSS","R","$","E","BOSS"],"build_version":"2019-01-23","purchased_purges":1,"victory":false,"max_hp_per_floor":[70,70,70,70,70,70,70,70,70,70,70,70,77,77,77,77,77,77,77,77,77,77,77,77,77,77,77,77,77,77,77,77,77,77,77,77,77,77,77,77,77,77,87,87,87,87,87,87,87,87,87,87,87,87,87],"card_choices":[{"not_picked":["Cloak And Dagger","Escape Plan"],"picked":"Dodge and Roll","floor":1},{"not_picked":["Prepared","Blade Dance"],"picked":"Backflip","floor":2},{"not_picked":["Dagger Throw","Predator"],"picked":"Flying Knee","floor":4},{"not_picked":["Concentrate","Predator"],"picked":"Bouncing Flask","floor":5},{"not_picked":["Finisher","Dagger Spray"],"picked":"Backflip","floor":8},{"not_picked":["Quick Slash","Riddle With Holes"],"picked":"A Thousand Cuts","floor":11},{"not_picked":["Sucker Punch","Infinite Blades","Dagger Throw"],"picked":"SKIP","floor":12},{"not_picked":["Expertise+1","Concentrate+1"],"picked":"Poisoned Stab","floor":14},{"not_picked":["Night Terror+1","After Image"],"picked":"Corpse Explosion+1","floor":16},{"not_picked":["Reflex+1","Riddle With Holes"],"picked":"Blur+1","floor":18},{"not_picked":["Blade Dance+1","All Out Attack"],"picked":"Deflect+1","floor":19},{"not_picked":["Poisoned Stab","Blade Dance+1"],"picked":"Blur+1","floor":21},{"not_picked":["Expertise+1","Blade Dance+1"],"picked":"Terror+1","floor":22},{"not_picked":["Dagger Throw+1","Underhanded Strike","Eviscerate"],"picked":"SKIP","floor":24},{"not_picked":["Blade Dance+1","Acrobatics+1","Cloak And Dagger+1"],"picked":"SKIP","floor":25},{"not_picked":["Flying Knee+1","Endless Agony"],"picked":"PiercingWail+1","floor":27},{"not_picked":["PiercingWail+1","Slice"],"picked":"Adrenaline+1","floor":29},{"not_picked":["Grand Finale","Venomology+1"],"picked":"After Image+1","floor":33},{"not_picked":["Poisoned Stab+1","Backflip+1"],"picked":"Crippling Poison+1","floor":35},{"not_picked":["Flechettes+1","Sucker Punch+1"],"picked":"Flying Knee","floor":39},{"not_picked":["Poisoned Stab","Prepared+1"],"picked":"Blur+1","floor":45},{"not_picked":["Terror+1","Underhanded Strike+1"],"picked":"Bane","floor":46},{"not_picked":["Flying Knee","Underhanded Strike"],"picked":"Footwork+1","floor":48},{"not_picked":["Sucker Punch","Dagger Spray"],"picked":"Escape Plan+1","floor":54}],"player_experience":200003,"relics_obtained":[{"floor":9,"key":"Blood Vial"},{"floor":11,"key":"Toxic Egg 2"},{"floor":25,"key":"Whetstone"},{"floor":26,"key":"Frozen Egg 2"},{"floor":38,"key":"Happy Flower"},{"floor":43,"key":"Pear"},{"floor":54,"key":"Lantern"}],"event_choices":[{"damage_healed":0,"gold_gain":0,"player_choice":"Got Potions","damage_taken":0,"max_hp_gain":0,"max_hp_loss":0,"event_name":"Lab","floor":3,"gold_loss":0},{"cards_removed":["Strike_G"],"damage_healed":0,"gold_gain":0,"player_choice":"Gave Gold","damage_taken":0,"max_hp_gain":0,"max_hp_loss":0,"event_name":"Beggar","floor":30,"gold_loss":75},{"damage_healed":0,"gold_gain":0,"player_choice":"Ignored","damage_taken":0,"max_hp_gain":0,"max_hp_loss":0,"event_name":"Cursed Tome","floor":31,"gold_loss":0},{"damage_healed":0,"gold_gain":0,"cards_transformed":["Accuracy"],"player_choice":"Transformed","damage_taken":0,"max_hp_gain":0,"max_hp_loss":0,"event_name":"Transmorgrifier","floor":36,"gold_loss":0,"cards_obtained":["Eviscerate"]},{"damage_healed":0,"gold_gain":0,"player_choice":"Ignored","damage_taken":0,"max_hp_gain":0,"max_hp_loss":0,"event_name":"The Moai Head","floor":41,"gold_loss":0},{"damage_healed":0,"gold_gain":0,"player_choice":"Ignored","damage_taken":0,"max_hp_gain":0,"max_hp_loss":0,"event_name":"Mysterious Sphere","floor":47,"gold_loss":0}],"is_beta":false,"boss_relics":[{"not_picked":["WristBlade","Astrolabe"],"picked":"Velvet Choker"},{"not_picked":["Busted Crown","Black Star"],"picked":"Pandora\u0027s Box"}],"items_purged_floors":[53],"is_endless":false,"potions_floor_spawned":[1,2,4,12,14,22,25,27,33,39,46,54],"killed_by":"The Heart","ascension_level":7}