{"gold_per_floor":[118,132,132,132,148,148,167,177,177,210,221,238,238,42,42,143,143,162,162,212,81,92,92,105,122,190,240,240,290,290,357,357,457,457,467,517,567,587,690,690,702,702,725,725],"floor_reached":44,"playtime":2531,"items_purged":["Strike_G"],"score":507,"play_id":"ebeb6257-a480-4997-8586-7614e29e7dfc","local_time":"20180905023542","is_ascension_mode":true,"campfire_choices":[{"data":"Poisoned Stab","floor":6,"key":"SMITH"},{"data":"Burst","floor":13,"key":"SMITH"},{"floor":15,"key":"REST"},{"data":"Noxious Fumes","floor":23,"key":"SMITH"},{"data":"Corpse Explosion","floor":28,"key":"SMITH"},{"data":"Noxious Fumes","floor":30,"key":"SMITH"},{"data":"Catalyst","floor":32,"key":"SMITH"},{"data":"Wraith Form v2","floor":40,"key":"SMITH"},{"floor":42,"key":"REST"}],"neow_cost":"NONE","seed_source_timestamp":1406938787198529,"circlet_count":0,"master_deck":["Defend_G","Defend_G","Defend_G","Defend_G","Strike_G","Strike_G","Strike_G+1","Survivor+1","Neutralize","Poisoned Stab+1","PiercingWail","Flying Knee","Dagger Spray","Bane","Burst+1","Escape Plan","Deadly Poison","Noxious Fumes+1","Cloak And Dagger","Noxious Fumes+1","Corpse Explosion+1","Cloak And Dagger","Poisoned Stab","Catalyst+1","Deadly Poison+1","Poisoned Stab+1","Dodge and Roll","Wraith Form v2+1","Bane","Poisoned Stab","Bullet Time","Eviscerate+1"],"relics":["Ring of the Snake","Paper Crane","Dream Catcher","Runic Pyramid","SsserpentHead","Mercury Hourglass","Kunai","HoveringKite","Incense Burner","Tingsha","Strawberry"],"potions_floor_usage":[8,10,22,25,33,38,44],"damage_taken":[{"damage":0,"enemies":"2 Louse","floor":1,"turns":3},{"damage":0,"enemies":"Jaw Worm","floor":2,"turns":5},{"damage":0,"enemies":"Small Slimes","floor":5,"turns":2},{"damage":0,"enemies":"Looter","floor":7,"turns":3},{"damage":5,"enemies":"Exordium Thugs","floor":8,"turns":4},{"damage":8,"enemies":"3 Sentries","floor":10,"turns":8},{"damage":4,"enemies":"Exordium Wildlife","floor":11,"turns":5},{"damage":5,"enemies":"Gremlin Gang","floor":12,"turns":6},{"damage":8,"enemies":"Hexaghost","floor":16,"turns":8},{"damage":0,"enemies":"Chosen","floor":18,"turns":4},{"damage":4,"enemies":"3 Byrds","floor":22,"turns":3},{"damage":0,"enemies":"3 Cultists","floor":24,"turns":3},{"damage":3,"enemies":"Centurion and Healer","floor":25,"turns":4},{"damage":10,"enemies":"Shelled Parasite and Fungi","floor":31,"turns":5},{"damage":4,"enemies":"Champ","floor":33,"turns":5},{"damage":1,"enemies":"Orb Walker","floor":35,"turns":4},{"damage":1,"enemies":"Mind Bloom Boss Battle","floor":37,"turns":3},{"damage":8,"enemies":"3 Darklings","floor":38,"turns":2},{"damage":31,"enemies":"Mysterious Sphere","floor":39,"turns":7},{"damage":6,"enemies":"Maw","floor":41,"turns":5},{"damage":4,"enemies":"Reptomancer","floor":44,"turns":2}],"seed_played":"-8044720530540189154","potions_obtained":[{"floor":5,"key":"Weak Potion"},{"floor":7,"key":"Regen Potion"},{"floor":8,"key":"AttackPotion"},{"floor":10,"key":"Strength Potion"},{"floor":16,"key":"EssenceOfSteel"},{"floor":22,"key":"SteroidPotion"},{"floor":25,"key":"Dexterity Potion"},{"floor":31,"key":"Fruit Juice"},{"floor":38,"key":"Strength Potion"},{"floor":41,"key":"EssenceOfSteel"}],"is_trial":false,"path_per_floor":["M","M","?","?","M","R","M","M","T","E","M","M","R","$","R","B",null,"M","?","?","$","M","R","M","M","T","?","R","?","R","M","R","B",null,"M","?","?","M","?","R","M","R","T"],"character_chosen":"THE_SILENT","items_purchased":["Noxious Fumes","Cloak And Dagger","Poisoned Stab","Catalyst"],"campfire_rested":2,"item_purchase_floors":[14,14,21,21],"current_hp_per_floor":[70,70,56,56,56,56,56,63,63,55,51,46,46,46,67,59,70,70,70,70,70,66,66,66,63,63,63,63,63,63,53,53,54,75,74,74,73,65,34,34,28,50,57,53],"gold":725,"neow_bonus":"REMOVE_CARD","is_prod":false,"is_daily":false,"chose_seed":false,"campfire_upgraded":7,"win_rate":0,"timestamp":1536082542,"path_taken":["M","M","?","?","M","R","M","M","T","E","M","?","R","$","R","BOSS","M","?","?","$","M","R","M","M","T","?","R","?","R","?","R","BOSS","M","?","?","M","?","R","M","R","T","M"],"build_version":"2018-08-30","purchased_purges":1,"victory":false,"max_hp_per_floor":[70,70,70,70,70,70,70,70,70,70,70,70,70,70,70,70,70,70,70,70,70,70,70,70,70,70,70,70,70,70,70,70,75,75,75,75,75,75,75,75,75,75,82,82],"card_choices":[{"not_picked":["Quick Slash","Outmaneuver"],"picked":"Poisoned Stab","floor":1},{"not_picked":["Blade Dance","Reflex"],"picked":"PiercingWail","floor":2},{"not_picked":["Endless Agony","Escape Plan"],"picked":"Dagger Spray","floor":5},{"not_picked":["Quick Slash","Distraction"],"picked":"Bane","floor":7},{"not_picked":["Dagger Throw","Prepared","Outmaneuver"],"picked":"SKIP","floor":8},{"not_picked":["Heel Hook","Skewer"],"picked":"Burst","floor":10},{"not_picked":["Outmaneuver","Prepared"],"picked":"Escape Plan","floor":11},{"not_picked":["Dash","Outmaneuver"],"picked":"Deadly Poison","floor":12},{"not_picked":["Flying Knee","Dagger Throw"],"picked":"Noxious Fumes","floor":15},{"not_picked":["Phantasmal Killer","Doppelganger"],"picked":"Corpse Explosion","floor":16},{"not_picked":["Slice","Quick Slash"],"picked":"Cloak And Dagger","floor":18},{"not_picked":["Endless Agony","All Out Attack","Heel Hook"],"picked":"SKIP","floor":22},{"not_picked":["Sucker Punch+1","Night Terror"],"picked":"Deadly Poison+1","floor":24},{"not_picked":["Sucker Punch","Slice"],"picked":"Poisoned Stab+1","floor":25},{"not_picked":["Finisher+1","Underhanded Strike+1"],"picked":"Dodge and Roll","floor":31},{"not_picked":["Die Die Die","Storm of Steel"],"picked":"Wraith Form v2","floor":33},{"not_picked":["Endless Agony+1","Cloak And Dagger"],"picked":"Bane","floor":35},{"not_picked":["Riddle With Holes","Deadly Poison"],"picked":"Poisoned Stab","floor":37},{"not_picked":["Terror+1","Dagger Spray","Prepared+1"],"picked":"SKIP","floor":38},{"not_picked":["Dagger Throw+1","Infinite Blades+1"],"picked":"Bullet Time","floor":39},{"not_picked":["Outmaneuver+1","Quick Slash","Tactician"],"picked":"SKIP","floor":41},{"not_picked":["Slice","Dash"],"picked":"Eviscerate+1","floor":42}],"player_experience":227303,"relics_obtained":[{"floor":9,"key":"Paper Crane"},{"floor":10,"key":"Dream Catcher"},{"floor":26,"key":"Mercury Hourglass"},{"floor":37,"key":"Incense Burner"},{"floor":39,"key":"Tingsha"},{"floor":43,"key":"Strawberry"}],"event_choices":[{"event_name":"Shining Light","player_choice":"Entered Light","floor":3,"damage_taken":0},{"event_name":"Transmorgrifier","player_choice":"Transform","floor":4,"damage_taken":0},{"event_name":"FaceTrader","player_choice":"Trade","floor":19,"damage_taken":0},{"event_name":"Ghosts","player_choice":"Ignored","floor":20,"damage_taken":0},{"event_name":"The Mausoleum","player_choice":"Yes","floor":27,"damage_taken":0},{"event_name":"Vampires","player_choice":"Ignored","floor":29,"damage_taken":0},{"event_name":"Tomb of Lord Red Mask","player_choice":"Ignored","floor":36,"damage_taken":0},{"event_name":"MindBloom","player_choice":"Fight","floor":37,"damage_taken":0},{"event_name":"Mysterious Sphere","player_choice":"Fight","floor":39,"damage_taken":0}],"is_beta":false,"boss_relics":[{"not_picked":["Snecko Eye","Velvet Choker"],"picked":"Runic Pyramid"},{"not_picked":["Philosopher\u0027s Stone","Coffee Dripper"],"picked":"HoveringKite"}],"items_purged_floors":[14],"is_endless":false,"potions_floor_spawned":[5,7,8,10,16,22,25,31,38,41],"killed_by":"Reptomancer","ascension_level":1}