{"gold_per_floor":[17,17,17,92,109,109,139,139,191,191,36,63,74,102,102,197,197,212,212,212,232,250,285,298,316,341,341,341,341,370,390,390,492,492,510,510,371,382,435,435,455,38,38,58,0,0,0,18,18,18],"floor_reached":51,"playtime":4214,"items_purged":["Strike_G","Strike_G+1","Defend_G+1"],"score":805,"play_id":"f03712f0-ab1d-4cf0-bef1-e81073da80d1","local_time":"20181104234739","is_ascension_mode":true,"campfire_choices":[{"data":"Footwork","floor":6.0,"key":"SMITH"},{"floor":8.0,"key":"REST"},{"data":"Crippling Poison","floor":15,"key":"SMITH"},{"data":"Decay","floor":27,"key":"PURGE"},{"data":"Doubt","floor":29,"key":"PURGE"},{"floor":32,"key":"REST"},{"data":"Noxious Fumes","floor":40,"key":"SMITH"},{"data":"Strike_G+1","floor":46,"key":"PURGE"},{"data":"Defend_G+1","floor":49,"key":"PURGE"}],"neow_cost":"NO_GOLD","seed_source_timestamp":13866487109269,"circlet_count":0,"master_deck":["Defend_G+1","Defend_G+1","Defend_G+1","Strike_G+1","Strike_G+1","Survivor+1","Neutralize+1","Footwork+1","Poisoned Stab+1","Leg Sweep+1","Crippling Poison+1","Terror+1","A Thousand Cuts+1","Poisoned Stab+1","Ghostly+1","Ghostly+1","Ghostly+1","Ghostly+1","Ghostly+1","Backstab+1","Leg Sweep+1","Infinite Blades+1","Catalyst+1","Well Laid Plans+1","Infinite Blades+1","Noxious Fumes+1","Accuracy+1"],"special_seed":0,"relics":["Ring of the Snake","The Specimen","Anchor","Lantern","Peace Pipe","Odd Mushroom","Calling Bell","Dream Catcher","Thread and Needle","Dodecahedron","Shuriken","War Paint","Snake Skull","Juzu Bracelet","Velvet Choker","Mark of the Bloom","Nunchaku","Mango","Blue Candle","Red Mask"],"potions_floor_usage":[14,48,50,50],"damage_taken":[{"damage":4.0,"enemies":"Jaw Worm","floor":1.0,"turns":7.0},{"damage":0.0,"enemies":"2 Louse","floor":5.0,"turns":4.0},{"damage":17.0,"enemies":"Lagavulin","floor":7.0,"turns":11.0},{"damage":3.0,"enemies":"Gremlin Nob","floor":12.0,"turns":5.0},{"damage":0.0,"enemies":"Small Slimes","floor":13.0,"turns":2.0},{"damage":10,"enemies":"The Mushroom Lair","floor":14,"turns":5},{"damage":26,"enemies":"Hexaghost","floor":16,"turns":11},{"damage":0,"enemies":"Shell Parasite","floor":18,"turns":7},{"damage":0,"enemies":"Spheric Guardian","floor":21,"turns":8},{"damage":0,"enemies":"Shelled Parasite and Fungi","floor":22,"turns":5},{"damage":0,"enemies":"Book of Stabbing","floor":23,"turns":7},{"damage":2,"enemies":"Chosen and Byrds","floor":24,"turns":8},{"damage":3,"enemies":"Snecko","floor":25,"turns":7},{"damage":0,"enemies":"Slavers","floor":30,"turns":6},{"damage":1,"enemies":"Snake Plant","floor":31,"turns":6},{"damage":0,"enemies":"Collector","floor":33,"turns":9},{"damage":0,"enemies":"3 Shapes","floor":35,"turns":4},{"damage":0,"enemies":"Orb Walker","floor":38,"turns":3},{"damage":0,"enemies":"Mysterious Sphere","floor":39,"turns":3},{"damage":0,"enemies":"3 Darklings","floor":41,"turns":5},{"damage":0,"enemies":"Spire Growth","floor":44,"turns":5},{"damage":0,"enemies":"Transient","floor":48,"turns":5},{"damage":3,"enemies":"Time Eater","floor":50,"turns":11}],"seed_played":"1950253726971219657","potions_obtained":[{"floor":1.0,"key":"Block Potion"},{"floor":5.0,"key":"Dexterity Potion"},{"floor":12.0,"key":"SkillPotion"},{"floor":14,"key":"Swift Potion"},{"floor":16,"key":"Fire Potion"},{"floor":22,"key":"Dexterity Potion"},{"floor":24,"key":"Strength Potion"}],"is_trial":false,"path_per_floor":["M","$","?","?","M","R","E","R","T","?","$","E","M","?","R","B",null,"M","?","?","M","M","E","M","M","T","R","T","R","E","M","R","B",null,"M","?","$","M","?","R","M","$","T","M","?","R","?","M","R","B"],"character_chosen":"THE_SILENT","items_purchased":["Crippling Poison","Noxious Fumes","Mango"],"campfire_rested":2,"item_purchase_floors":[11,37,42],"current_hp_per_floor":[66,66,52,41,41,41,24,45,45,68,68,65,65,55,55,29,70,70,35,35,35,35,35,33,30,30,30,30,30,30,29,35,35,35,35,35,35,35,35,35,35,35,35,35,35,35,35,35,35,32],"gold":18,"neow_bonus":"ONE_RARE_RELIC","is_prod":false,"is_daily":false,"chose_seed":false,"campfire_upgraded":3,"win_rate":0,"timestamp":1541346459,"path_taken":["M","$","?","?","M","R","E","R","T","?","$","E","?","?","R","BOSS","M","?","?","M","M","E","M","M","T","R","?","R","E","M","R","BOSS","M","?","$","M","?","R","M","$","T","M","?","R","?","M","R","BOSS"],"build_version":"2018-10-11","purchased_purges":3,"victory":true,"max_hp_per_floor":[70,70,70,70,70,70,70,70,70,70,70,70,70,70,70,70,70,70,35,35,35,35,35,35,35,35,35,35,35,35,35,35,35,35,35,35,35,35,35,35,35,49,49,49,49,49,49,49,49,49],"card_choices":[{"not_picked":["Concentrate","Setup"],"picked":"Footwork","floor":1.0},{"not_picked":["Deflect","Calculated Gamble"],"picked":"Poisoned Stab","floor":5.0},{"not_picked":["Deflect","Accuracy"],"picked":"Leg Sweep","floor":7.0},{"not_picked":["Predator","Sucker Punch"],"picked":"Terror","floor":12.0},{"not_picked":["Blade Dance","Outmaneuver","Flying Knee"],"picked":"SKIP","floor":13.0},{"not_picked":["Envenom","Adrenaline"],"picked":"A Thousand Cuts","floor":16},{"not_picked":["Slice","Sucker Punch"],"picked":"Poisoned Stab","floor":18},{"not_picked":["Choke","Sucker Punch"],"picked":"Backstab","floor":21},{"not_picked":["Slice+1","Dodge and Roll","Deadly Poison"],"picked":"SKIP","floor":22},{"not_picked":["Predator","Heel Hook"],"picked":"Leg Sweep+1","floor":23},{"not_picked":["Sucker Punch","Phantasmal Killer"],"picked":"Infinite Blades","floor":24},{"not_picked":["Quick Slash","Footwork"],"picked":"Catalyst+1","floor":25},{"not_picked":["Poisoned Stab","Dodge and Roll","Outmaneuver"],"picked":"SKIP","floor":30},{"not_picked":["Sucker Punch","Dagger Spray"],"picked":"Well Laid Plans","floor":31},{"not_picked":["Poisoned Stab","PiercingWail"],"picked":"Infinite Blades+1","floor":35},{"not_picked":["All Out Attack","Poisoned Stab"],"picked":"Accuracy+1","floor":38},{"not_picked":["Dagger Spray+1","Skewer","Deadly Poison"],"picked":"SKIP","floor":41},{"not_picked":["Acrobatics+1","Venomology","Quick Slash"],"picked":"SKIP","floor":44},{"not_picked":["Blade Dance","Leg Sweep","Deadly Poison+1"],"picked":"SKIP","floor":48}],"player_experience":118088,"relics_obtained":[{"floor":7.0,"key":"Anchor"},{"floor":9.0,"key":"Lantern"},{"floor":12.0,"key":"Peace Pipe"},{"floor":14,"key":"Odd Mushroom"},{"floor":17,"key":"Dream Catcher"},{"floor":17,"key":"Thread and Needle"},{"floor":17,"key":"Dodecahedron"},{"floor":23,"key":"Shuriken"},{"floor":26,"key":"War Paint"},{"floor":28,"key":"Snake Skull"},{"floor":30,"key":"Juzu Bracelet"},{"floor":39,"key":"Nunchaku"},{"floor":43,"key":"Blue Candle"}],"event_choices":[{"event_name":"Shining Light","player_choice":"Entered Light","floor":3.0,"damage_taken":0.0},{"event_name":"World of Goop","player_choice":"Gather Gold","floor":4.0,"damage_taken":0.0},{"event_name":"Big Fish","player_choice":"Banana","floor":10.0,"damage_taken":0.0},{"event_name":"Mushrooms","player_choice":"Fought Mushrooms","floor":14,"damage_taken":0},{"event_name":"Ghosts","player_choice":"Became a Ghost","floor":19,"damage_taken":0},{"event_name":"Back to Basics","player_choice":"Elegance","floor":20,"damage_taken":0},{"event_name":"MindBloom","player_choice":"Upgrade","floor":36,"damage_taken":0},{"event_name":"Mysterious Sphere","player_choice":"Fight","floor":39,"damage_taken":0},{"event_name":"Tomb of Lord Red Mask","player_choice":"Paid","floor":45,"damage_taken":0},{"event_name":"SecretPortal","player_choice":"Rejected Portal.","floor":47,"damage_taken":0}],"is_beta":false,"boss_relics":[{"not_picked":["Runic Dome","Philosopher\u0027s Stone"],"picked":"Calling Bell"},{"not_picked":["Sozu","Pandora\u0027s Box"],"picked":"Velvet Choker"}],"items_purged_floors":[11,37,42],"is_endless":false,"potions_floor_spawned":[1,5,12,14,16,22,24,25,31,41,44],"ascension_level":1}