{"gold_per_floor":[118,135,135,135,151,151,177,177,223,240,240,190,190,222,222,325,325,335,9,9,29,43,43,78,88,113,113,0,275,292,303,303,399,399,415,430,430,75,95,95,121,71,94,94,109,35,35,46,46,46,46,46,11,41,41],"floor_reached":55,"playtime":3156,"items_purged":["Regret","Strike_G"],"score":750,"play_id":"2d9702bd-cbd1-467f-ab8a-cd59e5c5fbde","local_time":"20190429182839","is_ascension_mode":false,"campfire_choices":[{"data":"Neutralize","floor":6,"key":"SMITH"},{"floor":8,"key":"REST"},{"floor":11,"key":"REST"},{"data":"Footwork","floor":15,"key":"SMITH"},{"floor":23,"key":"REST"},{"floor":32,"key":"REST"},{"floor":40,"key":"RECALL"},{"data":"A Thousand Cuts","floor":44,"key":"SMITH"},{"data":"After Image","floor":47,"key":"SMITH"},{"floor":49,"key":"REST"},{"data":"Calculated Gamble","floor":52,"key":"SMITH"}],"neow_cost":"NONE","seed_source_timestamp":1204721807328090,"circlet_count":0,"master_deck":["Defend_G","Defend_G+1","Defend_G","Defend_G+1","Defend_G+1","Strike_G","Strike_G","Strike_G","Strike_G","Survivor","Neutralize+1","Footwork+1","Prepared+1","Deadly Poison","Terror","Dagger Spray","Prepared","Leg Sweep","Footwork","A Thousand Cuts+1","Flying Knee","Footwork","PiercingWail","PiercingWail+1","Well Laid Plans","Calculated Gamble+1","Adrenaline","Deadly Poison","Noxious Fumes+1","Backflip","After Image+1","Prepared+1","All Out Attack+1","Pain","Well Laid Plans","Calculated Gamble+1","Backflip","Concentrate+1","Tactician+1","Well Laid Plans","Underhanded Strike+1","Catalyst+1","Footwork","Backflip+1"],"relics":["Ring of the Snake","Dream Catcher","War Paint","Tingsha","Bronze Scales","Smiling Mask","Philosopher\u0027s Stone","Unceasing Top","Blood Vial","Anchor","Sozu","WarpedTongs","Potion Belt","Calipers","Bottled Lightning"],"potions_floor_usage":[24,24,55,55,55],"damage_taken":[{"damage":1,"enemies":"2 Louse","floor":1,"turns":3},{"damage":8,"enemies":"Jaw Worm","floor":2,"turns":6},{"damage":0,"enemies":"Cultist","floor":5,"turns":4},{"damage":24,"enemies":"Lagavulin","floor":7,"turns":9},{"damage":8,"enemies":"2 Fungi Beasts","floor":10,"turns":3},{"damage":6,"enemies":"3 Sentries","floor":14,"turns":9},{"damage":4,"enemies":"Hexaghost","floor":16,"turns":10},{"damage":13,"enemies":"Spheric Guardian","floor":18,"turns":5},{"damage":7,"enemies":"3 Byrds","floor":21,"turns":3},{"damage":19,"enemies":"Snecko","floor":22,"turns":6},{"damage":36,"enemies":"Gremlin Leader","floor":24,"turns":8},{"damage":3,"enemies":"Shelled Parasite and Fungi","floor":25,"turns":6},{"damage":1,"enemies":"Colosseum Slavers","floor":27,"turns":5},{"damage":5,"enemies":"Centurion and Healer","floor":30,"turns":7},{"damage":0,"enemies":"Snake Plant","floor":31,"turns":3},{"damage":26,"enemies":"Collector","floor":33,"turns":10},{"damage":6,"enemies":"3 Darklings","floor":35,"turns":5},{"damage":0,"enemies":"3 Shapes","floor":36,"turns":4},{"damage":18,"enemies":"3 Darklings","floor":39,"turns":4},{"damage":3,"enemies":"Giant Head","floor":41,"turns":9},{"damage":7,"enemies":"Writhing Mass","floor":45,"turns":6},{"damage":2,"enemies":"Jaw Worm Horde","floor":48,"turns":4},{"damage":34,"enemies":"Awakened One","floor":50,"turns":14},{"damage":30,"enemies":"Shield and Spear","floor":54,"turns":6},{"damage":58,"enemies":"The Heart","floor":55,"turns":5}],"seed_played":"-2200474476131453289","potions_obtained":[{"floor":1,"key":"Energy Potion"},{"floor":7,"key":"Fruit Juice"},{"floor":24,"key":"Weak Potion"},{"floor":25,"key":"SteroidPotion"},{"floor":31,"key":"SteroidPotion"}],"is_trial":false,"path_per_floor":["M","M","?","?","M","R","E","R","T","M","R","?","?","E","R","B",null,"M","$","?","M","M","R","E","M","T","?","?","?","M","M","R","B",null,"M","M","?","$","M","R","E","$","T","R","M","$","R","M","R","B",null,"R","$","E","B"],"character_chosen":"THE_SILENT","items_purchased":["Footwork","Unceasing Top","Well Laid Plans","Potion Belt","Calculated Gamble","Backflip","Well Laid Plans","Footwork"],"campfire_rested":5,"item_purchase_floors":[19,19,38,38,38,38,46,53],"current_hp_per_floor":[69,61,61,61,61,61,37,58,58,50,70,70,56,50,50,46,70,57,57,57,50,31,52,21,20,20,21,21,21,18,20,42,18,75,69,71,71,71,55,55,54,54,54,54,49,49,49,49,71,39,75,75,75,45,0],"gold":41,"neow_bonus":"RANDOM_COMMON_RELIC","is_prod":false,"is_daily":false,"chose_seed":false,"campfire_upgraded":5,"win_rate":0,"timestamp":1556519319,"path_taken":["M","M","?","?","?","R","E","R","T","M","R","?","?","E","R","BOSS","M","$","?","?","M","R","E","M","T","?","?","?","M","M","R","BOSS","M","?","?","$","?","R","E","?","T","R","M","$","R","M","R","BOSS","R","$","E","BOSS"],"build_version":"2019-01-23","purchased_purges":2,"victory":false,"max_hp_per_floor":[70,70,70,70,70,70,70,70,70,70,70,70,70,70,70,70,70,70,70,70,70,70,70,75,75,75,75,75,75,75,75,75,75,75,75,75,75,75,75,75,75,75,75,75,75,75,75,75,75,75,75,75,75,75,75],"card_choices":[{"not_picked":["Calculated Gamble","Dodge and Roll"],"picked":"Footwork","floor":1},{"not_picked":["Slice","Dash"],"picked":"Prepared","floor":2},{"not_picked":["Outmaneuver","Slice"],"picked":"Deadly Poison","floor":5},{"not_picked":["Sucker Punch","Heel Hook"],"picked":"Terror","floor":7},{"not_picked":["Outmaneuver","Dagger Throw"],"picked":"Dagger Spray","floor":8},{"not_picked":["Underhanded Strike","Quick Slash"],"picked":"Prepared","floor":10},{"not_picked":["Dodge and Roll","Infinite Blades"],"picked":"Leg Sweep","floor":11},{"not_picked":["Accuracy","Distraction"],"picked":"Footwork","floor":14},{"not_picked":["Doppelganger","Malaise"],"picked":"A Thousand Cuts","floor":16},{"not_picked":["Slice+1","Predator"],"picked":"Flying Knee","floor":18},{"not_picked":["Dagger Throw+1","Underhanded Strike"],"picked":"PiercingWail+1","floor":21},{"not_picked":["Footwork+1","Acrobatics"],"picked":"Well Laid Plans","floor":22},{"not_picked":["Quick Slash+1","Escape Plan"],"picked":"Calculated Gamble+1","floor":23},{"not_picked":["Dagger Spray","Poisoned Stab"],"picked":"Adrenaline","floor":24},{"not_picked":["Backstab","Accuracy","Setup"],"picked":"SKIP","floor":25},{"not_picked":["Heel Hook","Endless Agony+1"],"picked":"Deadly Poison","floor":30},{"not_picked":["Backflip","Finisher+1"],"picked":"Noxious Fumes+1","floor":31},{"not_picked":["Poisoned Stab","Quick Slash"],"picked":"Backflip","floor":32},{"not_picked":["Tools of the Trade","Burst"],"picked":"After Image","floor":33},{"not_picked":["Dagger Throw","Dash+1"],"picked":"Prepared+1","floor":35},{"not_picked":["Deflect+1","Blade Dance+1"],"picked":"All Out Attack+1","floor":36},{"not_picked":["Expertise+1","Slice+1","Choke"],"picked":"SKIP","floor":39},{"not_picked":["Infinite Blades","Bane+1"],"picked":"Concentrate+1","floor":41},{"not_picked":["Sucker Punch","Flying Knee+1"],"picked":"Tactician+1","floor":45},{"not_picked":["Sucker Punch+1","Dagger Throw+1"],"picked":"Underhanded Strike+1","floor":48},{"not_picked":["Venomology","Terror"],"picked":"Catalyst+1","floor":49},{"not_picked":["Slice+1","Distraction+1"],"picked":"Backflip+1","floor":54}],"player_experience":133723,"relics_obtained":[{"floor":7,"key":"Tingsha"},{"floor":9,"key":"Bronze Scales"},{"floor":14,"key":"Smiling Mask"},{"floor":24,"key":"Blood Vial"},{"floor":26,"key":"Anchor"},{"floor":41,"key":"Calipers"},{"floor":54,"key":"Bottled Lightning"}],"event_choices":[{"damage_healed":0,"gold_gain":0,"player_choice":"Box","damage_taken":0,"relics_obtained":["War Paint"],"max_hp_gain":0,"max_hp_loss":0,"event_name":"Big Fish","floor":3,"gold_loss":0,"cards_obtained":["Regret"]},{"damage_healed":0,"gold_gain":0,"player_choice":"Ignored","damage_taken":0,"max_hp_gain":0,"max_hp_loss":0,"event_name":"NoteForYourself","floor":4,"gold_loss":0},{"cards_removed":["Regret"],"damage_healed":0,"gold_gain":0,"player_choice":"Card Removal","damage_taken":0,"max_hp_gain":0,"max_hp_loss":0,"event_name":"The Cleric","floor":12,"gold_loss":50},{"damage_healed":0,"gold_gain":0,"player_choice":"Entered Light","damage_taken":14,"max_hp_gain":0,"max_hp_loss":0,"event_name":"Shining Light","floor":13,"gold_loss":0,"cards_upgraded":["Defend_G","Defend_G"]},{"damage_healed":0,"gold_gain":0,"player_choice":"1 cards matched","damage_taken":0,"max_hp_gain":0,"max_hp_loss":0,"event_name":"Match and Keep!","floor":20,"gold_loss":0,"cards_obtained":["PiercingWail"]},{"damage_healed":0,"gold_gain":0,"player_choice":"Fight","damage_taken":0,"max_hp_gain":0,"max_hp_loss":0,"event_name":"Colosseum","floor":27,"gold_loss":0},{"damage_healed":0,"gold_gain":0,"player_choice":"Fled From Nobs","damage_taken":0,"max_hp_gain":0,"max_hp_loss":0,"event_name":"Colosseum","floor":27,"gold_loss":0},{"damage_healed":0,"gold_gain":0,"player_choice":"Paid Fearfully","damage_taken":0,"max_hp_gain":0,"max_hp_loss":0,"event_name":"Masked Bandits","floor":28,"gold_loss":113},{"damage_healed":0,"gold_gain":275,"player_choice":"Desecrate","damage_taken":0,"max_hp_gain":0,"max_hp_loss":0,"event_name":"Golden Shrine","floor":29,"gold_loss":0,"cards_obtained":["Regret"]},{"damage_healed":0,"gold_gain":0,"player_choice":"Rummage","damage_taken":0,"relics_obtained":["WarpedTongs"],"max_hp_gain":0,"max_hp_loss":0,"event_name":"Accursed Blacksmith","floor":37,"gold_loss":0,"cards_obtained":["Pain"]}],"is_beta":false,"boss_relics":[{"not_picked":["Empty Cage","HoveringKite"],"picked":"Philosopher\u0027s Stone"},{"not_picked":["White Beast Statue","WristBlade"],"picked":"Sozu"}],"items_purged_floors":[38,42],"is_endless":false,"potions_floor_spawned":[1,7,24,25,27,31,41,45,48,54],"killed_by":"The Heart","ascension_level":0}