{"gold_per_floor":[113,113,138,138,153,153,177,177,251,265,265,304,329,349,349,472,472,487,507,507,528,541,541,541,541,541,582,181,206,51,51,51,51],"floor_reached":33,"playtime":1724,"items_purged":["Strike_B"],"score":345,"play_id":"b26f8e2d-fe7c-47c1-ae24-8f7418332cc3","local_time":"20180903230703","is_ascension_mode":true,"campfire_choices":[{"data":"Zap","floor":6,"key":"SMITH"},{"data":"Dualcast","floor":8,"key":"SMITH"},{"data":"Stack","floor":11,"key":"SMITH"},{"data":"Stack","floor":15,"key":"SMITH"},{"floor":23,"key":"REST"},{"floor":25,"key":"REST"},{"floor":32,"key":"REST"}],"neow_cost":"NONE","seed_source_timestamp":1308826766140504,"circlet_count":0,"master_deck":["Strike_B","Strike_B","Defend_B","Defend_B","Defend_B","Defend_B","Zap+1","Dualcast+1","Ball Lightning","Injury","Stack+1","Double Energy","Stack+1","Ball Lightning","Cold Snap","Buffer","Clumsy","Coolheaded+1","Ball Lightning","Hello World","BootSequence","Loop","Ball Lightning","Auto Shields","Conserve Battery","Shame"],"relics":["Cracked Core","Bag of Marbles","Golden Idol","Question Card","Omamori","Oddly Smooth Stone","Calling Bell","Art of War","Matryoshka","Bird Faced Urn","Vajra","Juzu Bracelet","Strawberry","Lantern","Blood Vial","Regal Pillow"],"potions_floor_usage":[10,12,18,21,24,27],"damage_taken":[{"damage":5,"enemies":"Small Slimes","floor":1,"turns":3},{"damage":12,"enemies":"Jaw Worm","floor":3,"turns":2},{"damage":0,"enemies":"2 Louse","floor":5,"turns":2},{"damage":4,"enemies":"2 Fungi Beasts","floor":7,"turns":3},{"damage":4,"enemies":"Red Slaver","floor":10,"turns":3},{"damage":7,"enemies":"Lagavulin","floor":12,"turns":6},{"damage":1,"enemies":"Looter","floor":14,"turns":2},{"damage":12,"enemies":"Slime Boss","floor":16,"turns":11},{"damage":16,"enemies":"2 Thieves","floor":18,"turns":4},{"damage":8,"enemies":"Chosen","floor":19,"turns":5},{"damage":8,"enemies":"Snake Plant","floor":21,"turns":4},{"damage":35,"enemies":"Shelled Parasite and Fungi","floor":22,"turns":7},{"damage":0,"enemies":"Masked Bandits","floor":24,"turns":2},{"damage":32,"enemies":"Gremlin Leader","floor":27,"turns":7},{"damage":11,"enemies":"Sentry and Sphere","floor":29,"turns":5},{"damage":89,"enemies":"Champ","floor":33,"turns":17}],"seed_played":"3601416491261689278","potions_obtained":[{"floor":7,"key":"EssenceOfSteel"},{"floor":10,"key":"Weak Potion"},{"floor":16,"key":"Fire Potion"},{"floor":18,"key":"SmokeBomb"},{"floor":19,"key":"SpeedPotion"},{"floor":22,"key":"LiquidBronze"}],"is_trial":false,"path_per_floor":["M","?","M","?","M","R","M","R","T","M","R","E","T","M","R","B",null,"M","M","?","M","M","R","?","R","T","E","$","M","$","?","R"],"character_chosen":"DEFECT","items_purchased":["Lantern","Ball Lightning","Auto Shields","Conserve Battery","Blood Vial"],"campfire_rested":3,"item_purchase_floors":[28,28,28,28,30],"current_hp_per_floor":[70,70,58,58,58,58,54,54,54,50,50,43,43,42,42,30,75,59,51,51,45,14,36,36,58,58,37,37,32,32,32,71,0],"gold":51,"neow_bonus":"RANDOM_COMMON_RELIC","is_prod":false,"is_daily":false,"chose_seed":false,"campfire_upgraded":4,"win_rate":0,"timestamp":1535983623,"path_taken":["M","?","M","?","M","R","M","R","T","M","R","E","?","M","R","BOSS","M","M","?","M","M","R","?","R","T","E","$","M","$","?","R","BOSS"],"build_version":"2018-08-30","purchased_purges":1,"victory":false,"max_hp_per_floor":[75,75,75,75,75,75,75,75,75,75,75,75,75,75,75,75,75,75,75,75,75,75,75,75,75,75,82,82,82,82,82,82,82],"card_choices":[{"not_picked":["Redo","Beam Cell"],"picked":"Ball Lightning","floor":1},{"not_picked":["Scrape","Coolheaded"],"picked":"Stack","floor":3},{"not_picked":["Barrage","Sweeping Beam"],"picked":"Double Energy","floor":5},{"not_picked":["Aggregate","Hyperbeam","Reprogram"],"picked":"SKIP","floor":7},{"not_picked":["Streamline","Compile Driver","Barrage"],"picked":"Stack","floor":10},{"not_picked":["Steam","BootSequence","Coolheaded"],"picked":"Ball Lightning","floor":12},{"not_picked":["Chill","Go for the Eyes","Steam"],"picked":"Cold Snap","floor":14},{"not_picked":["Meteor Strike","Reboot","Amplify"],"picked":"Buffer","floor":16},{"not_picked":["Leap","Barrage+1","Hologram+1"],"picked":"Coolheaded+1","floor":18},{"not_picked":["Go for the Eyes","Chill","Storm"],"picked":"Ball Lightning","floor":19},{"not_picked":["Sweeping Beam+1","Hologram","Storm"],"picked":"Hello World","floor":21},{"not_picked":["Beam Cell+1","Streamline+1","Compile Driver"],"picked":"BootSequence","floor":22},{"not_picked":["Streamline","Melter","Stack+1"],"picked":"Loop","floor":27},{"not_picked":["Compile Driver","Hologram","Rebound+1","Reinforced Body"],"picked":"SKIP","floor":29}],"player_experience":216000,"relics_obtained":[{"floor":9,"key":"Question Card"},{"floor":12,"key":"Omamori"},{"floor":13,"key":"Oddly Smooth Stone"},{"floor":17,"key":"Art of War"},{"floor":17,"key":"Matryoshka"},{"floor":17,"key":"Bird Faced Urn"},{"floor":26,"key":"Vajra"},{"floor":26,"key":"Juzu Bracelet"},{"floor":27,"key":"Strawberry"}],"event_choices":[{"event_name":"Golden Idol","player_choice":"Take Wound","floor":2,"damage_taken":0},{"event_name":"Bonfire Elementals","player_choice":"BASIC","floor":4,"damage_taken":0},{"event_name":"Ghosts","player_choice":"Ignored","floor":20,"damage_taken":0},{"event_name":"Masked Bandits","player_choice":"Fought Bandits","floor":24,"damage_taken":0},{"event_name":"Addict","player_choice":"Stole Relic","floor":31,"damage_taken":0}],"is_beta":false,"boss_relics":[{"not_picked":["Pandora\u0027s Box","Velvet Choker"],"picked":"Calling Bell"}],"items_purged_floors":[28],"is_endless":false,"potions_floor_spawned":[7,10,16,18,19,22],"killed_by":"Champ","ascension_level":4}