{"gold_per_floor":[119,69,80,80,5,5,36,48,48,48,67,84,104,132,132,237,237,257,271,281,26,26,26,38,38,38,38,38,48,48,60,60,155,155,171,226,244,261,261,261,273,273,273,273,284,294,328,345,345,345,345,345,9,9],"floor_reached":54,"playtime":1633,"items_purged":["Strike_B","Strike_B"],"score":920,"play_id":"20e1d198-a9ae-4e9f-a0d4-7c14ead829fe","local_time":"20181208115042","is_ascension_mode":true,"campfire_choices":[{"data":"Zap","floor":6,"key":"SMITH"},{"data":"Ball Lightning","floor":10,"key":"SMITH"},{"floor":15,"key":"REST"},{"data":"Defragment","floor":23,"key":"SMITH"},{"floor":25,"key":"REST"},{"data":"Thunder Strike","floor":28,"key":"SMITH"},{"data":"Dualcast","floor":30,"key":"SMITH"},{"floor":32,"key":"REST"},{"data":"Electrodynamics","floor":40,"key":"SMITH"},{"floor":42,"key":"RECALL"},{"floor":44,"key":"REST"},{"data":"Echo Form","floor":49,"key":"SMITH"},{"data":"Barrage","floor":52,"key":"SMITH"}],"neow_cost":"NONE","seed_source_timestamp":2016509040753603,"circlet_count":0,"master_deck":["Defend_B+1","Defend_B+1","Defend_B+1","Zap+1","Dualcast+1","Go for the Eyes","Barrage+1","Ball Lightning+1","Hologram","Tempest","Auto Shields","Thunder Strike+1","Sweeping Beam+1","Lockon+1","Defragment+1","Chill","FTL","Self Repair","Electrodynamics+1","Storm+1","Melter+1","Self Repair+1","Glacier+1","Echo Form+1","Capacitor"],"relics":["Cracked Core","NeowsBlessing","Ice Cream","Mummified Hand","Incense Burner","Sozu","Membership Card","Inserter","Dead Branch","Bag of Marbles","Bird Faced Urn","Pantograph","Vajra","TheAbacus"],"potions_floor_usage":[14,14,16,19,35],"damage_taken":[{"damage":0,"enemies":"Cultist","floor":1,"turns":1},{"damage":0,"enemies":"Jaw Worm","floor":3,"turns":1},{"damage":0,"enemies":"Gremlin Nob","floor":7,"turns":1},{"damage":9,"enemies":"Small Slimes","floor":8,"turns":3},{"damage":6,"enemies":"Looter","floor":11,"turns":2},{"damage":17,"enemies":"Exordium Thugs","floor":12,"turns":4},{"damage":1,"enemies":"Blue Slaver","floor":13,"turns":2},{"damage":9,"enemies":"Lagavulin","floor":14,"turns":4},{"damage":13,"enemies":"Hexaghost","floor":16,"turns":9},{"damage":1,"enemies":"Shell Parasite","floor":18,"turns":4},{"damage":20,"enemies":"2 Thieves","floor":19,"turns":3},{"damage":22,"enemies":"Shelled Parasite and Fungi","floor":20,"turns":6},{"damage":8,"enemies":"Centurion and Healer","floor":24,"turns":6},{"damage":0,"enemies":"Snecko","floor":29,"turns":3},{"damage":0,"enemies":"3 Cultists","floor":31,"turns":4},{"damage":64,"enemies":"Champ","floor":33,"turns":7},{"damage":0,"enemies":"Orb Walker","floor":35,"turns":3},{"damage":29,"enemies":"2 Orb Walkers","floor":36,"turns":4},{"damage":11,"enemies":"3 Shapes","floor":37,"turns":4},{"damage":0,"enemies":"Jaw Worm Horde","floor":38,"turns":1},{"damage":5,"enemies":"Sphere and 2 Shapes","floor":41,"turns":2},{"damage":27,"enemies":"Writhing Mass","floor":45,"turns":3},{"damage":1,"enemies":"Transient","floor":46,"turns":5},{"damage":0,"enemies":"Giant Head","floor":47,"turns":6},{"damage":0,"enemies":"Maw","floor":48,"turns":4},{"damage":63,"enemies":"Donu and Deca","floor":50,"turns":6},{"damage":78,"enemies":"Shield and Spear","floor":54,"turns":2}],"seed_played":"-1747654671867704607","potions_obtained":[{"floor":7,"key":"LiquidBronze"},{"floor":11,"key":"PowerPotion"},{"floor":13,"key":"Strength Potion"},{"floor":14,"key":"Energy Potion"},{"floor":16,"key":"Explosive Potion"}],"is_trial":false,"path_per_floor":["M","?","M","?","$","R","E","M","T","R","M","M","M","E","R","B",null,"M","M","M","$","?","R","M","R","T","?","R","M","R","M","R","B",null,"M","?","M","M","?","R","M","R","T","R","M","M","E","M","R","B",null,"R","$","E"],"character_chosen":"DEFECT","items_purchased":["Membership Card","Pantograph","Capacitor","Vajra","TheAbacus"],"campfire_rested":4,"item_purchase_floors":[21,53,53,53,53],"current_hp_per_floor":[68,68,68,68,68,68,68,59,59,59,53,36,35,26,48,35,65,64,44,22,22,22,22,14,36,36,36,36,36,36,43,65,8,58,58,36,25,32,32,32,27,27,27,49,39,55,72,75,75,39,66,66,66,0],"gold":9,"neow_bonus":"THREE_ENEMY_KILL","is_prod":false,"is_daily":false,"chose_seed":false,"campfire_upgraded":8,"win_rate":0,"timestamp":1544237442,"path_taken":["M","?","M","?","$","R","E","?","T","R","M","M","M","E","R","BOSS","M","M","M","$","?","R","M","R","T","?","R","M","R","?","R","BOSS","M","?","M","M","?","R","M","R","T","R","M","M","E","M","R","BOSS","R","$","E"],"build_version":"2018-12-06","purchased_purges":2,"victory":false,"max_hp_per_floor":[75,75,75,75,75,75,75,75,75,75,75,75,75,75,75,75,75,75,75,75,75,75,75,75,75,75,75,75,75,75,75,75,75,75,75,75,75,75,75,75,75,75,75,75,75,75,75,75,75,75,75,75,75,75],"card_choices":[{"not_picked":["Gash","Hello World","Stack"],"picked":"SKIP","floor":1},{"not_picked":["Turbo","Gash"],"picked":"Go for the Eyes","floor":3},{"not_picked":["Coolheaded","Steam Power"],"picked":"Barrage","floor":7},{"not_picked":["Leap","Meteor Strike"],"picked":"Ball Lightning","floor":8},{"not_picked":["Recycle","Stack"],"picked":"Hologram","floor":11},{"not_picked":["Beam Cell","Redo"],"picked":"Leap","floor":12},{"not_picked":["Redo","Steam"],"picked":"Tempest","floor":13},{"not_picked":["Loop","Coolheaded"],"picked":"Auto Shields","floor":14},{"not_picked":["All For One","Buffer"],"picked":"Thunder Strike","floor":16},{"not_picked":["Go for the Eyes","Steam"],"picked":"Sweeping Beam+1","floor":18},{"not_picked":["Turbo","Rebound"],"picked":"Lockon+1","floor":19},{"not_picked":["Hello World","Beam Cell+1"],"picked":"Defragment","floor":20},{"not_picked":["Streamline","Rip and Tear"],"picked":"Chill","floor":24},{"not_picked":["BootSequence+1","Double Energy"],"picked":"Self Repair","floor":29},{"not_picked":["Gash+1","Cold Snap","Coolheaded"],"picked":"SKIP","floor":31},{"not_picked":["Machine Learning","All For One"],"picked":"Electrodynamics","floor":33},{"not_picked":["Barrage","Rebound"],"picked":"Storm+1","floor":35},{"not_picked":["Self Repair+1","Leap+1"],"picked":"Melter+1","floor":36},{"not_picked":["Coolheaded","Hologram+1","Electrodynamics"],"picked":"SKIP","floor":37},{"not_picked":["Streamline","Gash"],"picked":"Self Repair+1","floor":38},{"not_picked":["Hologram","Turbo","Stack"],"picked":"SKIP","floor":41},{"not_picked":["Rebound+1","Go for the Eyes+1"],"picked":"Glacier+1","floor":45},{"not_picked":["Compile Driver+1","Redo+1"],"picked":"Echo Form","floor":46},{"not_picked":["Barrage","Blizzard+1","Auto Shields+1"],"picked":"SKIP","floor":47},{"not_picked":["Self Repair","Gash","Melter+1"],"picked":"SKIP","floor":48}],"player_experience":522935,"relics_obtained":[{"floor":7,"key":"Ice Cream"},{"floor":9,"key":"Mummified Hand"},{"floor":14,"key":"Incense Burner"},{"floor":36,"key":"Dead Branch"},{"floor":43,"key":"Bag of Marbles"},{"floor":47,"key":"Bird Faced Urn"}],"event_choices":[{"cards_removed":["Strike_B"],"damage_healed":0,"gold_gain":0,"player_choice":"Card Removal","damage_taken":0,"max_hp_gain":0,"max_hp_loss":0,"event_name":"The Cleric","floor":2,"gold_loss":50},{"cards_removed":["Defend_B"],"damage_healed":0,"gold_gain":0,"player_choice":"Purged","damage_taken":0,"max_hp_gain":0,"max_hp_loss":0,"event_name":"Purifier","floor":4,"gold_loss":0},{"damage_healed":0,"gold_gain":0,"player_choice":"Simplicity","damage_taken":0,"max_hp_gain":0,"max_hp_loss":0,"event_name":"Back to Basics","floor":22,"gold_loss":0,"cards_upgraded":["Strike_B","Defend_B","Defend_B","Defend_B"]},{"damage_healed":0,"gold_gain":0,"cards_transformed":["Strike_B"],"player_choice":"Transformed","damage_taken":0,"max_hp_gain":0,"max_hp_loss":0,"event_name":"Transmorgrifier","floor":27,"gold_loss":0,"cards_obtained":["FTL"]},{"damage_healed":0,"gold_gain":0,"player_choice":"Fight","damage_taken":0,"max_hp_gain":0,"max_hp_loss":0,"event_name":"Mysterious Sphere","floor":36,"gold_loss":0},{"cards_removed":["Leap"],"damage_healed":0,"gold_gain":0,"player_choice":"Removed Skill","damage_taken":0,"max_hp_gain":0,"max_hp_loss":0,"event_name":"Falling","floor":39,"gold_loss":0}],"is_beta":false,"boss_relics":[{"not_picked":["Fusion Hammer","Eternal Feather"],"picked":"Sozu"},{"not_picked":["Coffee Dripper","Orrery"],"picked":"Inserter"}],"items_purged_floors":[5,21],"is_endless":false,"potions_floor_spawned":[7,11,13,14,16,19,20,31,36,38,41,46,48],"killed_by":"Shield and Spear","ascension_level":6}