{"gold_per_floor":[112,129,229,240,252,252,267,267,267,267,281,281,316,336,336,432,432,449,449,468,209,209],"floor_reached":22,"playtime":1716,"items_purged":["Defend_R"],"score":213,"play_id":"b2e28d56-0a8a-4b27-9ecb-42e3f10774c1","local_time":"20180708010805","is_ascension_mode":false,"campfire_choices":[{"data":"Armaments","floor":6,"key":"SMITH"},{"data":"Armaments","floor":8,"key":"SMITH"},{"data":"Perfected Strike","floor":12,"key":"SMITH"},{"data":"1","floor":15,"key":"LIFT"}],"neow_cost":"NONE","seed_source_timestamp":99203028813820,"circlet_count":0,"master_deck":["Strike_R","Strike_R","Strike_R","Strike_R","Strike_R","Defend_R","Defend_R","Defend_R","Bash","Armaments+1","Perfected Strike+1","Armaments+1","Shrug It Off","Shrug It Off","Pommel Strike","Metallicize"],"relics":["Burning Blood","Matryoshka","Girya","Eternal Feather","Strawberry"],"potions_floor_usage":[16,16,16],"damage_taken":[{"damage":5,"enemies":"Small Slimes","floor":1,"turns":4},{"damage":5,"enemies":"Cultist","floor":2,"turns":4},{"damage":6,"enemies":"Jaw Worm","floor":4,"turns":2},{"damage":19,"enemies":"Exordium Thugs","floor":5,"turns":6},{"damage":2,"enemies":"Blue Slaver","floor":7,"turns":5},{"damage":8,"enemies":"3 Louse","floor":11,"turns":4},{"damage":30,"enemies":"Lagavulin","floor":13,"turns":7},{"damage":0,"enemies":"Large Slime","floor":14,"turns":5},{"damage":41,"enemies":"The Guardian","floor":16,"turns":15},{"damage":40,"enemies":"Spheric Guardian","floor":18,"turns":11},{"damage":35,"enemies":"3 Byrds","floor":20,"turns":12},{"damage":38,"enemies":"Centurion and Healer","floor":22,"turns":16}],"seed_played":"-2713297223422479292","potions_obtained":[{"floor":7,"key":"Regen Potion"},{"floor":13,"key":"Explosive Potion"},{"floor":14,"key":"Block Potion"},{"floor":16,"key":"Ancient Potion"}],"is_trial":false,"path_per_floor":["M","M","?","M","M","R","M","R","T","$","M","R","E","M","R","B",null,"M","?","M","$"],"character_chosen":"IRONCLAD","items_purchased":["Metallicize","Strawberry"],"campfire_rested":0,"item_purchase_floors":[21,21],"current_hp_per_floor":[88,88,88,88,75,75,79,79,79,79,77,77,53,59,59,39,88,54,54,25,32,0],"gold":209,"neow_bonus":"TEN_PERCENT_HP_BONUS","is_prod":false,"is_daily":false,"chose_seed":false,"campfire_upgraded":3,"win_rate":0.0,"timestamp":1530979685,"path_taken":["M","M","?","M","M","R","M","R","T","$","?","R","E","M","R","BOSS","M","?","M","$","M"],"build_version":"2018-07-05","purchased_purges":1,"victory":false,"max_hp_per_floor":[88,88,88,88,88,88,88,88,88,88,88,88,88,88,88,88,88,88,88,88,95,95],"card_choices":[{"not_picked":["True Grit","Twin Strike"],"picked":"Armaments","floor":1},{"not_picked":["Headbutt","Warcry"],"picked":"Perfected Strike","floor":2},{"not_picked":["Disarm","Wild Strike"],"picked":"Armaments","floor":4},{"not_picked":["Shockwave","Heavy Blade","Flame Barrier"],"picked":"SKIP","floor":5},{"not_picked":["Body Slam","Clash","True Grit"],"picked":"SKIP","floor":7},{"not_picked":["Dark Embrace","Cleave","Clothesline"],"picked":"SKIP","floor":11},{"not_picked":["Warcry","Corruption"],"picked":"Shrug It Off","floor":13},{"not_picked":["Dropkick","Thunderclap"],"picked":"Shrug It Off","floor":14},{"not_picked":["Cleave","Sword Boomerang+1","Anger"],"picked":"SKIP","floor":18},{"not_picked":["Combust+1","Headbutt","Cleave"],"picked":"SKIP","floor":20}],"player_experience":63723,"relics_obtained":[{"floor":9,"key":"Matryoshka"},{"floor":13,"key":"Girya"}],"event_choices":[{"event_name":"Golden Shrine","player_choice":"Pray","floor":3,"damage_taken":0},{"event_name":"The Library","player_choice":"Read","floor":19,"damage_taken":0}],"boss_relics":[{"not_picked":["Coffee Dripper","Black Star"],"picked":"Eternal Feather"}],"items_purged_floors":[21],"is_endless":false,"potions_floor_spawned":[7,13,14,16],"killed_by":"Centurion and Healer","ascension_level":0}