{"gold_per_floor":[111,111,186,206,217,248,268,279,279,279,279,299,299,314,314,412,412,423,456,476,495,495],"floor_reached":22,"playtime":1042,"items_purged":[],"score":304,"play_id":"9708f345-c717-4a6f-948e-ec5f34d3a6db","local_time":"20190518095449","is_ascension_mode":true,"campfire_choices":[{"data":"Body Slam","floor":10.0,"key":"SMITH"},{"floor":13.0,"key":"REST"},{"data":"Disarm","floor":15.0,"key":"SMITH"}],"neow_cost":"NONE","seed_source_timestamp":0,"circlet_count":0,"master_deck":["AscendersBane","Strike_R","Strike_R","Strike_R","Strike_R","Strike_R","Defend_R","Defend_R","Defend_R","Bash+1","Cleave","Blood for Blood","Flex","Body Slam+1","Pummel","Warcry","Flame Barrier","Disarm+1","Offering","True Grit","Armaments+1","Inflame","Juggernaut"],"special_seed":0,"relics":["Burning Blood","Blood Vial","Pantograph","Sozu","Red Mask"],"potions_floor_usage":[],"damage_taken":[{"damage":2.0,"enemies":"Jaw Worm","floor":1.0,"turns":3.0},{"damage":0.0,"enemies":"2 Louse","floor":4.0,"turns":2.0},{"damage":1.0,"enemies":"Small Slimes","floor":5.0,"turns":3.0},{"damage":45.0,"enemies":"3 Sentries","floor":6.0,"turns":9.0},{"damage":16.0,"enemies":"Exordium Thugs","floor":7.0,"turns":5.0},{"damage":15.0,"enemies":"Lots of Slimes","floor":8.0,"turns":3.0},{"damage":16.0,"enemies":"Blue Slaver","floor":12.0,"turns":4.0},{"damage":6.0,"enemies":"2 Fungi Beasts","floor":14.0,"turns":2.0},{"damage":55.0,"enemies":"Hexaghost","floor":16.0,"turns":12.0},{"damage":33.0,"enemies":"Shell Parasite","floor":18.0,"turns":5.0},{"damage":19.0,"enemies":"Masked Bandits","floor":19.0,"turns":4.0},{"damage":5.0,"enemies":"Chosen","floor":20.0,"turns":6.0},{"damage":24.0,"enemies":"Snake Plant","floor":21.0,"turns":4.0},{"damage":28,"enemies":"Sentry and Sphere","floor":22,"turns":4}],"seed_played":"2799709469987041487","potions_obtained":[{"floor":7.0,"key":"Poison Potion"},{"floor":14.0,"key":"Weak Potion"},{"floor":16.0,"key":"BloodPotion"}],"is_trial":false,"path_per_floor":["M","?","?","M","M","E","M","M","T","R","?","M","R","M","R","B",null,"M","?","M","M","M"],"character_chosen":"IRONCLAD","items_purchased":[],"campfire_rested":1,"item_purchase_floors":[],"current_hp_per_floor":[76,76,65,71,76,37,29,22,22,22,22,14,38,40,40,18,65,48,37,40,24,0],"gold":495,"neow_bonus":"UPGRADE_CARD","is_prod":false,"is_daily":false,"chose_seed":false,"campfire_upgraded":2,"win_rate":0,"timestamp":1558144489,"path_taken":["M","?","?","M","M","E","M","M","T","R","?","M","R","M","R","BOSS","M","?","M","M","M"],"build_version":"2019-01-23","purchased_purges":0,"victory":false,"max_hp_per_floor":[80,80,80,80,80,80,80,80,80,80,80,80,80,80,80,80,80,80,80,80,80,80],"card_choices":[{"not_picked":["Pommel Strike","Clothesline"],"picked":"Cleave","floor":1.0},{"not_picked":["Body Slam","Heavy Blade"],"picked":"Flex","floor":4.0},{"not_picked":["Perfected Strike","Berserk"],"picked":"Body Slam","floor":5.0},{"not_picked":["Fire Breathing","Infernal Blade"],"picked":"Pummel","floor":6.0},{"not_picked":["Sentinel","Wild Strike"],"picked":"Warcry","floor":7.0},{"not_picked":["Perfected Strike","Bloodletting"],"picked":"Flame Barrier","floor":8.0},{"not_picked":["Searing Blow","Havoc"],"picked":"Disarm","floor":12.0},{"not_picked":["Sentinel","Sword Boomerang","Fire Breathing"],"picked":"SKIP","floor":14.0},{"not_picked":["Fiend Fire","Dark Embrace"],"picked":"Offering","floor":16.0},{"not_picked":["Thunderclap","Anger"],"picked":"True Grit","floor":18.0},{"not_picked":["Carnage+1","Flex"],"picked":"Armaments+1","floor":19.0},{"not_picked":["Burning Pact+1","Warcry"],"picked":"Inflame","floor":20.0},{"not_picked":["Thunderclap","Feel No Pain"],"picked":"Juggernaut","floor":21.0}],"player_experience":745598,"relics_obtained":[{"floor":6.0,"key":"Blood Vial"},{"floor":9.0,"key":"Pantograph"},{"floor":19.0,"key":"Red Mask"}],"event_choices":[{"damage_healed":0.0,"max_hp_gain":0.0,"max_hp_loss":0.0,"gold_gain":0.0,"cards_transformed":["Defend_R"],"event_name":"Living Wall","player_choice":"Change","floor":2.0,"gold_loss":0.0,"damage_taken":0.0,"cards_obtained":["Blood for Blood"]},{"damage_healed":0.0,"max_hp_gain":0.0,"max_hp_loss":0.0,"gold_gain":75.0,"event_name":"World of Goop","player_choice":"Gather Gold","floor":3.0,"gold_loss":0.0,"damage_taken":11.0},{"damage_healed":0.0,"max_hp_gain":0.0,"max_hp_loss":0.0,"gold_gain":0.0,"event_name":"Dead Adventurer","player_choice":"Searched \u00271\u0027 times","floor":11.0,"gold_loss":0.0,"damage_taken":0.0},{"damage_healed":0.0,"max_hp_gain":0.0,"max_hp_loss":0.0,"gold_gain":0.0,"event_name":"Masked Bandits","player_choice":"Fought Bandits","floor":19.0,"gold_loss":0.0,"damage_taken":0.0}],"is_beta":false,"boss_relics":[{"not_picked":["Runic Dome","Black Star"],"picked":"Sozu"}],"items_purged_floors":[],"is_endless":false,"potions_floor_spawned":[7,14,16,18,20,21],"killed_by":"Sentry and Sphere","ascension_level":12}