{"gold_per_floor":[109,33,44,59,41,69,69,95,95,17,32,52,65,65,65,163,163,175,194,194,207,55,55],"floor_reached":23,"playtime":2357,"items_purged":[],"score":226,"play_id":"5e22f87b-0289-41f0-8105-522725551f10","local_time":"20190513222840","is_ascension_mode":true,"campfire_choices":[{"floor":7,"key":"REST"},{"floor":15,"key":"REST"}],"neow_cost":"NONE","seed_source_timestamp":1024527888480960,"circlet_count":0,"master_deck":["Defend_G+1","Defend_G+1","Defend_G+1","Defend_G+1","Defend_G+1","Strike_G+1","Strike_G+1","Strike_G+1","Strike_G+1","Strike_G+1","Survivor","Neutralize","Dagger Spray","Footwork","Backstab","Bouncing Flask","Deadly Poison","Setup","Well Laid Plans","Glass Knife","Footwork","Noxious Fumes","Burst","Blade Dance+1","Dash","Backflip","Finisher","Well Laid Plans"],"relics":["Ring of the Snake","Regal Pillow","The Specimen","Nunchaku","Philosopher\u0027s Stone"],"potions_floor_usage":[16,21,23,23,23,23,23,23],"damage_taken":[{"damage":6,"enemies":"Cultist","floor":1,"turns":4},{"damage":0,"enemies":"Small Slimes","floor":3,"turns":2},{"damage":0,"enemies":"Jaw Worm","floor":4,"turns":6},{"damage":19,"enemies":"Exordium Thugs","floor":5,"turns":4},{"damage":17,"enemies":"Gremlin Nob","floor":6,"turns":5},{"damage":15,"enemies":"Lagavulin","floor":8,"turns":8},{"damage":17,"enemies":"Looter","floor":11,"turns":4},{"damage":7,"enemies":"Blue Slaver","floor":12,"turns":3},{"damage":7,"enemies":"Exordium Thugs","floor":13,"turns":4},{"damage":31,"enemies":"Hexaghost","floor":16,"turns":8},{"damage":22,"enemies":"Shell Parasite","floor":18,"turns":6},{"damage":14,"enemies":"Spheric Guardian","floor":19,"turns":5},{"damage":16,"enemies":"Centurion and Healer","floor":21,"turns":5},{"damage":23,"enemies":"Gremlin Leader","floor":23,"turns":4}],"seed_played":"3086639774712150447","potions_obtained":[{"floor":8,"key":"SteroidPotion"},{"floor":11,"key":"EntropicBrew"},{"floor":12,"key":"SkillPotion"},{"floor":16,"key":"Poison Potion"},{"floor":21,"key":"Energy Potion"}],"is_trial":false,"path_per_floor":["M","$","M","M","M","E","R","E","T","$","M","M","M","?","R","B",null,"M","M","?","M","$","E"],"character_chosen":"THE_SILENT","items_purchased":["Footwork","Well Laid Plans","Finisher","Well Laid Plans"],"campfire_rested":2,"item_purchase_floors":[2,10,22,22],"current_hp_per_floor":[64,64,64,64,45,28,64,49,49,49,32,25,18,18,54,23,70,48,34,34,18,18,0],"gold":55,"neow_bonus":"RANDOM_COMMON_RELIC","is_prod":false,"is_daily":false,"chose_seed":false,"campfire_upgraded":0,"win_rate":0,"timestamp":1557800920,"path_taken":["M","$","M","M","?","E","R","E","T","$","M","M","M","?","R","BOSS","M","M","?","M","?","E"],"build_version":"2019-01-23","purchased_purges":0,"victory":false,"max_hp_per_floor":[70,70,70,70,70,70,70,70,70,70,70,70,70,70,70,70,70,70,70,70,70,70,70],"card_choices":[{"not_picked":["Escape Plan","Calculated Gamble"],"picked":"Dagger Spray","floor":1},{"not_picked":["Crippling Poison","Dagger Throw"],"picked":"Backstab","floor":3},{"not_picked":["Underhanded Strike","Endless Agony"],"picked":"Bouncing Flask","floor":4},{"not_picked":["Dagger Spray","Dagger Throw","Quick Slash"],"picked":"SKIP","floor":5},{"not_picked":["Backflip","Skewer"],"picked":"Deadly Poison","floor":6},{"not_picked":["Slice","Outmaneuver"],"picked":"Setup","floor":8},{"not_picked":["Bouncing Flask","Infinite Blades"],"picked":"Glass Knife","floor":11},{"not_picked":["Dagger Spray","Prepared"],"picked":"Footwork","floor":12},{"not_picked":["Quick Slash","Flechettes"],"picked":"Noxious Fumes","floor":13},{"not_picked":["Bullet Time","Unload"],"picked":"Burst","floor":16},{"not_picked":["Bane","Sucker Punch"],"picked":"Blade Dance+1","floor":18},{"not_picked":["Dagger Spray","Quick Slash+1"],"picked":"Dash","floor":19},{"not_picked":["All Out Attack","Blade Dance"],"picked":"Backflip","floor":21}],"player_experience":244172,"relics_obtained":[{"floor":6,"key":"The Specimen"},{"floor":8,"key":"Nunchaku"}],"event_choices":[{"damage_healed":0,"gold_gain":0,"player_choice":"Searched \u00270\u0027 times","damage_taken":0,"max_hp_gain":0,"max_hp_loss":0,"event_name":"Dead Adventurer","floor":14,"gold_loss":0},{"damage_healed":0,"gold_gain":0,"player_choice":"Simplicity","damage_taken":0,"max_hp_gain":0,"max_hp_loss":0,"event_name":"Back to Basics","floor":20,"gold_loss":0,"cards_upgraded":["Defend_G","Defend_G","Defend_G","Defend_G","Defend_G","Strike_G","Strike_G","Strike_G","Strike_G","Strike_G"]}],"is_beta":false,"boss_relics":[{"not_picked":["White Beast Statue","Tiny House"],"picked":"Philosopher\u0027s Stone"}],"items_purged_floors":[],"is_endless":false,"potions_floor_spawned":[8,11,12,16,21],"killed_by":"Gremlin Leader","ascension_level":2}