{"gold_per_floor":[113,132,15,15,27,27,38,38,91,91,109,119,135,164,164,164],"floor_reached":16,"playtime":779,"items_purged":[],"score":120,"play_id":"429b488f-a0a8-406f-b110-a289a3fbf101","local_time":"20180912050010","is_ascension_mode":true,"campfire_choices":[{"data":"Survivor","floor":6,"key":"SMITH"},{"data":"Neutralize","floor":8,"key":"SMITH"},{"data":"Noxious Fumes","floor":10,"key":"SMITH"},{"floor":15,"key":"REST"}],"neow_cost":"","seed_source_timestamp":2022156968515618,"circlet_count":0,"master_deck":["Defend_G","Defend_G","Defend_G","Defend_G","Defend_G","Strike_G","Strike_G","Strike_G","Strike_G","Strike_G","Survivor+1","Neutralize+1","Dagger Spray","Noxious Fumes+1","Escape Plan","Catalyst","Quick Slash","Distraction","Cloak And Dagger","Bane","Deflect"],"relics":["Ring of the Snake","Art of War","Omamori"],"potions_floor_usage":[11,12,14],"damage_taken":[{"damage":0,"enemies":"2 Louse","floor":1,"turns":2},{"damage":0,"enemies":"Small Slimes","floor":2,"turns":4},{"damage":0,"enemies":"Jaw Worm","floor":5,"turns":4},{"damage":0,"enemies":"3 Louse","floor":7,"turns":4},{"damage":16,"enemies":"Large Slime","floor":11,"turns":6},{"damage":0,"enemies":"Red Slaver","floor":12,"turns":3},{"damage":18,"enemies":"Lots of Slimes","floor":13,"turns":5},{"damage":17,"enemies":"Gremlin Nob","floor":14,"turns":4},{"damage":43,"enemies":"Hexaghost","floor":16,"turns":12}],"seed_played":"-7442297630051602489","potions_obtained":[{"floor":7,"key":"GamblersBrew"},{"floor":11,"key":"Poison Potion"},{"floor":12,"key":"FearPotion"}],"is_trial":false,"path_per_floor":["M","M","$","?","M","R","M","R","T","R","M","M","M","E","R"],"character_chosen":"THE_SILENT","items_purchased":["Noxious Fumes","Escape Plan"],"campfire_rested":1,"item_purchase_floors":[3,3],"current_hp_per_floor":[70,70,70,70,70,70,70,70,70,70,54,54,36,19,40,0],"gold":164,"neow_bonus":"","is_prod":false,"is_daily":false,"chose_seed":false,"campfire_upgraded":3,"win_rate":0,"timestamp":1536696010,"path_taken":["M","M","$","?","M","R","M","R","T","R","M","M","M","E","R","BOSS"],"build_version":"2018-09-06","purchased_purges":0,"victory":false,"max_hp_per_floor":[70,70,70,70,70,70,70,70,70,70,70,70,70,70,70,70],"card_choices":[{"not_picked":["Calculated Gamble","Outmaneuver"],"picked":"Dagger Spray","floor":1},{"not_picked":["Expertise","Outmaneuver","Choke"],"picked":"SKIP","floor":2},{"not_picked":["Outmaneuver","Skewer"],"picked":"Catalyst","floor":5},{"not_picked":["Dodge and Roll","Dagger Spray"],"picked":"Quick Slash","floor":7},{"not_picked":["Prepared","Dagger Spray"],"picked":"Distraction","floor":11},{"not_picked":["Accuracy","Deflect"],"picked":"Cloak And Dagger","floor":12},{"not_picked":["Flechettes","Blade Dance"],"picked":"Bane","floor":13},{"not_picked":["Dodge and Roll","Blade Dance"],"picked":"Deflect","floor":14}],"player_experience":248600,"relics_obtained":[{"floor":9,"key":"Art of War"},{"floor":14,"key":"Omamori"}],"event_choices":[{"event_name":"The Cleric","player_choice":"Leave","floor":4,"damage_taken":0}],"is_beta":false,"boss_relics":[],"items_purged_floors":[],"is_endless":false,"potions_floor_spawned":[7,11,12],"killed_by":"Hexaghost","ascension_level":3}