{"gold_per_floor":[116,116,129,129,304,330,342,252,299,324,324,344,344,358,358,358],"floor_reached":16,"playtime":702,"items_purged":["Doubt"],"score":168,"play_id":"6c036def-6b3e-415d-a960-26e9a7d6d364","local_time":"20181003013519","is_ascension_mode":true,"campfire_choices":[{"data":"Finisher","floor":7,"key":"SMITH"},{"floor":11,"key":"REST"},{"data":"Blade Dance","floor":15,"key":"SMITH"}],"neow_cost":"","seed_source_timestamp":1452064887044943,"circlet_count":0,"master_deck":["Defend_G","Defend_G","Defend_G","Defend_G","Defend_G","Strike_G+1","Strike_G","Strike_G","Strike_G","Strike_G","Survivor","Neutralize+1","Dagger Spray+1","Finisher+1","Backflip","Blade Dance","Deflect","Blade Dance+1"],"relics":["Ring of the Snake","MawBank","Centennial Puzzle","Sundial","Odd Mushroom"],"potions_floor_usage":[10,13,16],"damage_taken":[{"damage":2,"enemies":"2 Louse","floor":1,"turns":3},{"damage":0,"enemies":"Jaw Worm","floor":3,"turns":4},{"damage":19,"enemies":"3 Sentries","floor":6,"turns":10},{"damage":10,"enemies":"Gremlin Nob","floor":10,"turns":4},{"damage":10,"enemies":"The Mushroom Lair","floor":12,"turns":3},{"damage":0,"enemies":"Lagavulin","floor":13,"turns":2},{"damage":0,"enemies":"Small Slimes","floor":14,"turns":2},{"damage":20,"enemies":"Hexaghost","floor":16,"turns":9}],"seed_played":"116552641299036545","potions_obtained":[{"floor":6,"key":"Explosive Potion"},{"floor":12,"key":"SmokeBomb"},{"floor":14,"key":"GamblersBrew"}],"is_trial":false,"path_per_floor":["M","?","M","?","?","E","R","$","T","E","R","?","E","M","R"],"character_chosen":"THE_SILENT","items_purchased":["Backflip"],"campfire_rested":1,"item_purchase_floors":[8],"current_hp_per_floor":[61,47,47,47,47,28,28,28,28,18,39,29,29,29,29,9],"gold":358,"neow_bonus":"","is_prod":false,"is_daily":false,"chose_seed":false,"campfire_upgraded":2,"win_rate":0,"timestamp":1538498119,"path_taken":["M","?","M","?","?","E","R","$","T","E","R","?","E","?","R","BOSS"],"build_version":"2018-09-27","purchased_purges":1,"victory":false,"max_hp_per_floor":[70,70,70,70,70,70,70,70,70,70,70,70,70,70,70,70],"card_choices":[{"not_picked":["Acrobatics","Finisher","Masterful Stab"],"picked":"SKIP","floor":1},{"not_picked":["Backflip","Acrobatics"],"picked":"Dagger Spray","floor":3},{"not_picked":["Dagger Spray","Underhanded Strike"],"picked":"Finisher","floor":6},{"not_picked":["Terror","Acrobatics"],"picked":"Blade Dance","floor":10},{"not_picked":["Backflip","Endless Agony"],"picked":"Deflect","floor":12},{"not_picked":["Prepared","Quick Slash"],"picked":"Blade Dance","floor":14}],"player_experience":355177,"relics_obtained":[{"floor":6,"key":"MawBank"},{"floor":9,"key":"Centennial Puzzle"},{"floor":10,"key":"Sundial"},{"floor":12,"key":"Odd Mushroom"}],"event_choices":[{"event_name":"Shining Light","player_choice":"Entered Light","floor":2,"damage_taken":0},{"event_name":"Living Wall","player_choice":"Grow","floor":4,"damage_taken":0},{"event_name":"Liars Game","player_choice":"agreed","floor":5,"damage_taken":0},{"event_name":"Mushrooms","player_choice":"Fought Mushrooms","floor":12,"damage_taken":0}],"is_beta":false,"boss_relics":[],"items_purged_floors":[8],"is_endless":false,"potions_floor_spawned":[6,12,14],"killed_by":"Hexaghost","ascension_level":9}