{"gold_per_floor":[116,136,136,155,170,170,181,181,181,195,195,208,16,49,49,148,148,158,144,144,69,69],"floor_reached":22,"playtime":593,"items_purged":[],"score":188,"play_id":"db8080e1-854b-47a7-9d6b-2ab0c03a69db","local_time":"20190517224503","is_ascension_mode":false,"campfire_choices":[{"data":"Streamline","floor":6,"key":"SMITH"},{"floor":11,"key":"REST"},{"floor":15,"key":"REST"}],"neow_cost":"NONE","seed_source_timestamp":2777877333438925,"circlet_count":0,"master_deck":["Strike_B","Defend_B","Defend_B","Defend_B","Defend_B","Zap","Dualcast","Streamline+1","Storm","Amplify","Meteor Strike","Self Repair","Sweeping Beam","White Noise","Echo Form","Stack","FTL+1","Genetic Algorithm","Gash"],"relics":["Cracked Core","NeowsBlessing","Matryoshka","Runic Capacitor","Mummified Hand","Eternal Feather"],"potions_floor_usage":[14,14,16],"damage_taken":[{"damage":0,"enemies":"Small Slimes","floor":1,"turns":1},{"damage":0,"enemies":"Cultist","floor":2,"turns":1},{"damage":0,"enemies":"2 Louse","floor":4,"turns":1},{"damage":8,"enemies":"Red Slaver","floor":5,"turns":3},{"damage":9,"enemies":"Blue Slaver","floor":7,"turns":3},{"damage":40,"enemies":"Exordium Wildlife","floor":10,"turns":6},{"damage":28,"enemies":"Exordium Thugs","floor":12,"turns":6},{"damage":26,"enemies":"Lagavulin","floor":14,"turns":5},{"damage":45,"enemies":"The Guardian","floor":16,"turns":10},{"damage":19,"enemies":"Chosen","floor":18,"turns":5},{"damage":37,"enemies":"2 Thieves","floor":19,"turns":4},{"damage":40,"enemies":"3 Cultists","floor":22,"turns":3}],"seed_played":"-4686787121763397544","potions_obtained":[{"floor":2,"key":"Regen Potion"},{"floor":4,"key":"AttackPotion"},{"floor":14,"key":"GamblersBrew"},{"floor":16,"key":"Explosive Potion"},{"floor":19,"key":"Ancient Potion"}],"is_trial":false,"path_per_floor":["M","M","?","M","M","R","M","?","T","M","R","M","$","E","R","B",null,"M","M","?","?","M"],"character_chosen":"DEFECT","items_purchased":["Runic Capacitor"],"campfire_rested":2,"item_purchase_floors":[13],"current_hp_per_floor":[75,75,75,75,67,67,58,58,58,32,54,33,33,28,50,12,75,63,33,33,33,0],"gold":69,"neow_bonus":"THREE_ENEMY_KILL","is_prod":false,"is_daily":false,"chose_seed":false,"campfire_upgraded":1,"win_rate":0,"timestamp":1558089903,"path_taken":["M","M","?","M","M","R","?","?","T","M","R","M","$","E","R","BOSS","M","M","?","?","M"],"build_version":"2019-01-23","purchased_purges":0,"victory":false,"max_hp_per_floor":[75,75,75,75,75,75,75,75,75,75,75,75,75,75,75,75,75,75,75,75,75,75],"card_choices":[{"not_picked":["Coolheaded","Cold Snap"],"picked":"Streamline","floor":1},{"not_picked":["Streamline","Barrage"],"picked":"Storm","floor":2},{"not_picked":["Aggregate","Beam Cell","Force Field"],"picked":"SKIP","floor":4},{"not_picked":["Cold Snap","Storm"],"picked":"Meteor Strike","floor":5},{"not_picked":["Gash","Steam"],"picked":"Self Repair","floor":7},{"not_picked":["Skim","Barrage"],"picked":"Sweeping Beam","floor":10},{"not_picked":["Barrage","Recycle","Melter"],"picked":"SKIP","floor":12},{"not_picked":["Genetic Algorithm","Hello World"],"picked":"White Noise","floor":14},{"not_picked":["Amplify","Buffer"],"picked":"Echo Form","floor":16},{"not_picked":["Steam","Ball Lightning"],"picked":"Stack","floor":18},{"not_picked":["Hologram","Rebound"],"picked":"FTL+1","floor":19}],"player_experience":290681,"relics_obtained":[{"floor":9,"key":"Matryoshka"},{"floor":14,"key":"Mummified Hand"}],"event_choices":[{"damage_healed":0,"gold_gain":0,"player_choice":"1 cards matched","damage_taken":0,"max_hp_gain":0,"max_hp_loss":0,"event_name":"Match and Keep!","floor":3,"gold_loss":0,"cards_obtained":["Amplify"]},{"damage_healed":0,"gold_gain":0,"player_choice":"Bought 0 Potions","damage_taken":0,"max_hp_gain":0,"max_hp_loss":0,"event_name":"The Woman in Blue","floor":8,"gold_loss":0},{"damage_healed":0,"gold_gain":0,"cards_transformed":["Strike_B","Strike_B"],"player_choice":"Became Test Subject","damage_taken":0,"max_hp_gain":0,"max_hp_loss":0,"event_name":"Drug Dealer","floor":20,"gold_loss":0,"cards_obtained":["Genetic Algorithm","Gash"]},{"cards_removed":["Strike_B"],"damage_healed":0,"gold_gain":0,"player_choice":"Gave Gold","damage_taken":0,"max_hp_gain":0,"max_hp_loss":0,"event_name":"Beggar","floor":21,"gold_loss":75}],"is_beta":false,"boss_relics":[{"not_picked":["Lizard Tail","Tiny House"],"picked":"Eternal Feather"}],"items_purged_floors":[],"is_endless":false,"potions_floor_spawned":[2,4,14,16,19],"killed_by":"3 Cultists","ascension_level":0}