{"gold_per_floor":[115,132,407,259,259,259,259,288,363,363,363,40,102,130,130,227,227,240,259,259,358,368,368,399,399,399,414,390,400,400,414,414,517,517,528,539,172,182,133,133,165,165,165,177,177,189,200,0,0,0],"floor_reached":51,"playtime":3657,"items_purged":["Regret","Regret","Distraction"],"score":898,"play_id":"41c825e2-a450-4495-b621-de9c74eafb4b","local_time":"20180920202519","is_ascension_mode":true,"campfire_choices":[{"data":"Noxious Fumes","floor":6,"key":"SMITH"},{"data":"Footwork","floor":10,"key":"SMITH"},{"floor":15,"key":"REST"},{"data":"Noxious Fumes","floor":23,"key":"SMITH"},{"floor":25,"key":"REST"},{"data":"Adrenaline","floor":30,"key":"SMITH"},{"floor":32,"key":"REST"},{"data":"A Thousand Cuts","floor":40,"key":"SMITH"},{"data":"Bullet Time","floor":42,"key":"SMITH"},{"data":"Envenom","floor":49,"key":"SMITH"}],"neow_cost":"NONE","seed_source_timestamp":393713509334881,"circlet_count":0,"master_deck":["Survivor","Neutralize+1","Noxious Fumes+1","Backflip","Footwork+1","Bullet Time+1","Dagger Spray+1","Tools of the Trade","Adrenaline+1","Bane+1","Deflect","Backflip","Dagger Spray+1","Quick Slash+1","Bane+1","Noxious Fumes+1","Well Laid Plans","Cloak And Dagger","Deadly Poison","Dodge and Roll+1","Bouncing Flask+1","PiercingWail+1","Catalyst+1","Backflip+1","A Thousand Cuts+1","Poisoned Stab+1","PiercingWail+1","Catalyst+1","Poisoned Stab+1","Normality","Backflip+1","Envenom+1"],"relics":["Ring of the Snake","The Specimen","Molten Egg 2","Letter Opener","Happy Flower","Question Card","Pantograph","Pandora\u0027s Box","Toxic Egg 2","Calipers","Cursed Key","Matryoshka","Blue Candle","Omamori","Mercury Hourglass","Ginger","Red Mask"],"potions_floor_usage":[8,13,19,22,24,41,45,50],"damage_taken":[{"damage":3,"enemies":"2 Louse","floor":1,"turns":3},{"damage":0,"enemies":"Cultist","floor":2,"turns":5},{"damage":21,"enemies":"3 Sentries","floor":8,"turns":8},{"damage":16,"enemies":"Gremlin Nob","floor":13,"turns":4},{"damage":21,"enemies":"Lagavulin","floor":14,"turns":7},{"damage":10,"enemies":"Slime Boss","floor":16,"turns":11},{"damage":1,"enemies":"Shell Parasite","floor":18,"turns":4},{"damage":0,"enemies":"Spheric Guardian","floor":19,"turns":4},{"damage":31,"enemies":"Shelled Parasite and Fungi","floor":22,"turns":5},{"damage":6,"enemies":"Gremlin Leader","floor":24,"turns":5},{"damage":2,"enemies":"Snecko","floor":27,"turns":4},{"damage":2,"enemies":"Chosen and Byrds","floor":29,"turns":4},{"damage":11,"enemies":"Snake Plant","floor":31,"turns":4},{"damage":16,"enemies":"Automaton","floor":33,"turns":7},{"damage":3,"enemies":"Orb Walker","floor":35,"turns":4},{"damage":13,"enemies":"3 Darklings","floor":36,"turns":4},{"damage":0,"enemies":"Sphere and 2 Shapes","floor":38,"turns":3},{"damage":10,"enemies":"2 Orb Walkers","floor":41,"turns":4},{"damage":1,"enemies":"Maw","floor":44,"turns":4},{"damage":0,"enemies":"Mind Bloom Boss Battle","floor":45,"turns":4},{"damage":0,"enemies":"Transient","floor":46,"turns":5},{"damage":0,"enemies":"3 Darklings","floor":47,"turns":3},{"damage":13,"enemies":"Donu and Deca","floor":50,"turns":6}],"seed_played":"6905790038542664993","potions_obtained":[{"floor":1,"key":"SpeedPotion"},{"floor":8,"key":"SteroidPotion"},{"floor":16,"key":"Ancient Potion"},{"floor":18,"key":"SteroidPotion"},{"floor":19,"key":"Dexterity Potion"},{"floor":22,"key":"Fire Potion"},{"floor":29,"key":"Dexterity Potion"},{"floor":38,"key":"Regen Potion"},{"floor":41,"key":"Fire Potion"},{"floor":46,"key":"GhostInAJar"},{"floor":47,"key":"Block Potion"}],"is_trial":false,"path_per_floor":["M","M","?","$","?","R","?","E","T","R","?","$","?","E","R","B",null,"M","M","?","?","M","R","E","R","T","M","$","M","R","M","R","B",null,"M","M","$","M","$","R","E","R","T","M","?","M","M","?","R","B"],"character_chosen":"THE_SILENT","items_purchased":["Footwork","Bullet Time","Happy Flower","PiercingWail+1","Matryoshka","Poisoned Stab+1"],"campfire_rested":3,"item_purchase_floors":[4,12,12,28,37,39],"current_hp_per_floor":[67,67,67,67,60,60,60,39,39,39,39,39,23,2,23,38,62,61,61,61,61,30,30,24,45,45,43,43,41,41,30,51,54,66,63,50,50,50,50,50,54,54,54,53,70,70,70,70,70,57],"gold":0,"neow_bonus":"UPGRADE_CARD","is_prod":false,"is_daily":false,"chose_seed":false,"campfire_upgraded":7,"win_rate":0,"timestamp":1537442719,"path_taken":["M","M","?","$","?","R","?","E","T","R","?","$","?","E","R","BOSS","M","M","?","?","?","R","E","R","T","M","$","M","R","M","R","BOSS","M","M","$","M","$","R","E","R","T","?","?","M","?","?","R","BOSS"],"build_version":"2018-09-06","purchased_purges":3,"victory":true,"max_hp_per_floor":[70,70,70,70,70,70,70,70,70,70,70,70,70,70,70,70,70,70,70,70,70,70,70,70,70,70,70,70,70,70,70,70,70,70,70,70,70,70,70,70,70,70,70,70,70,70,70,70,70,70],"card_choices":[{"not_picked":["Riddle With Holes","Caltrops"],"picked":"Noxious Fumes","floor":1},{"not_picked":["Dagger Throw","Dash"],"picked":"Backflip","floor":2},{"not_picked":["Dodge and Roll","Accuracy","Reflex"],"picked":"SKIP","floor":8},{"not_picked":["Choke+1","Dagger Throw+1"],"picked":"Dagger Spray+1","floor":13},{"not_picked":["Backstab+1","Catalyst","Backflip"],"picked":"Tools of the Trade","floor":14},{"not_picked":["Venomology","Night Terror","Storm of Steel"],"picked":"Adrenaline","floor":16},{"not_picked":["Dash+1","Flying Knee+1","Acrobatics"],"picked":"Well Laid Plans","floor":18},{"not_picked":["Masterful Stab+1","Distraction","Catalyst+1"],"picked":"Cloak And Dagger","floor":19},{"not_picked":["Outmaneuver+1","Dagger Spray+1","Prepared"],"picked":"Deadly Poison","floor":22},{"not_picked":["Footwork","Heel Hook+1","Tools of the Trade"],"picked":"Dodge and Roll+1","floor":24},{"not_picked":["Skewer+1","Quick Slash+1","Prepared+1"],"picked":"Bouncing Flask+1","floor":27},{"not_picked":["Caltrops+1","Acrobatics+1","Dagger Spray+1"],"picked":"Catalyst+1","floor":29},{"not_picked":["Poisoned Stab+1","Reflex+1","Accuracy+1"],"picked":"Backflip+1","floor":31},{"not_picked":["Corpse Explosion+1","Storm of Steel+1","Tools of the Trade"],"picked":"A Thousand Cuts","floor":33},{"not_picked":["Backstab+1","Dash+1","Deflect+1"],"picked":"Poisoned Stab+1","floor":35},{"not_picked":["Blur+1","Bouncing Flask+1","Eviscerate+1"],"picked":"PiercingWail+1","floor":36},{"not_picked":["Quick Slash+1","Calculated Gamble+1","Blade Dance+1"],"picked":"Catalyst+1","floor":38},{"not_picked":["Backstab+1","Storm of Steel+1","Well Laid Plans","Reflex+1"],"picked":"SKIP","floor":41},{"not_picked":["Dodge and Roll+1","Outmaneuver+1","Leg Sweep+1"],"picked":"Backflip+1","floor":44},{"not_picked":["Dagger Spray+1","Poisoned Stab+1","Quick Slash+1"],"picked":"Envenom","floor":46},{"not_picked":["Blade Dance+1","Acrobatics+1","Dodge and Roll+1","Underhanded Strike+1"],"picked":"SKIP","floor":47}],"player_experience":298455,"relics_obtained":[{"floor":8,"key":"The Specimen"},{"floor":9,"key":"Molten Egg 2"},{"floor":13,"key":"Question Card"},{"floor":14,"key":"Pantograph"},{"floor":24,"key":"Toxic Egg 2"},{"floor":26,"key":"Calipers"},{"floor":41,"key":"Blue Candle"},{"floor":43,"key":"Omamori"},{"floor":43,"key":"Mercury Hourglass"},{"floor":45,"key":"Ginger"}],"event_choices":[{"event_name":"Golden Shrine","player_choice":"Desecrate","floor":3,"damage_taken":0},{"event_name":"Golden Wing","player_choice":"Card Removal","floor":5,"damage_taken":0},{"event_name":"Match and Keep!","player_choice":"0 cards matched","floor":7,"damage_taken":0},{"event_name":"Big Fish","player_choice":"Box","floor":11,"damage_taken":0},{"event_name":"Dead Adventurer","player_choice":"Searched \u00272\u0027 times","floor":13,"damage_taken":0},{"event_name":"Purifier","player_choice":"One Purge","floor":20,"damage_taken":0},{"event_name":"Nest","player_choice":"Stole From Cult","floor":21,"damage_taken":0},{"event_name":"MindBloom","player_choice":"Fight","floor":45,"damage_taken":0},{"event_name":"Tomb of Lord Red Mask","player_choice":"Paid","floor":48,"damage_taken":0}],"is_beta":false,"boss_relics":[{"not_picked":["Calling Bell","Ectoplasm"],"picked":"Pandora\u0027s Box"},{"not_picked":["WristBlade","Fusion Hammer"],"picked":"Cursed Key"}],"items_purged_floors":[4,12,37],"is_endless":false,"potions_floor_spawned":[1,8,16,18,19,22,29,38,41,46,47],"ascension_level":5}