{"gold_per_floor":[110,285,210,227,227,227,240,270,270,270,345,27,37,51,51,151,151],"floor_reached":17,"playtime":622,"items_purged":["Doubt","Strike_B"],"score":155,"play_id":"c1a099af-41bf-4b84-8fe7-308b21c14512","local_time":"20181209102849","is_ascension_mode":false,"campfire_choices":[{"data":"Streamline","floor":6,"key":"SMITH"},{"data":"Beam Cell","floor":10,"key":"SMITH"},{"data":"Hologram","floor":15,"key":"SMITH"}],"neow_cost":"NONE","seed_source_timestamp":2099111974378115,"circlet_count":0,"master_deck":["Strike_B","Strike_B","Defend_B","Defend_B","Defend_B","Defend_B","Zap","Dualcast","Beam Cell+1","Streamline+1","Leap","Auto Shields","Gash","Secret Weapon","Sweeping Beam","Hologram+1","Buffer"],"relics":["Runic Pyramid","Kunai"],"potions_floor_usage":[],"damage_taken":[{"damage":6,"enemies":"Jaw Worm","floor":1,"turns":4},{"damage":2,"enemies":"Small Slimes","floor":4,"turns":3},{"damage":0,"enemies":"Cultist","floor":7,"turns":2},{"damage":4,"enemies":"Lagavulin","floor":8,"turns":5},{"damage":0,"enemies":"Lots of Slimes","floor":13,"turns":5},{"damage":0,"enemies":"Exordium Thugs","floor":14,"turns":3},{"damage":6,"enemies":"The Guardian","floor":16,"turns":9}],"seed_played":"-1305759991025849569","potions_obtained":[{"floor":1,"key":"FairyPotion"},{"floor":4,"key":"EssenceOfSteel"},{"floor":16,"key":"Regen Potion"}],"is_trial":false,"path_per_floor":["M","?","$","M","?","R","M","E","T","R","?","$","M","M","R","B",null],"character_chosen":"DEFECT","items_purchased":["Gash","Secret Weapon"],"campfire_rested":0,"item_purchase_floors":[12,12],"current_hp_per_floor":[69,69,69,67,60,60,60,56,56,56,45,45,45,45,45,39,39],"gold":151,"neow_bonus":"BOSS_RELIC","is_prod":false,"is_daily":false,"chose_seed":false,"campfire_upgraded":3,"win_rate":0,"timestamp":1544318929,"path_taken":["M","?","$","M","?","R","M","E","T","R","?","$","M","M","R","BOSS"],"build_version":"2018-12-06","purchased_purges":2,"victory":false,"max_hp_per_floor":[75,75,75,75,75,75,75,75,75,75,75,75,75,75,75,75,75],"card_choices":[{"not_picked":["Loop","Sweeping Beam"],"picked":"Beam Cell","floor":1},{"not_picked":["Barrage","Double Energy"],"picked":"Streamline","floor":4},{"not_picked":["Barrage","Cold Snap"],"picked":"Leap","floor":7},{"not_picked":["Redo","White Noise"],"picked":"Auto Shields","floor":8},{"not_picked":["Tempest","Turbo"],"picked":"Sweeping Beam","floor":13},{"not_picked":["Self Repair","Steam"],"picked":"Hologram","floor":14},{"not_picked":["Electrodynamics","Biased Cognition"],"picked":"Buffer","floor":16}],"player_experience":537223,"relics_obtained":[{"floor":8,"key":"Kunai"}],"event_choices":[{"damage_healed":0,"gold_gain":175,"player_choice":"AGREE","damage_taken":0,"max_hp_gain":0,"max_hp_loss":0,"event_name":"Liars Game","floor":2,"gold_loss":0,"cards_obtained":["Doubt"]},{"cards_removed":["Strike_B"],"damage_healed":0,"gold_gain":0,"player_choice":"Card Removal","damage_taken":7,"max_hp_gain":0,"max_hp_loss":0,"event_name":"Golden Wing","floor":5,"gold_loss":0},{"damage_healed":0,"gold_gain":75,"player_choice":"Gather Gold","damage_taken":11,"max_hp_gain":0,"max_hp_loss":0,"event_name":"World of Goop","floor":11,"gold_loss":0}],"is_beta":false,"boss_relics":[],"items_purged_floors":[3,12],"is_endless":false,"potions_floor_spawned":[1,4,16],"ascension_level":0}