{"gold_per_floor":[114,114,114,129,139,21,21,40,40,40,68,20,53,67,67,67],"floor_reached":16,"playtime":838,"items_purged":[],"score":121,"play_id":"4aba0301-a751-4606-b3c5-bfd4b7f0ac04","local_time":"20180830222310","is_ascension_mode":true,"campfire_choices":[{"data":"Juggernaut","floor":7,"key":"SMITH"},{"data":"Shrug It Off","floor":10,"key":"SMITH"},{"floor":15,"key":"REST"}],"neow_cost":"TEN_PERCENT_HP_LOSS","seed_source_timestamp":961479944710149,"circlet_count":0,"master_deck":["Strike_R","Strike_R","Strike_R","Strike_R","Strike_R","Defend_R","Defend_R","Defend_R","Defend_R","Juggernaut+1","Bash","Wild Strike","Shrug It Off+1","Evolve","Reckless Charge","Whirlwind","Warcry","Reckless Charge","Rage"],"relics":["Burning Blood","Calipers","Gremlin Horn","Dodecahedron","Matryoshka"],"potions_floor_usage":[5,11],"damage_taken":[{"damage":14,"enemies":"Jaw Worm","floor":1,"turns":5},{"damage":10,"enemies":"Cultist","floor":4,"turns":4},{"damage":9,"enemies":"2 Louse","floor":5,"turns":4},{"damage":9,"enemies":"Exordium Wildlife","floor":8,"turns":4},{"damage":17,"enemies":"Gremlin Nob","floor":11,"turns":4},{"damage":27,"enemies":"Lagavulin","floor":13,"turns":8},{"damage":11,"enemies":"Red Slaver","floor":14,"turns":4},{"damage":45,"enemies":"The Guardian","floor":16,"turns":9}],"seed_played":"138151957774595962","potions_obtained":[{"floor":1,"key":"Regen Potion"},{"floor":8,"key":"Energy Potion"},{"floor":14,"key":"SteroidPotion"}],"is_trial":false,"path_per_floor":["M","?","?","M","M","$","R","M","T","R","E","$","E","M","R"],"character_chosen":"IRONCLAD","items_purchased":["Shrug It Off","Evolve","Warcry"],"campfire_rested":1,"item_purchase_floors":[6,6,12],"current_hp_per_floor":[64,64,57,53,62,62,62,59,59,59,48,48,27,22,43,0],"gold":67,"neow_bonus":"ONE_RARE_RELIC","is_prod":false,"is_daily":false,"chose_seed":false,"campfire_upgraded":2,"win_rate":0,"timestamp":1535635390,"path_taken":["M","?","?","M","M","?","R","M","T","R","E","$","E","?","R","BOSS"],"build_version":"2018-08-23v2","purchased_purges":0,"victory":false,"max_hp_per_floor":[72,72,72,72,72,72,72,72,72,72,72,72,72,72,72,72],"card_choices":[{"not_picked":["Combust","Feel No Pain","Cleave"],"picked":"SKIP","floor":1},{"not_picked":["Clothesline","Sword Boomerang"],"picked":"Wild Strike","floor":4},{"not_picked":["Twin Strike","Bloodletting","Clothesline"],"picked":"SKIP","floor":5},{"not_picked":["Thunderclap","Pummel"],"picked":"Reckless Charge","floor":8},{"not_picked":["True Grit","Perfected Strike"],"picked":"Whirlwind","floor":11},{"not_picked":["Evolve","Pummel"],"picked":"Reckless Charge","floor":13},{"not_picked":["Sword Boomerang","Fire Breathing"],"picked":"Rage","floor":14}],"player_experience":169210,"relics_obtained":[{"floor":9,"key":"Gremlin Horn"},{"floor":11,"key":"Dodecahedron"},{"floor":13,"key":"Matryoshka"}],"event_choices":[{"event_name":"Match and Keep!","player_choice":"2 cards matched","floor":2,"damage_taken":0},{"event_name":"Golden Wing","player_choice":"Card Removal","floor":3,"damage_taken":0}],"is_beta":false,"boss_relics":[],"items_purged_floors":[],"is_endless":false,"potions_floor_spawned":[1,8,14],"killed_by":"The Guardian","ascension_level":2}