{"gold_per_floor":[109,109,121,121,121,121,155,155,155,171,190,190,33,61,61,156,156,170,170,188,206,206,206,225,225,250,250,264,264,264,274,274,373,373,385,397,397],"floor_reached":37,"playtime":2082,"items_purged":[],"score":505,"play_id":"5c477c2e-db78-4249-8756-4fca17aade65","local_time":"20180920181326","is_ascension_mode":true,"campfire_choices":[{"data":"Neutralize","floor":6,"key":"SMITH"},{"data":"Cloak And Dagger","floor":8,"key":"SMITH"},{"data":"Noxious Fumes","floor":12,"key":"SMITH"},{"data":"Bullet Time","floor":15,"key":"SMITH"},{"floor":23,"key":"REST"},{"data":"Wraith Form v2","floor":27,"key":"SMITH"},{"data":"Distraction","floor":29,"key":"SMITH"},{"data":"Backflip","floor":32,"key":"SMITH"}],"neow_cost":"NONE","seed_source_timestamp":387377952018242,"circlet_count":0,"master_deck":["Defend_G+1","Defend_G+1","Defend_G+1","Defend_G+1","Defend_G+1","Strike_G+1","Strike_G+1","Strike_G+1","Survivor","Neutralize+1","Poisoned Stab","Deadly Poison","Cloak And Dagger+1","Poisoned Stab","Noxious Fumes+1","Bullet Time+1","Burst","Cloak And Dagger","Neutralize","Backflip+1","Wraith Form v2+1","Writhe","Distraction+1","Backflip+1","Poisoned Stab+1","Venomology","Footwork+1","Deadly Poison"],"relics":["Ring of the Serpent","NeowsBlessing","Centennial Puzzle","Shovel","Paper Crane","Snake Skull","Ginger","Orichalcum","War Paint","Cursed Key"],"potions_floor_usage":[16,20,24,31,33,36,37],"damage_taken":[{"damage":0,"enemies":"Small Slimes","floor":1,"turns":1},{"damage":0,"enemies":"2 Louse","floor":3,"turns":1},{"damage":0,"enemies":"3 Sentries","floor":7,"turns":1},{"damage":0,"enemies":"Cultist","floor":10,"turns":3},{"damage":2,"enemies":"Large Slime","floor":11,"turns":5},{"damage":4,"enemies":"Gremlin Nob","floor":14,"turns":4},{"damage":2,"enemies":"The Guardian","floor":16,"turns":7},{"damage":0,"enemies":"Chosen","floor":18,"turns":4},{"damage":12,"enemies":"2 Thieves","floor":20,"turns":4},{"damage":35,"enemies":"3 Cultists","floor":21,"turns":6},{"damage":13,"enemies":"Snake Plant","floor":24,"turns":5},{"damage":13,"enemies":"Cultist and Chosen","floor":28,"turns":7},{"damage":4,"enemies":"Shelled Parasite and Fungi","floor":31,"turns":5},{"damage":4,"enemies":"Champ","floor":33,"turns":11},{"damage":0,"enemies":"Orb Walker","floor":35,"turns":5},{"damage":2,"enemies":"3 Darklings","floor":36,"turns":7},{"damage":43,"enemies":"Reptomancer","floor":37,"turns":3}],"seed_played":"-7323859862142983254","potions_obtained":[{"floor":1,"key":"Fire Potion"},{"floor":7,"key":"Ancient Potion"},{"floor":11,"key":"SkillPotion"},{"floor":21,"key":"FairyPotion"},{"floor":28,"key":"Regen Potion"},{"floor":31,"key":"SkillPotion"},{"floor":36,"key":"GhostInAJar"}],"is_trial":false,"path_per_floor":["M","?","M","?","?","R","E","R","T","M","M","R","$","E","R","B",null,"M","?","M","M","?","R","M","?","T","R","M","R","?","M","R","B",null,"M","M"],"character_chosen":"THE_SILENT","items_purchased":["Snake Skull"],"campfire_rested":1,"item_purchase_floors":[13],"current_hp_per_floor":[70,63,63,63,56,56,56,56,56,56,54,54,54,50,50,48,65,65,65,53,18,18,39,26,26,26,26,13,13,13,23,23,19,57,57,55,12],"gold":397,"neow_bonus":"THREE_ENEMY_KILL","is_prod":false,"is_daily":false,"chose_seed":false,"campfire_upgraded":7,"win_rate":0,"timestamp":1537434806,"path_taken":["M","?","M","?","?","R","E","R","T","?","M","R","$","E","R","BOSS","M","?","M","M","?","R","?","?","T","R","M","R","?","M","R","BOSS","M","?","?"],"build_version":"2018-09-06","purchased_purges":0,"victory":false,"max_hp_per_floor":[70,70,70,70,70,70,70,70,70,70,70,70,70,70,70,70,70,70,70,70,70,70,70,70,70,70,70,70,70,70,70,70,70,70,70,70,70],"card_choices":[{"not_picked":["Dagger Spray","Bouncing Flask"],"picked":"Poisoned Stab","floor":1},{"not_picked":["Flying Knee","Prepared"],"picked":"Deadly Poison","floor":3},{"not_picked":["Prepared","Poisoned Stab"],"picked":"Cloak And Dagger","floor":7},{"not_picked":["Deadly Poison","Deflect"],"picked":"Poisoned Stab","floor":10},{"not_picked":["Endless Agony","PiercingWail"],"picked":"Noxious Fumes","floor":11},{"not_picked":["PiercingWail","Catalyst"],"picked":"Bullet Time","floor":14},{"not_picked":["Doppelganger","Grand Finale"],"picked":"Burst","floor":16},{"not_picked":["Caltrops","Expertise+1"],"picked":"Cloak And Dagger","floor":18},{"not_picked":["Deflect+1","Quick Slash"],"picked":"Backflip","floor":20},{"not_picked":["Deflect","Flying Knee"],"picked":"Wraith Form v2","floor":21},{"not_picked":["Heel Hook","Blade Dance"],"picked":"Distraction","floor":24},{"not_picked":["Dagger Spray","Flying Knee+1"],"picked":"Backflip+1","floor":28},{"not_picked":["Deflect+1","Prepared"],"picked":"Poisoned Stab+1","floor":31},{"not_picked":["Grand Finale","Glass Knife"],"picked":"Venomology","floor":33},{"not_picked":["Backflip+1","Slice"],"picked":"Footwork+1","floor":35},{"not_picked":["PiercingWail","Sucker Punch+1"],"picked":"Deadly Poison","floor":36}],"player_experience":292167,"relics_obtained":[{"floor":7,"key":"Shovel"},{"floor":9,"key":"Paper Crane"},{"floor":14,"key":"Ginger"},{"floor":26,"key":"War Paint"}],"event_choices":[{"event_name":"Scrap Ooze","player_choice":"success","floor":2,"damage_taken":7},{"event_name":"Bonfire Elementals","player_choice":"BASIC","floor":4,"damage_taken":0},{"event_name":"Golden Wing","player_choice":"Card Removal","floor":5,"damage_taken":0},{"event_name":"Match and Keep!","player_choice":"1 cards matched","floor":19,"damage_taken":0},{"event_name":"The Mausoleum","player_choice":"Yes","floor":22,"damage_taken":0},{"event_name":"Ghosts","player_choice":"Ignored","floor":25,"damage_taken":0},{"event_name":"Back to Basics","player_choice":"Simplicity","floor":30,"damage_taken":0}],"is_beta":false,"boss_relics":[{"not_picked":["Snecko Eye","Tiny House"],"picked":"Ring of the Serpent"},{"not_picked":["Calling Bell","Lizard Tail"],"picked":"Cursed Key"}],"items_purged_floors":[],"is_endless":false,"potions_floor_spawned":[1,7,11,21,28,31,36],"killed_by":"Reptomancer","ascension_level":5}