{"gold_per_floor":[129,158,170,182,294,306,336,383,395,407,419,459,471,498,510,522],"floor_reached":16,"playtime":464,"items_purged":[],"score":167,"play_id":"c73594b9-eb63-4b91-beac-11db882b08b3","local_time":"20190515180416","is_ascension_mode":true,"campfire_choices":[{"floor":6,"key":"REST"},{"floor":11,"key":"REST"},{"floor":15,"key":"REST"}],"neow_cost":"NONE","seed_source_timestamp":2588355888318891,"circlet_count":0,"master_deck":["AscendersBane","Defend_G+1","Defend_G","Defend_G","Defend_G","Defend_G","Strike_G","Strike_G+1","Strike_G","Strike_G","Strike_G","Survivor","Neutralize","Dodge and Roll","Sucker Punch","Wraith Form v2","Injury","Skewer"],"relics":["Ring of the Snake","MawBank","Pear","Boot","Golden Idol"],"potions_floor_usage":[12,14,16],"damage_taken":[{"damage":7,"enemies":"Jaw Worm","floor":1,"turns":5},{"damage":2,"enemies":"Cultist","floor":2,"turns":4},{"damage":1,"enemies":"Small Slimes","floor":7,"turns":4},{"damage":48,"enemies":"Gremlin Nob","floor":8,"turns":6},{"damage":39,"enemies":"Lagavulin","floor":12,"turns":9},{"damage":6,"enemies":"2 Fungi Beasts","floor":14,"turns":6},{"damage":28,"enemies":"Slime Boss","floor":16,"turns":5}],"seed_played":"6405080259411593203","potions_obtained":[{"floor":2,"key":"Ancient Potion"},{"floor":8,"key":"Weak Potion"},{"floor":12,"key":"PowerPotion"},{"floor":14,"key":"Fire Potion"}],"is_trial":false,"path_per_floor":["M","M","?","?","?","R","M","E","T","$","R","E","?","M","R","B"],"character_chosen":"THE_SILENT","items_purchased":[],"campfire_rested":3,"item_purchase_floors":[],"current_hp_per_floor":[56,54,54,40,40,61,60,22,22,22,46,7,7,1,25,0],"gold":522,"neow_bonus":"RANDOM_COMMON_RELIC","is_prod":false,"is_daily":false,"chose_seed":false,"campfire_upgraded":0,"win_rate":0,"timestamp":1557900256,"path_taken":["M","M","?","?","?","R","?","E","T","?","R","E","?","M","R","BOSS"],"build_version":"2019-01-23","purchased_purges":0,"victory":false,"max_hp_per_floor":[70,70,70,70,70,70,70,80,80,80,80,80,80,80,80,80],"card_choices":[{"not_picked":["Underhanded Strike","Deflect"],"picked":"Dodge and Roll","floor":1},{"not_picked":["Finisher","Acrobatics","Bane"],"picked":"SKIP","floor":2},{"not_picked":["Deadly Poison","Prepared","Finisher"],"picked":"SKIP","floor":7},{"not_picked":["Choke","Die Die Die"],"picked":"Sucker Punch","floor":8},{"not_picked":["Acrobatics","Expertise"],"picked":"Wraith Form v2","floor":12},{"not_picked":["Blade Dance","Dagger Spray"],"picked":"Skewer","floor":14}],"player_experience":265572,"relics_obtained":[{"floor":8,"key":"Pear"},{"floor":12,"key":"Boot"}],"event_choices":[{"damage_healed":0,"gold_gain":0,"player_choice":"Leave","damage_taken":0,"max_hp_gain":0,"max_hp_loss":0,"event_name":"The Cleric","floor":3,"gold_loss":0},{"damage_healed":0,"gold_gain":0,"player_choice":"Entered Light","damage_taken":14,"max_hp_gain":0,"max_hp_loss":0,"event_name":"Shining Light","floor":4,"gold_loss":0,"cards_upgraded":["Defend_G","Strike_G"]},{"damage_healed":0,"gold_gain":100,"player_choice":"Pray","damage_taken":0,"max_hp_gain":0,"max_hp_loss":0,"event_name":"Golden Shrine","floor":5,"gold_loss":0},{"damage_healed":0,"gold_gain":0,"player_choice":"Take Wound","damage_taken":0,"relics_obtained":["Golden Idol"],"max_hp_gain":0,"max_hp_loss":0,"event_name":"Golden Idol","floor":13,"gold_loss":0,"cards_obtained":["Injury"]}],"is_beta":false,"boss_relics":[],"items_purged_floors":[],"is_endless":false,"potions_floor_spawned":[2,8,12,14],"killed_by":"Slime Boss","ascension_level":11}