{"gold_per_floor":[119,135,85,8,18,47,47,73,73,73,88,101,134,36,36,138,138,154,121,121,121],"floor_reached":21,"playtime":1880,"items_purged":["Strike_R"],"score":229,"play_id":"d5a2a33d-c0dc-4079-9a21-b8b1e4003ee9","local_time":"20190515115349","is_ascension_mode":true,"campfire_choices":[{"floor":10,"key":"REST"},{"data":"Demon Form","floor":15,"key":"SMITH"}],"neow_cost":"NONE","seed_source_timestamp":56881710952000,"circlet_count":0,"master_deck":["Strike_R+1","Strike_R+1","Strike_R+1","Defend_R+1","Defend_R+1","Defend_R+1","Defend_R+1","Bash","Rampage+1","Battle Trance","Uppercut+1","Feel No Pain","Demon Form+1","True Grit","Inflame","Shrug It Off","Dark Embrace","Corruption+1"],"relics":["Burning Blood","Vajra","Singing Bowl","Whetstone","Bottled Tornado","Art of War","Black Star"],"potions_floor_usage":[8,12,12,19,21,21],"damage_taken":[{"damage":4,"enemies":"Jaw Worm","floor":1,"turns":4},{"damage":0,"enemies":"2 Louse","floor":2,"turns":2},{"damage":0,"enemies":"Cultist","floor":5,"turns":2},{"damage":35,"enemies":"Lagavulin","floor":6,"turns":6},{"damage":37,"enemies":"Gremlin Nob","floor":8,"turns":5},{"damage":10,"enemies":"Red Slaver","floor":11,"turns":2},{"damage":28,"enemies":"Gremlin Gang","floor":12,"turns":6},{"damage":11,"enemies":"3 Sentries","floor":13,"turns":11},{"damage":10,"enemies":"Hexaghost","floor":16,"turns":7},{"damage":53,"enemies":"3 Byrds","floor":18,"turns":6},{"damage":34,"enemies":"2 Thieves","floor":19,"turns":5},{"damage":26,"enemies":"Chosen and Byrds","floor":21,"turns":6}],"seed_played":"7297704685543566311","potions_obtained":[{"floor":1,"key":"EssenceOfSteel"},{"floor":6,"key":"Ancient Potion"},{"floor":8,"key":"BloodPotion"},{"floor":11,"key":"Regen Potion"},{"floor":13,"key":"Regen Potion"},{"floor":16,"key":"Weak Potion"}],"is_trial":false,"path_per_floor":["M","M","?","$","M","E","?","E","T","R","M","M","E","$","R","B",null,"M","M","?","M"],"character_chosen":"IRONCLAD","items_purchased":["Uppercut","Shrug It Off"],"campfire_rested":1,"item_purchase_floors":[4,14],"current_hp_per_floor":[80,80,80,80,80,51,51,20,20,44,40,43,40,40,40,36,84,39,26,26,0],"gold":121,"neow_bonus":"RANDOM_COMMON_RELIC","is_prod":false,"is_daily":false,"chose_seed":false,"campfire_upgraded":1,"win_rate":0,"timestamp":1557935629,"path_taken":["M","M","?","$","M","E","?","E","T","R","M","?","E","?","R","BOSS","M","?","?","M"],"build_version":"2019-01-23","purchased_purges":1,"victory":false,"max_hp_per_floor":[80,80,80,80,80,80,80,80,80,80,80,82,84,84,84,84,84,86,86,86,86],"card_choices":[{"not_picked":["Searing Blow","Headbutt"],"picked":"Rampage","floor":1},{"not_picked":["Pommel Strike","Dropkick"],"picked":"Battle Trance","floor":2},{"not_picked":["Anger","Rampage"],"picked":"Feel No Pain","floor":5},{"not_picked":["Dual Wield","Thunderclap"],"picked":"Demon Form","floor":6},{"not_picked":["Rampage","Battle Trance"],"picked":"True Grit","floor":8},{"not_picked":["Dual Wield","Anger"],"picked":"Inflame","floor":11},{"not_picked":["Wild Strike","Flex","Sentinel"],"picked":"Singing Bowl","floor":12},{"not_picked":["Searing Blow","Combust","Second Wind"],"picked":"Singing Bowl","floor":13},{"not_picked":["Juggernaut","Exhume"],"picked":"Dark Embrace","floor":16},{"not_picked":["Perfected Strike","Rampage","Pommel Strike"],"picked":"Singing Bowl","floor":18},{"not_picked":["Thunderclap","Second Wind"],"picked":"Corruption+1","floor":19}],"player_experience":256277,"relics_obtained":[{"floor":6,"key":"Singing Bowl"},{"floor":8,"key":"Whetstone"},{"floor":9,"key":"Bottled Tornado"},{"floor":13,"key":"Art of War"}],"event_choices":[{"cards_removed":["Strike_R"],"damage_healed":0,"gold_gain":0,"player_choice":"Card Removal","damage_taken":0,"max_hp_gain":0,"max_hp_loss":0,"event_name":"The Cleric","floor":3,"gold_loss":50},{"damage_healed":0,"gold_gain":0,"player_choice":"Upgraded","damage_taken":0,"max_hp_gain":0,"max_hp_loss":0,"event_name":"Upgrade Shrine","floor":7,"gold_loss":0,"cards_upgraded":["Uppercut"]},{"damage_healed":0,"gold_gain":0,"player_choice":"Simplicity","damage_taken":0,"max_hp_gain":0,"max_hp_loss":0,"event_name":"Back to Basics","floor":20,"gold_loss":0,"cards_upgraded":["Strike_R","Strike_R","Defend_R","Defend_R","Defend_R","Defend_R"]}],"is_beta":false,"boss_relics":[{"not_picked":["Fusion Hammer","Tiny House"],"picked":"Black Star"}],"items_purged_floors":[14],"is_endless":false,"potions_floor_spawned":[1,6,8,11,13,16,18],"killed_by":"Chosen and Byrds","ascension_level":3}