{"gold_per_floor":[115,38,58,233,233,266,278,290,302,314,340,365,377,96,96,199,199,219,95,23,42,42,54,84,84,154,154,187,187,11,11,11,113,113,126,142,156,174,184,184,34,34,34,53,53,53,53,125,125,125],"floor_reached":50,"playtime":4220,"items_purged":["Regret","Wraith Form v2+1","Strike_G","Injury"],"score":526,"play_id":"ef99cb7f-7e3e-47b7-88d5-69d2299c4c5b","local_time":"20181014212354","is_ascension_mode":false,"campfire_choices":[{"data":"Footwork","floor":8,"key":"SMITH"},{"data":"Neutralize","floor":10,"key":"SMITH"},{"floor":13,"key":"REST"},{"data":"Bouncing Flask","floor":15,"key":"SMITH"},{"data":"After Image","floor":25,"key":"SMITH"},{"data":"Catalyst","floor":27,"key":"SMITH"},{"floor":29,"key":"REST"},{"data":"Dash","floor":32,"key":"SMITH"},{"floor":40,"key":"REST"},{"floor":42,"key":"REST"},{"floor":46,"key":"REST"},{"data":"Burst","floor":49,"key":"SMITH"}],"neow_cost":"NONE","seed_source_timestamp":281722736084,"circlet_count":0,"master_deck":["Defend_G","Defend_G","Defend_G","Strike_G","Strike_G","Survivor","Neutralize+1","Crippling Poison","Footwork+1","Dash+1","Poisoned Stab","Poisoned Stab","Bouncing Flask+1","After Image+1","Envenom+1","Flying Knee+1","Footwork+1","Cloak And Dagger","Catalyst+1","Cloak And Dagger+1","Cloak And Dagger","Burst+1","Bane+1","Crippling Poison+1","Terror+1","Bullet Time+1"],"relics":["Ring of the Snake","NeowsBlessing","MawBank","Omamori","Darkstone Periapt","Anchor","Astrolabe","Bag of Marbles","Ornamental Fan","Blood Vial","Calling Bell","Potion Belt","Toxic Egg 2","Ice Cream","Dodecahedron","Sundial"],"potions_floor_usage":[16,28,28,38,44,50],"damage_taken":[{"damage":0,"enemies":"Cultist","floor":1,"turns":1},{"damage":0,"enemies":"Small Slimes","floor":3,"turns":1},{"damage":0,"enemies":"Lagavulin","floor":6,"turns":1},{"damage":4,"enemies":"2 Louse","floor":11,"turns":3},{"damage":17,"enemies":"Large Slime","floor":12,"turns":8},{"damage":32,"enemies":"Slime Boss","floor":16,"turns":13},{"damage":0,"enemies":"Shell Parasite","floor":18,"turns":5},{"damage":0,"enemies":"Spheric Guardian","floor":21,"turns":5},{"damage":0,"enemies":"Snake Plant","floor":23,"turns":6},{"damage":8,"enemies":"Book of Stabbing","floor":24,"turns":7},{"damage":26,"enemies":"Slavers","floor":28,"turns":7},{"damage":41,"enemies":"Automaton","floor":33,"turns":16},{"damage":3,"enemies":"3 Shapes","floor":35,"turns":8},{"damage":14,"enemies":"3 Darklings","floor":36,"turns":8},{"damage":11,"enemies":"Sphere and 2 Shapes","floor":37,"turns":7},{"damage":29,"enemies":"Transient","floor":38,"turns":5},{"damage":22,"enemies":"3 Darklings","floor":39,"turns":7},{"damage":14,"enemies":"Spire Growth","floor":44,"turns":6},{"damage":85,"enemies":"Time Eater","floor":50,"turns":12}],"seed_played":"-6401441560994748461","potions_obtained":[{"floor":1,"key":"Fire Potion"},{"floor":6,"key":"LiquidBronze"},{"floor":23,"key":"AttackPotion"},{"floor":24,"key":"FairyPotion"},{"floor":36,"key":"SkillPotion"},{"floor":39,"key":"Strength Potion"},{"floor":44,"key":"Fruit Juice"}],"is_trial":false,"path_per_floor":["M","$","M","?","?","E","?","R","T","R","M","M","R","$","R","B",null,"M","$","$","M","?","M","E","R","T","R","E","R","$","?","R","B",null,"M","M","M","M","M","R","$","R","T","M","?","R","$","T","R"],"character_chosen":"THE_SILENT","items_purchased":["Footwork","Bouncing Flask","Anchor","Cloak And Dagger","Catalyst","Cloak And Dagger"],"campfire_rested":5,"item_purchase_floors":[2,14,14,19,20,30],"current_hp_per_floor":[70,70,70,70,63,63,63,63,63,63,59,42,63,63,63,31,70,70,70,70,70,70,70,62,62,62,62,36,57,57,57,57,18,76,73,61,52,25,5,27,27,49,49,42,42,66,66,66,66,0],"gold":125,"neow_bonus":"THREE_ENEMY_KILL","is_prod":false,"is_daily":false,"chose_seed":false,"campfire_upgraded":7,"win_rate":0,"timestamp":1539523434,"path_taken":["M","$","M","?","?","E","?","R","T","R","M","?","R","?","R","BOSS","M","?","$","?","?","M","E","R","T","R","E","R","$","?","R","BOSS","M","M","M","M","M","R","?","R","T","?","?","R","$","?","R","BOSS"],"build_version":"2018-09-06","purchased_purges":4,"victory":false,"max_hp_per_floor":[70,70,70,70,70,70,70,70,70,70,70,70,70,70,70,70,70,70,70,70,70,70,70,70,70,70,70,70,70,70,70,70,70,76,76,76,76,76,76,76,76,76,76,81,81,81,81,81,81,81],"card_choices":[{"not_picked":["Prepared","Poisoned Stab"],"picked":"Crippling Poison","floor":1},{"not_picked":["Quick Slash","Blade Dance","Sucker Punch"],"picked":"SKIP","floor":3},{"not_picked":["Backflip","Riddle With Holes"],"picked":"Dash","floor":6},{"not_picked":["Escape Plan","Sucker Punch"],"picked":"Poisoned Stab","floor":11},{"not_picked":["Leg Sweep","Footwork"],"picked":"Poisoned Stab","floor":12},{"not_picked":["Venomology","Night Terror"],"picked":"After Image","floor":16},{"not_picked":["Reflex","Tactician"],"picked":"Footwork+1","floor":18},{"not_picked":["Terror","Acrobatics"],"picked":"Cloak And Dagger+1","floor":21},{"not_picked":["Outmaneuver","Dagger Spray","Slice"],"picked":"SKIP","floor":23},{"not_picked":["Acrobatics+1","Calculated Gamble","Poisoned Stab"],"picked":"SKIP","floor":24},{"not_picked":["Heel Hook","Dagger Throw","Deadly Poison"],"picked":"SKIP","floor":28},{"not_picked":["Night Terror","Bullet Time"],"picked":"Burst","floor":33},{"not_picked":["Slice","Underhanded Strike+1"],"picked":"Bane+1","floor":35},{"not_picked":["Acrobatics+1","Poisoned Stab"],"picked":"Crippling Poison+1","floor":36},{"not_picked":["Dash","Underhanded Strike","Prepared+1"],"picked":"SKIP","floor":37},{"not_picked":["Flechettes","Skewer+1","Prepared+1"],"picked":"SKIP","floor":38},{"not_picked":["Bane","Deflect+1"],"picked":"Terror+1","floor":39},{"not_picked":["Cloak And Dagger+1","Dagger Throw"],"picked":"Bullet Time+1","floor":44}],"player_experience":65844,"relics_obtained":[{"floor":6,"key":"MawBank"},{"floor":9,"key":"Darkstone Periapt"},{"floor":24,"key":"Bag of Marbles"},{"floor":26,"key":"Ornamental Fan"},{"floor":28,"key":"Blood Vial"},{"floor":34,"key":"Potion Belt"},{"floor":34,"key":"Toxic Egg 2"},{"floor":34,"key":"Ice Cream"},{"floor":43,"key":"Dodecahedron"},{"floor":48,"key":"Sundial"}],"event_choices":[{"event_name":"Liars Game","player_choice":"agreed","floor":4,"damage_taken":0},{"event_name":"Golden Wing","player_choice":"Card Removal","floor":5,"damage_taken":0},{"event_name":"Big Fish","player_choice":"Box","floor":7,"damage_taken":0},{"event_name":"Back to Basics","player_choice":"Elegance","floor":22,"damage_taken":0},{"event_name":"Ghosts","player_choice":"Ignored","floor":31,"damage_taken":0},{"event_name":"The Woman in Blue","player_choice":"Bought 0 Potions","floor":45,"damage_taken":0}],"is_beta":false,"boss_relics":[{"not_picked":["Runic Pyramid","White Beast Statue"],"picked":"Astrolabe"},{"not_picked":["Snecko Eye","Orrery"],"picked":"Calling Bell"}],"items_purged_floors":[14,19,30,41],"is_endless":false,"potions_floor_spawned":[1,6,23,24,36,39,44],"killed_by":"Time Eater","ascension_level":0}