{"gold_per_floor":[10,27,27,27,57,57,92,107,131,131,144,162,178,191,191,191],"floor_reached":16,"playtime":676,"items_purged":[],"score":166,"play_id":"a0b232d4-3127-4790-8385-9b1237de6a72","local_time":"20190517005114","is_ascension_mode":true,"campfire_choices":[{"floor":6,"key":"REST"},{"floor":10,"key":"REST"},{"floor":15,"key":"REST"}],"neow_cost":"NO_GOLD","seed_source_timestamp":2698966901352381,"circlet_count":0,"master_deck":["AscendersBane","Defend_G","Defend_G","Defend_G","Defend_G","Defend_G","Strike_G","Strike_G","Strike_G","Strike_G","Strike_G","Survivor","Neutralize","Adrenaline","Deflect","Backflip","Cloak And Dagger","Backflip","Dagger Spray","A Thousand Cuts","Sucker Punch"],"relics":["Ring of the Snake","Golden Idol","Tiny Chest","Pantograph","Snake Skull"],"potions_floor_usage":[16],"damage_taken":[{"damage":0,"enemies":"Cultist","floor":1,"turns":5},{"damage":7,"enemies":"Small Slimes","floor":2,"turns":4},{"damage":57,"enemies":"Gremlin Nob","floor":7,"turns":7},{"damage":1,"enemies":"2 Louse","floor":8,"turns":3},{"damage":6,"enemies":"2 Fungi Beasts","floor":11,"turns":5},{"damage":11,"enemies":"Exordium Thugs","floor":12,"turns":13},{"damage":0,"enemies":"Red Slaver","floor":13,"turns":5},{"damage":2,"enemies":"Large Slime","floor":14,"turns":6},{"damage":52,"enemies":"Hexaghost","floor":16,"turns":17}],"seed_played":"6602692913246823656","potions_obtained":[{"floor":7,"key":"FearPotion"},{"floor":8,"key":"GamblersBrew"},{"floor":12,"key":"Weak Potion"},{"floor":13,"key":"Swift Potion"}],"is_trial":false,"path_per_floor":["M","M","?","?","?","R","E","M","T","R","M","M","M","M","R","B"],"character_chosen":"THE_SILENT","items_purchased":[],"campfire_rested":3,"item_purchase_floors":[],"current_hp_per_floor":[63,56,39,39,39,60,3,2,2,23,17,6,6,4,25,0],"gold":191,"neow_bonus":"THREE_RARE_CARDS","is_prod":false,"is_daily":false,"chose_seed":false,"campfire_upgraded":0,"win_rate":0,"timestamp":1558011074,"path_taken":["M","?","?","?","?","R","E","M","T","R","M","M","M","?","R","BOSS"],"build_version":"2019-01-23","purchased_purges":0,"victory":false,"max_hp_per_floor":[70,70,70,70,70,70,70,70,70,70,70,70,70,70,70,70],"card_choices":[{"not_picked":["Night Terror","Phantasmal Killer"],"picked":"Adrenaline","floor":0},{"not_picked":["Catalyst","Eviscerate"],"picked":"Acrobatics","floor":1},{"not_picked":["Outmaneuver","Dagger Throw"],"picked":"Deflect","floor":2},{"not_picked":["Flying Knee","Caltrops"],"picked":"Backflip","floor":7},{"not_picked":["Predator","Bane"],"picked":"Cloak And Dagger","floor":8},{"not_picked":["Cloak And Dagger","Accuracy"],"picked":"Backflip","floor":11},{"not_picked":["Slice","Blade Dance"],"picked":"Dagger Spray","floor":12},{"not_picked":["Backstab","Backflip"],"picked":"A Thousand Cuts","floor":13},{"not_picked":["Eviscerate","Caltrops"],"picked":"Sucker Punch","floor":14}],"player_experience":273301,"relics_obtained":[{"floor":7,"key":"Pantograph"},{"floor":9,"key":"Snake Skull"}],"event_choices":[{"damage_healed":0,"gold_gain":0,"player_choice":"Take Damage","damage_taken":17,"relics_obtained":["Golden Idol"],"max_hp_gain":0,"max_hp_loss":0,"event_name":"Golden Idol","floor":3,"gold_loss":0},{"damage_healed":0,"gold_gain":0,"player_choice":"Ignored","damage_taken":0,"max_hp_gain":0,"max_hp_loss":0,"event_name":"Golden Wing","floor":4,"gold_loss":0},{"cards_removed":["Acrobatics"],"damage_healed":0,"gold_gain":0,"player_choice":"Gave Card","damage_taken":0,"relics_obtained":["Tiny Chest"],"max_hp_gain":0,"max_hp_loss":0,"event_name":"WeMeetAgain","floor":5,"gold_loss":0}],"is_beta":false,"boss_relics":[],"items_purged_floors":[],"is_endless":false,"potions_floor_spawned":[7,8,12,13],"killed_by":"Hexaghost","ascension_level":12}