{"gold_per_floor":[210,222,397,397,417,417,430,462,474,486,34,65,65,79,79,174,174,186,198,210,485,499,530,546,546,572,572,47,47],"floor_reached":29,"playtime":1474,"items_purged":["Strike_G","Regret"],"score":292,"play_id":"66acdfb1-6f60-446a-84dc-b5d872aa8734","local_time":"20190429093029","is_ascension_mode":true,"campfire_choices":[{"data":"Neutralize","floor":6,"key":"SMITH"},{"floor":10,"key":"REST"},{"floor":13,"key":"REST"},{"data":"Apotheosis","floor":15,"key":"SMITH"},{"floor":25,"key":"REST"},{"floor":27,"key":"REST"}],"neow_cost":"NONE","seed_source_timestamp":1174114796159792,"circlet_count":0,"master_deck":["Defend_G","Defend_G","Defend_G","Defend_G","Defend_G","Strike_G","Strike_G","Strike_G","Strike_G","Survivor","Neutralize+1","Escape Plan","Dagger Spray","Cloak And Dagger","Unload","Apotheosis+1","Deadly Poison","Backflip","Wraith Form v2","Deadly Poison+1","Footwork","Prepared","Acrobatics+1","Blur","Leg Sweep","Malaise","Caltrops"],"relics":["Ring of the Snake","Spirit Poop","MawBank","Bronze Scales","Blood Vial","Ornamental Fan","Lizard Tail","Smiling Mask","Bag of Preparation"],"potions_floor_usage":[8,23,23,24,24,29],"damage_taken":[{"damage":0,"enemies":"2 Louse","floor":1,"turns":3},{"damage":0,"enemies":"Jaw Worm","floor":2,"turns":5},{"damage":0,"enemies":"Cultist","floor":5,"turns":4},{"damage":12,"enemies":"Gremlin Gang","floor":7,"turns":6},{"damage":42,"enemies":"Gremlin Nob","floor":8,"turns":5},{"damage":13,"enemies":"3 Sentries","floor":12,"turns":5},{"damage":3,"enemies":"Large Slime","floor":14,"turns":7},{"damage":15,"enemies":"Slime Boss","floor":16,"turns":11},{"damage":1,"enemies":"Shell Parasite","floor":18,"turns":7},{"damage":1,"enemies":"Chosen","floor":19,"turns":4},{"damage":9,"enemies":"Centurion and Healer","floor":20,"turns":8},{"damage":18,"enemies":"3 Cultists","floor":22,"turns":6},{"damage":62,"enemies":"Slavers","floor":23,"turns":8},{"damage":26,"enemies":"Cultist and Chosen","floor":24,"turns":8},{"damage":52,"enemies":"Gremlin Leader","floor":29,"turns":6}],"seed_played":"626497795788355863","potions_obtained":[{"floor":1,"key":"Swift Potion"},{"floor":5,"key":"SteroidPotion"},{"floor":12,"key":"SpeedPotion"},{"floor":16,"key":"Explosive Potion"},{"floor":18,"key":"PowerPotion"},{"floor":23,"key":"Swift Potion"},{"floor":24,"key":"EssenceOfSteel"}],"is_trial":false,"path_per_floor":["M","M","?","?","M","R","M","E","T","R","$","E","R","M","R","B",null,"M","M","M","?","M","E","M","R","T","R","$","E"],"character_chosen":"THE_SILENT","items_purchased":["Apotheosis","Blood Vial","Deadly Poison","Malaise","Bag of Preparation","Caltrops","PowerPotion","Dexterity Potion"],"campfire_rested":4,"item_purchase_floors":[11,11,11,28,28,28,28,28],"current_hp_per_floor":[70,70,70,70,70,70,58,16,16,37,37,26,47,46,46,33,70,69,69,61,61,45,28,4,25,25,46,46,0],"gold":47,"neow_bonus":"HUNDRED_GOLD","is_prod":false,"is_daily":false,"chose_seed":false,"campfire_upgraded":2,"win_rate":0,"timestamp":1556487029,"path_taken":["M","M","?","?","M","R","?","E","T","R","$","E","R","M","R","BOSS","M","?","M","?","M","E","M","R","T","R","$","E"],"build_version":"2019-01-23","purchased_purges":2,"victory":false,"max_hp_per_floor":[70,70,70,70,70,70,70,70,70,70,70,70,70,70,70,70,70,70,70,70,70,70,70,70,70,70,70,70,70],"card_choices":[{"not_picked":["Finisher","Outmaneuver"],"picked":"Escape Plan","floor":1},{"not_picked":["Catalyst","Underhanded Strike","Quick Slash"],"picked":"SKIP","floor":2},{"not_picked":["Leg Sweep","Poisoned Stab"],"picked":"Dagger Spray","floor":5},{"not_picked":["Acrobatics","Eviscerate"],"picked":"Cloak And Dagger","floor":7},{"not_picked":["Masterful Stab","Dagger Throw"],"picked":"Unload","floor":8},{"not_picked":["Catalyst","Leg Sweep"],"picked":"Backflip","floor":12},{"not_picked":["Outmaneuver","Bane","Endless Agony"],"picked":"SKIP","floor":14},{"not_picked":["Glass Knife","Bullet Time"],"picked":"Wraith Form v2","floor":16},{"not_picked":["Crippling Poison","Endless Agony"],"picked":"Deadly Poison+1","floor":18},{"not_picked":["Deadly Poison","Backflip"],"picked":"Footwork","floor":19},{"not_picked":["Predator+1","Quick Slash+1"],"picked":"Prepared","floor":20},{"not_picked":["Slice","Backstab"],"picked":"Acrobatics+1","floor":22},{"not_picked":["Reflex","Masterful Stab"],"picked":"Blur","floor":23},{"not_picked":["Acrobatics","Accuracy+1"],"picked":"Leg Sweep","floor":24}],"player_experience":120180,"relics_obtained":[{"floor":8,"key":"MawBank"},{"floor":9,"key":"Bronze Scales"},{"floor":12,"key":"Ornamental Fan"},{"floor":23,"key":"Smiling Mask"}],"event_choices":[{"damage_healed":0,"gold_gain":175,"player_choice":"AGREE","damage_taken":0,"max_hp_gain":0,"max_hp_loss":0,"event_name":"Liars Game","floor":3,"gold_loss":0,"cards_obtained":["Doubt"]},{"cards_removed":["Doubt"],"damage_healed":0,"gold_gain":0,"player_choice":"Offered Curse","damage_taken":0,"relics_obtained":["Spirit Poop"],"max_hp_gain":0,"max_hp_loss":0,"event_name":"Bonfire Elementals","floor":4,"gold_loss":0},{"damage_healed":0,"gold_gain":275,"player_choice":"Desecrate","damage_taken":0,"max_hp_gain":0,"max_hp_loss":0,"event_name":"Golden Shrine","floor":21,"gold_loss":0,"cards_obtained":["Regret"]}],"is_beta":false,"boss_relics":[{"not_picked":["WristBlade","Calling Bell"],"picked":"Lizard Tail"}],"items_purged_floors":[11,28],"is_endless":false,"potions_floor_spawned":[1,5,12,16,18,22,23,24],"killed_by":"Gremlin Leader","ascension_level":3}