{"gold_per_floor":[110,122,297,297,320,353,363,397,449,459,459,484,484,24,24,125,125,138,138,138,155,172,172,172],"floor_reached":24,"playtime":1183,"items_purged":[],"score":263,"play_id":"45c1d389-de30-4a57-a71c-302d7bf1440d","local_time":"20180831180535","is_ascension_mode":true,"campfire_choices":[{"data":"Rupture","floor":11,"key":"SMITH"},{"data":"Madness","floor":13,"key":"SMITH"},{"data":"Double Tap","floor":15,"key":"SMITH"},{"data":"Whirlwind","floor":23,"key":"SMITH"}],"neow_cost":"NONE","seed_source_timestamp":1032079329870158,"circlet_count":0,"master_deck":["Strike_R+1","Strike_R+1","Strike_R+1","Strike_R+1","Defend_R+1","Defend_R+1","Defend_R+1","Defend_R+1","Bash","Shrug It Off","Warcry","Hemokinesis+1","Madness+1","Pommel Strike","Evolve","Rupture+1","Power Through","Whirlwind+1","Double Tap+1","Offering","Heavy Blade","Offering","Metallicize+1"],"relics":["Burning Blood","NeowsBlessing","Regal Pillow","Letter Opener","Bag of Marbles","Oddly Smooth Stone","Whetstone","Pantograph","Empty Cage"],"potions_floor_usage":[8,12,16,18],"damage_taken":[{"damage":0,"enemies":"Jaw Worm","floor":1,"turns":1},{"damage":0,"enemies":"2 Louse","floor":2,"turns":1},{"damage":0,"enemies":"Gremlin Nob","floor":6,"turns":1},{"damage":3,"enemies":"Small Slimes","floor":7,"turns":3},{"damage":24,"enemies":"Lagavulin","floor":8,"turns":6},{"damage":16,"enemies":"Looter","floor":10,"turns":3},{"damage":27,"enemies":"Gremlin Nob","floor":12,"turns":5},{"damage":29,"enemies":"The Guardian","floor":16,"turns":9},{"damage":8,"enemies":"Chosen","floor":18,"turns":5},{"damage":29,"enemies":"Shell Parasite","floor":21,"turns":6},{"damage":16,"enemies":"Centurion and Healer","floor":22,"turns":5}],"seed_played":"-4034284149050804641","potions_obtained":[{"floor":6,"key":"AttackPotion"},{"floor":8,"key":"Weak Potion"},{"floor":10,"key":"EssenceOfSteel"},{"floor":12,"key":"Weak Potion"},{"floor":22,"key":"Energy Potion"}],"is_trial":false,"path_per_floor":["M","M","?","?","T","E","M","E","T","M","R","E","R","$","R","B",null,"M","?","?","M","M","R"],"character_chosen":"IRONCLAD","items_purchased":["Whirlwind","Double Tap","Pantograph"],"campfire_rested":0,"item_purchase_floors":[14,14,14],"current_hp_per_floor":[80,80,80,80,80,80,80,62,62,52,52,31,31,31,31,33,80,78,78,78,55,45,45,36],"gold":172,"neow_bonus":"THREE_ENEMY_KILL","is_prod":false,"is_daily":false,"chose_seed":false,"campfire_upgraded":4,"win_rate":0,"timestamp":1535706335,"path_taken":["M","M","?","?","?","E","M","E","T","M","R","E","R","$","R","BOSS","M","?","?","?","M","R","?"],"build_version":"2018-08-30","purchased_purges":0,"victory":false,"max_hp_per_floor":[80,80,80,80,80,80,80,80,80,80,80,80,80,80,80,80,80,80,80,80,80,80,80,80],"card_choices":[{"not_picked":["Perfected Strike","Clothesline"],"picked":"Shrug It Off","floor":1},{"not_picked":["Entrench","Heavy Blade"],"picked":"Warcry","floor":2},{"not_picked":["Searing Blow","Feed","Corruption"],"picked":"SKIP","floor":6},{"not_picked":["Burning Pact","Shrug It Off"],"picked":"Pommel Strike","floor":7},{"not_picked":["Ghostly Armor","Iron Wave"],"picked":"Evolve","floor":8},{"not_picked":["Bloodletting","Carnage"],"picked":"Rupture","floor":10},{"not_picked":["Searing Blow","Ghostly Armor"],"picked":"Power Through","floor":12},{"not_picked":["Impervious","Reaper"],"picked":"Offering","floor":16},{"not_picked":["Power Through","Iron Wave"],"picked":"Heavy Blade","floor":18},{"not_picked":["True Grit","Anger+1","Heavy Blade"],"picked":"SKIP","floor":21},{"not_picked":["Thunderclap+1","Power Through"],"picked":"Metallicize+1","floor":22}],"player_experience":180168,"relics_obtained":[{"floor":5,"key":"Regal Pillow"},{"floor":6,"key":"Letter Opener"},{"floor":8,"key":"Bag of Marbles"},{"floor":9,"key":"Oddly Smooth Stone"},{"floor":12,"key":"Whetstone"}],"event_choices":[{"event_name":"Liars Game","player_choice":"agreed","floor":3,"damage_taken":0},{"event_name":"Match and Keep!","player_choice":"2 cards matched","floor":4,"damage_taken":0},{"event_name":"Back to Basics","player_choice":"Simplicity","floor":19,"damage_taken":0},{"event_name":"Match and Keep!","player_choice":"1 cards matched","floor":20,"damage_taken":0},{"event_name":"Cursed Tome","player_choice":"Stopped","floor":24,"damage_taken":0}],"is_beta":false,"boss_relics":[{"not_picked":["Astrolabe","Snecko Eye"],"picked":"Empty Cage"}],"items_purged_floors":[],"is_endless":false,"potions_floor_spawned":[6,8,10,12,22],"ascension_level":2}