{"gold_per_floor":[219,98,125,141,155,155,184,184,184,218,11,11,11,43,43,145,145,145,145,145,145,145,145,145,145,145,145,29,29,29],"floor_reached":30,"playtime":1687,"items_purged":[],"score":342,"play_id":"3c25f4b4-fa37-4146-bc84-05ea09bedf67","local_time":"20190427163226","is_ascension_mode":true,"campfire_choices":[{"data":"Noxious Fumes","floor":6,"key":"SMITH"},{"data":"A Thousand Cuts","floor":8,"key":"SMITH"},{"data":"Neutralize","floor":12,"key":"SMITH"},{"data":"Panacea","floor":15,"key":"SMITH"},{"floor":23,"key":"REST"}],"neow_cost":"NONE","seed_source_timestamp":1026420287359142,"circlet_count":0,"master_deck":["Defend_G","Defend_G","Defend_G","Defend_G","Defend_G","Strike_G","Strike_G","Strike_G","Strike_G","Survivor","Neutralize+1","Backflip","Noxious Fumes+1","Panacea+1","Cloak And Dagger","Deadly Poison","A Thousand Cuts+1","Leg Sweep","Quick Slash","Envenom","Dodge and Roll","Noxious Fumes","Terror","Quick Slash","Escape Plan+1","Calculated Gamble","Backflip","Flying Knee","Noxious Fumes+1","Skewer"],"relics":["Ring of the Snake","Bag of Marbles","Ninja Scroll","Mango","Anchor","Lee\u0027s Waffle","Blue Candle","Ectoplasm","Girya","Regal Pillow","Frozen Egg 2"],"potions_floor_usage":[27,27,27],"damage_taken":[{"damage":1,"enemies":"Cultist","floor":1,"turns":5},{"damage":3,"enemies":"Jaw Worm","floor":4,"turns":5},{"damage":2,"enemies":"Small Slimes","floor":5,"turns":4},{"damage":13,"enemies":"Lagavulin","floor":7,"turns":6},{"damage":14,"enemies":"3 Sentries","floor":10,"turns":5},{"damage":17,"enemies":"Lagavulin","floor":14,"turns":5},{"damage":10,"enemies":"Slime Boss","floor":16,"turns":8},{"damage":11,"enemies":"Spheric Guardian","floor":18,"turns":4},{"damage":7,"enemies":"Chosen","floor":19,"turns":5},{"damage":2,"enemies":"Snecko","floor":20,"turns":5},{"damage":21,"enemies":"Snake Plant","floor":22,"turns":5},{"damage":44,"enemies":"Gremlin Leader","floor":24,"turns":6},{"damage":12,"enemies":"Cultist and Chosen","floor":25,"turns":6},{"damage":12,"enemies":"Slavers","floor":27,"turns":7},{"damage":8,"enemies":"Snecko","floor":29,"turns":4},{"damage":5,"enemies":"Gremlin Leader","floor":30,"turns":2}],"seed_played":"7975875966695079705","potions_obtained":[{"floor":7,"key":"GhostInAJar"},{"floor":10,"key":"Fire Potion"},{"floor":20,"key":"FearPotion"},{"floor":24,"key":"Dexterity Potion"}],"is_trial":false,"path_per_floor":["M","$","T","M","M","R","E","R","T","E","$","R","?","E","R","B",null,"M","M","M","?","M","R","E","M","T","E","$","M","E"],"character_chosen":"THE_SILENT","items_purchased":["Noxious Fumes","Panacea","Lee\u0027s Waffle","Noxious Fumes+1","Skewer"],"campfire_rested":1,"item_purchase_floors":[2,2,11,28,28],"current_hp_per_floor":[69,69,69,66,64,64,51,51,65,51,91,91,84,67,67,57,91,80,73,71,71,50,77,33,21,21,9,9,1,0],"gold":29,"neow_bonus":"HUNDRED_GOLD","is_prod":false,"is_daily":false,"chose_seed":false,"campfire_upgraded":4,"win_rate":0,"timestamp":1556339546,"path_taken":["M","?","?","M","M","R","E","R","T","E","?","R","?","E","R","BOSS","M","M","M","?","M","R","E","M","T","E","$","?","E"],"build_version":"2019-01-23","purchased_purges":0,"victory":false,"max_hp_per_floor":[70,70,70,70,70,70,70,70,84,84,91,91,91,91,91,91,91,91,91,91,91,91,91,91,91,91,91,91,91,91],"card_choices":[{"not_picked":["PiercingWail","Quick Slash"],"picked":"Backflip","floor":1},{"not_picked":["Dodge and Roll","Prepared"],"picked":"Cloak And Dagger","floor":4},{"not_picked":["Cloak And Dagger","Blade Dance"],"picked":"Deadly Poison","floor":5},{"not_picked":["Cloak And Dagger","Flying Knee"],"picked":"A Thousand Cuts","floor":7},{"not_picked":["Bane","Dagger Throw"],"picked":"Leg Sweep","floor":10},{"not_picked":["Bane","Choke"],"picked":"Quick Slash","floor":14},{"not_picked":["Doppelganger","Glass Knife"],"picked":"Envenom","floor":16},{"not_picked":["Underhanded Strike","Slice+1"],"picked":"Dodge and Roll","floor":18},{"not_picked":["Deadly Poison","Flying Knee+1"],"picked":"Noxious Fumes","floor":19},{"not_picked":["Slice","Masterful Stab"],"picked":"Terror","floor":20},{"not_picked":["Backflip","Bane"],"picked":"Escape Plan+1","floor":22},{"not_picked":["Venomology","Backflip"],"picked":"Calculated Gamble","floor":24},{"not_picked":["Endless Agony","Quick Slash"],"picked":"Backflip","floor":25},{"not_picked":["Accuracy","Dagger Spray"],"picked":"Flying Knee","floor":27},{"not_picked":["Outmaneuver+1","Sucker Punch","Underhanded Strike"],"picked":"SKIP","floor":29}],"player_experience":96032,"relics_obtained":[{"floor":3,"key":"Bag of Marbles"},{"floor":7,"key":"Ninja Scroll"},{"floor":9,"key":"Mango"},{"floor":10,"key":"Anchor"},{"floor":14,"key":"Blue Candle"},{"floor":24,"key":"Girya"},{"floor":26,"key":"Regal Pillow"},{"floor":27,"key":"Frozen Egg 2"}],"event_choices":[{"cards_removed":["Strike_G"],"damage_healed":0,"gold_gain":0,"player_choice":"Card Removal","damage_taken":7,"max_hp_gain":0,"max_hp_loss":0,"event_name":"Golden Wing","floor":13,"gold_loss":0},{"damage_healed":0,"gold_gain":0,"player_choice":"1 cards matched","damage_taken":0,"max_hp_gain":0,"max_hp_loss":0,"event_name":"Match and Keep!","floor":21,"gold_loss":0,"cards_obtained":["Quick Slash"]}],"is_beta":false,"boss_relics":[{"not_picked":["HoveringKite","Orrery"],"picked":"Ectoplasm"}],"items_purged_floors":[],"is_endless":false,"potions_floor_spawned":[7,10,20,24],"killed_by":"Gremlin Leader","ascension_level":2}