{"gold_per_floor":[110,127,145,156,166,166,266,286,312,312,19,49,62,79,79,183,183,194,207,132,132,32,32,32,44,44,44,44],"floor_reached":28,"playtime":2815,"items_purged":["Normality","Normality"],"score":222,"play_id":"7c1f9364-c336-4631-8888-17542e4e3d3f","local_time":"20190506220516","is_ascension_mode":false,"campfire_choices":[{"data":"Neutralize","floor":6,"key":"SMITH"},{"data":"Dagger Spray","floor":10,"key":"SMITH"},{"floor":15,"key":"REST"},{"data":"Catalyst","floor":23,"key":"SMITH"}],"neow_cost":"NONE","seed_source_timestamp":417865057596160,"circlet_count":0,"master_deck":["Defend_G","Defend_G","Defend_G","Defend_G","Defend_G","Strike_G","Strike_G","Strike_G","Strike_G","Survivor","Neutralize+1","Expertise","Quick Slash","Deadly Poison","Dagger Spray+1","Catalyst+1","Catalyst+1","Glass Knife","Noxious Fumes","Catalyst+1","PiercingWail+1","Backflip","Corpse Explosion","Injury","Bane","Footwork+1"],"relics":["Ring of the Snake","Blood Vial","Snake Skull","Oddly Smooth Stone","Calling Bell","Question Card","Dead Branch","War Paint","Molten Egg 2"],"potions_floor_usage":[12,16,19,19,25],"damage_taken":[{"damage":0,"enemies":"Small Slimes","floor":1,"turns":4},{"damage":0,"enemies":"Cultist","floor":2,"turns":4},{"damage":3,"enemies":"Jaw Worm","floor":3,"turns":4},{"damage":0,"enemies":"Large Slime","floor":4,"turns":8},{"damage":2,"enemies":"3 Louse","floor":5,"turns":3},{"damage":5,"enemies":"Lots of Slimes","floor":8,"turns":3},{"damage":18,"enemies":"Lagavulin","floor":12,"turns":4},{"damage":13,"enemies":"Red Slaver","floor":13,"turns":4},{"damage":0,"enemies":"2 Fungi Beasts","floor":14,"turns":2},{"damage":6,"enemies":"The Guardian","floor":16,"turns":5},{"damage":26,"enemies":"Chosen","floor":18,"turns":7},{"damage":14,"enemies":"3 Byrds","floor":19,"turns":4},{"damage":26,"enemies":"Snecko","floor":25,"turns":8},{"damage":13,"enemies":"Centurion and Healer","floor":28,"turns":2}],"seed_played":"3550909432546725837","potions_obtained":[{"floor":1,"key":"SkillPotion"},{"floor":3,"key":"Weak Potion"},{"floor":5,"key":"Poison Potion"},{"floor":13,"key":"Energy Potion"},{"floor":18,"key":"Energy Potion"}],"is_trial":false,"path_per_floor":["M","M","M","M","M","R","?","M","T","R","$","E","M","M","R","B",null,"M","M","$","?","$","R","?","M","T","?","M"],"character_chosen":"THE_SILENT","items_purchased":["Snake Skull","Noxious Fumes","Catalyst"],"campfire_rested":1,"item_purchase_floors":[11,11,11],"current_hp_per_floor":[70,70,67,67,65,65,65,60,60,60,60,44,33,35,56,52,70,44,32,32,32,32,32,32,8,8,8,0],"gold":44,"neow_bonus":"TRANSFORM_CARD","is_prod":false,"is_daily":false,"chose_seed":false,"campfire_upgraded":3,"win_rate":0,"timestamp":1557194716,"path_taken":["M","M","M","M","M","R","?","M","T","R","$","E","M","M","R","BOSS","M","?","$","?","$","R","?","M","T","?","?"],"build_version":"2019-01-23","purchased_purges":2,"victory":false,"max_hp_per_floor":[70,70,70,70,70,70,70,70,70,70,70,70,70,70,70,70,70,70,70,70,70,70,70,70,70,70,70,70],"card_choices":[{"not_picked":["Predator","Distraction"],"picked":"Quick Slash","floor":1},{"not_picked":["Tactician","Acrobatics"],"picked":"Deadly Poison","floor":2},{"not_picked":["Deflect","Distraction"],"picked":"Dagger Spray","floor":3},{"not_picked":["Cloak And Dagger","Slice"],"picked":"Catalyst","floor":4},{"not_picked":["Dagger Throw","Backflip"],"picked":"Catalyst","floor":5},{"not_picked":["Acrobatics","Dodge and Roll"],"picked":"Glass Knife","floor":8},{"not_picked":["Masterful Stab","Terror"],"picked":"PiercingWail","floor":12},{"not_picked":["Tactician","Terror","PiercingWail"],"picked":"SKIP","floor":13},{"not_picked":["Acrobatics","Flying Knee"],"picked":"Backflip","floor":14},{"not_picked":["Doppelganger","Tools of the Trade"],"picked":"Corpse Explosion","floor":16},{"not_picked":["Expertise","Flying Knee+1","Slice"],"picked":"Bane","floor":18},{"not_picked":["Backflip+1","Outmaneuver","Night Terror"],"picked":"Footwork+1","floor":19},{"not_picked":["Cloak And Dagger+1","Dodge and Roll","Dagger Spray","Reflex"],"picked":"SKIP","floor":25}],"player_experience":109918,"relics_obtained":[{"floor":9,"key":"Blood Vial"},{"floor":12,"key":"Oddly Smooth Stone"},{"floor":17,"key":"Question Card"},{"floor":17,"key":"Dead Branch"},{"floor":17,"key":"War Paint"},{"floor":26,"key":"Molten Egg 2"}],"event_choices":[{"damage_healed":0,"gold_gain":100,"player_choice":"Gold","damage_taken":0,"max_hp_gain":0,"max_hp_loss":0,"event_name":"Wheel of Change","floor":7,"gold_loss":0},{"damage_healed":0,"gold_gain":0,"player_choice":"Ignored","damage_taken":0,"max_hp_gain":0,"max_hp_loss":0,"event_name":"Beggar","floor":24,"gold_loss":0},{"damage_healed":0,"gold_gain":0,"player_choice":"Forge","damage_taken":0,"max_hp_gain":0,"max_hp_loss":0,"event_name":"Accursed Blacksmith","floor":27,"gold_loss":0,"cards_upgraded":["Catalyst"]}],"is_beta":false,"boss_relics":[{"not_picked":["Runic Dome","Runic Pyramid"],"picked":"Calling Bell"}],"items_purged_floors":[20,22],"is_endless":false,"potions_floor_spawned":[1,3,5,13,18],"killed_by":"Centurion and Healer","ascension_level":0}