{"gold_per_floor":[112,34,51,51,69,69,95,130,130,162,162,177,127,127,127,230,230,246,246,258,258],"floor_reached":21,"playtime":723,"items_purged":[],"score":277,"play_id":"44778168-6b53-4481-ae40-01731f46f794","local_time":"20190505132633","is_ascension_mode":true,"campfire_choices":[{"data":"Footwork","floor":6,"key":"SMITH"},{"floor":11,"key":"REST"},{"floor":15,"key":"DIG"}],"neow_cost":"NONE","seed_source_timestamp":1707421332117241,"circlet_count":0,"master_deck":["Defend_G","Defend_G","Defend_G","Defend_G","Defend_G","Strike_G+1","Strike_G","Strike_G+1","Strike_G+1","Strike_G","Survivor","Neutralize","Backstab","Footwork+1","Flying Knee+1","Backflip","Unload","Dash","Backstab","Doppelganger","PiercingWail","Poisoned Stab"],"relics":["Eternal Feather","Pear","Whetstone","Shovel","Gambling Chip","Sundial","Girya","Velvet Choker"],"potions_floor_usage":[10,16,21],"damage_taken":[{"damage":6,"enemies":"2 Louse","floor":1,"turns":4},{"damage":0,"enemies":"Jaw Worm","floor":3,"turns":5},{"damage":1,"enemies":"Small Slimes","floor":5,"turns":3},{"damage":44,"enemies":"3 Sentries","floor":8,"turns":17},{"damage":18,"enemies":"Lagavulin","floor":10,"turns":7},{"damage":0,"enemies":"2 Fungi Beasts","floor":12,"turns":2},{"damage":15,"enemies":"Slime Boss","floor":16,"turns":11},{"damage":14,"enemies":"Shell Parasite","floor":18,"turns":6},{"damage":8,"enemies":"3 Byrds","floor":20,"turns":7},{"damage":29,"enemies":"Masked Bandits","floor":21,"turns":5}],"seed_played":"-8886831322782976588","potions_obtained":[{"floor":8,"key":"GhostInAJar"},{"floor":10,"key":"Fire Potion"},{"floor":16,"key":"Energy Potion"},{"floor":20,"key":"Ancient Potion"}],"is_trial":false,"path_per_floor":["M","$","M","?","M","R","T","E","T","E","R","M","?","?","R","B",null,"M","?","M","?"],"character_chosen":"THE_SILENT","items_purchased":["Footwork"],"campfire_rested":1,"item_purchase_floors":[2],"current_hp_per_floor":[57,57,57,67,66,75,75,31,31,13,46,46,46,30,39,24,66,52,37,29,0],"gold":258,"neow_bonus":"BOSS_RELIC","is_prod":false,"is_daily":false,"chose_seed":false,"campfire_upgraded":1,"win_rate":0,"timestamp":1557019593,"path_taken":["M","$","M","?","M","R","?","E","T","E","R","M","?","?","R","BOSS","M","?","M","?"],"build_version":"2019-01-23","purchased_purges":0,"victory":false,"max_hp_per_floor":[70,70,70,80,80,80,80,80,80,80,80,80,80,80,80,80,80,80,85,85,85],"card_choices":[{"not_picked":["Underhanded Strike","Finisher"],"picked":"Backstab","floor":1},{"not_picked":["Concentrate","Eviscerate"],"picked":"Flying Knee","floor":3},{"not_picked":["Outmaneuver","Bane"],"picked":"Backflip","floor":5},{"not_picked":["Cloak And Dagger","Prepared"],"picked":"Unload","floor":8},{"not_picked":["Dodge and Roll","Acrobatics"],"picked":"Dash","floor":10},{"not_picked":["Escape Plan","Flying Knee"],"picked":"Backstab","floor":12},{"not_picked":["Tools of the Trade","Envenom"],"picked":"Doppelganger","floor":16},{"not_picked":["Infinite Blades+1","Slice"],"picked":"PiercingWail","floor":18},{"not_picked":["Masterful Stab","Acrobatics"],"picked":"Poisoned Stab","floor":20}],"player_experience":193536,"relics_obtained":[{"floor":7,"key":"Whetstone"},{"floor":8,"key":"Shovel"},{"floor":9,"key":"Gambling Chip"},{"floor":10,"key":"Sundial"},{"floor":15,"key":"Girya"}],"event_choices":[{"damage_healed":0,"gold_gain":0,"player_choice":"Box","damage_taken":0,"relics_obtained":["Pear"],"max_hp_gain":0,"max_hp_loss":0,"event_name":"Big Fish","floor":4,"gold_loss":0,"cards_obtained":["Regret"]},{"cards_removed":["Regret"],"damage_healed":0,"gold_gain":0,"player_choice":"Card Removal","damage_taken":0,"max_hp_gain":0,"max_hp_loss":0,"event_name":"The Cleric","floor":13,"gold_loss":50},{"damage_healed":0,"gold_gain":0,"player_choice":"Entered Light","damage_taken":16,"max_hp_gain":0,"max_hp_loss":0,"event_name":"Shining Light","floor":14,"gold_loss":0,"cards_upgraded":["Strike_G","Flying Knee"]},{"damage_healed":0,"gold_gain":0,"player_choice":"Shed Blood","damage_taken":20,"max_hp_gain":5,"max_hp_loss":0,"event_name":"Forgotten Altar","floor":19,"gold_loss":0},{"damage_healed":0,"gold_gain":0,"player_choice":"Fought Bandits","damage_taken":0,"max_hp_gain":0,"max_hp_loss":0,"event_name":"Masked Bandits","floor":21,"gold_loss":0}],"is_beta":false,"boss_relics":[{"not_picked":["Empty Cage","HoveringKite"],"picked":"Velvet Choker"}],"items_purged_floors":[],"is_endless":false,"potions_floor_spawned":[8,10,16,20],"killed_by":"Masked Bandits","ascension_level":7}