{"gold_per_floor":[117,28,41,55,70,95,95,95,118,118],"floor_reached":10,"playtime":830,"items_purged":[],"score":78,"play_id":"7d651bee-a51a-4633-98a2-0ec3dca575ad","local_time":"20190515120813","is_ascension_mode":true,"campfire_choices":[{"floor":8,"key":"REST"}],"neow_cost":"NONE","seed_source_timestamp":58794522372800,"circlet_count":0,"master_deck":["Defend_G","Defend_G","Defend_G","Defend_G","Defend_G","Strike_G","Strike_G","Strike_G","Strike_G","Survivor","Neutralize+1","Deflect","Well Laid Plans","Quick Slash","Caltrops","Dodge and Roll","Wraith Form v2"],"relics":["Ring of the Snake","Art of War","Regal Pillow"],"potions_floor_usage":[],"damage_taken":[{"damage":0,"enemies":"Small Slimes","floor":1,"turns":3},{"damage":8,"enemies":"2 Louse","floor":3,"turns":3},{"damage":6,"enemies":"Cultist","floor":4,"turns":4},{"damage":9,"enemies":"Looter","floor":5,"turns":4},{"damage":18,"enemies":"3 Sentries","floor":6,"turns":14},{"damage":14,"enemies":"Lagavulin","floor":10,"turns":6}],"seed_played":"-3384371837125511912","potions_obtained":[{"floor":3,"key":"SpeedPotion"}],"is_trial":false,"path_per_floor":["M","$","M","M","M","E","?","R","T","E"],"character_chosen":"THE_SILENT","items_purchased":["Well Laid Plans","Quick Slash"],"campfire_rested":1,"item_purchase_floors":[2,2],"current_hp_per_floor":[70,70,62,56,47,29,22,43,43,29],"gold":118,"neow_bonus":"UPGRADE_CARD","is_prod":false,"is_daily":false,"chose_seed":false,"campfire_upgraded":0,"win_rate":0,"timestamp":1557936493,"path_taken":["M","$","M","M","M","E","?","R","T","E"],"build_version":"2019-01-23","purchased_purges":0,"victory":false,"max_hp_per_floor":[70,70,70,70,70,70,70,70,70,70],"card_choices":[{"not_picked":["Masterful Stab","Underhanded Strike"],"picked":"Deflect","floor":1},{"not_picked":["Backflip","Prepared"],"picked":"Caltrops","floor":3},{"not_picked":["Quick Slash","Adrenaline"],"picked":"Dodge and Roll","floor":4},{"not_picked":["Underhanded Strike","Outmaneuver","Acrobatics"],"picked":"SKIP","floor":5},{"not_picked":["Bane","Terror"],"picked":"Wraith Form v2","floor":6}],"player_experience":258157,"relics_obtained":[{"floor":6,"key":"Art of War"},{"floor":9,"key":"Regal Pillow"}],"event_choices":[{"cards_removed":["Strike_G"],"damage_healed":0,"gold_gain":0,"player_choice":"Card Removal","damage_taken":7,"max_hp_gain":0,"max_hp_loss":0,"event_name":"Golden Wing","floor":7,"gold_loss":0}],"is_beta":false,"boss_relics":[],"items_purged_floors":[],"is_endless":false,"potions_floor_spawned":[3],"killed_by":"Lagavulin","ascension_level":3}