{"gold_per_floor":[109,121,121,141,39,39,64,64,115,115,190,208,228,76,76,181,181,194,207,227,227,237,237,249,249,274,2,12,29,9,29,29,29],"floor_reached":33,"playtime":1837,"items_purged":["Strike_R"],"score":276,"play_id":"20b06cad-9cf9-42de-a30b-45f124686226","local_time":"20180708013853","is_ascension_mode":false,"campfire_choices":[{"data":"Wild Strike","floor":6,"key":"SMITH"},{"data":"Pommel Strike","floor":8,"key":"SMITH"},{"data":"Twin Strike","floor":10,"key":"SMITH"},{"data":"Shrug It Off","floor":15,"key":"SMITH"},{"floor":23,"key":"REST"},{"data":"Perfected Strike","floor":25,"key":"SMITH"},{"floor":32,"key":"REST"}],"neow_cost":"NONE","seed_source_timestamp":100929424819423,"circlet_count":0,"master_deck":["Strike_R","Strike_R","Strike_R","Strike_R","Defend_R","Defend_R","Defend_R","Defend_R","Bash","Twin Strike+1","Warcry","Wild Strike+1","Pommel Strike+1","Reckless Charge","Shrug It Off+1","Metallicize","Feed","Perfected Strike","Shrug It Off","Twin Strike","Perfected Strike+1","Twin Strike","Wild Strike","Swift Strike","Ghostly Armor","Armaments","Feel No Pain"],"relics":["Burning Blood","Ancient Tea Set","Happy Flower","Eternal Feather","Potion Belt","Membership Card"],"potions_floor_usage":[16,22,22,22,22,22],"damage_taken":[{"damage":0,"enemies":"Small Slimes","floor":1,"turns":3},{"damage":5,"enemies":"Cultist","floor":2,"turns":4},{"damage":1,"enemies":"Jaw Worm","floor":4,"turns":4},{"damage":14,"enemies":"Gremlin Nob","floor":7,"turns":3},{"damage":0,"enemies":"3 Louse","floor":12,"turns":2},{"damage":4,"enemies":"Exordium Wildlife","floor":13,"turns":2},{"damage":36,"enemies":"The Guardian","floor":16,"turns":11},{"damage":36,"enemies":"2 Thieves","floor":18,"turns":4},{"damage":26,"enemies":"3 Byrds","floor":19,"turns":7},{"damage":39,"enemies":"3 Cultists","floor":20,"turns":7},{"damage":0,"enemies":"Snecko","floor":22,"turns":5},{"damage":15,"enemies":"Snake Plant","floor":24,"turns":3},{"damage":0,"enemies":"Cultist and Chosen","floor":28,"turns":4},{"damage":23,"enemies":"3 Cultists","floor":29,"turns":5},{"damage":12,"enemies":"Snake Plant","floor":31,"turns":4},{"damage":104,"enemies":"Collector","floor":33,"turns":5}],"seed_played":"5282180957629851780","potions_obtained":[{"floor":4,"key":"Fire Potion"},{"floor":7,"key":"SpeedPotion"},{"floor":19,"key":"EntropicBrew"},{"floor":22,"key":"SpeedPotion"}],"is_trial":false,"path_per_floor":["M","M","?","M","$","R","E","R","T","R","?","M","M","$","R","B",null,"M","M","M","?","M","R","M","R","T","$","M","M","$","M","R"],"character_chosen":"IRONCLAD","items_purchased":["Pommel Strike","Feed","Membership Card","Swift Strike","Armaments"],"campfire_rested":2,"item_purchase_floors":[5,14,27,27,30],"current_hp_per_floor":[88,88,88,88,88,88,80,80,80,80,69,75,77,77,77,50,91,64,44,11,11,26,62,53,61,61,61,70,53,53,47,86,0],"gold":29,"neow_bonus":"TEN_PERCENT_HP_BONUS","is_prod":false,"is_daily":false,"chose_seed":false,"campfire_upgraded":5,"win_rate":0.0,"timestamp":1530981533,"path_taken":["M","M","?","M","$","R","E","R","T","R","?","M","M","$","R","BOSS","M","M","M","?","M","R","M","R","T","$","M","M","?","M","R","BOSS"],"build_version":"2018-07-05","purchased_purges":1,"victory":false,"max_hp_per_floor":[88,88,88,88,88,88,88,88,88,88,88,88,88,88,88,91,91,94,94,94,94,94,94,94,94,94,94,97,97,97,97,97,97],"card_choices":[{"not_picked":["True Grit","Sever Soul"],"picked":"Twin Strike","floor":1},{"not_picked":["Hemokinesis","Carnage"],"picked":"Warcry","floor":2},{"not_picked":["Warcry","Heavy Blade"],"picked":"Wild Strike","floor":4},{"not_picked":["Fire Breathing","Heavy Blade"],"picked":"Reckless Charge","floor":7},{"not_picked":["Warcry","Pommel Strike"],"picked":"Shrug It Off","floor":12},{"not_picked":["Seeing Red","Flex"],"picked":"Metallicize","floor":13},{"not_picked":["Clothesline","Iron Wave"],"picked":"Perfected Strike","floor":18},{"not_picked":["Sword Boomerang","Uppercut"],"picked":"Shrug It Off","floor":19},{"not_picked":["Shrug It Off","Thunderclap"],"picked":"Twin Strike","floor":20},{"not_picked":["Uppercut","Metallicize+1"],"picked":"Twin Strike","floor":22},{"not_picked":["Limit Break","Fire Breathing+1"],"picked":"Wild Strike","floor":24},{"not_picked":["Cleave","Combust","Anger+1"],"picked":"SKIP","floor":28},{"not_picked":["True Grit","Searing Blow"],"picked":"Ghostly Armor","floor":29},{"not_picked":["Dropkick","Impervious"],"picked":"Feel No Pain","floor":31}],"player_experience":65439,"relics_obtained":[{"floor":7,"key":"Ancient Tea Set"},{"floor":9,"key":"Happy Flower"},{"floor":26,"key":"Potion Belt"}],"event_choices":[{"event_name":"The Woman in Blue","player_choice":"Bought 0 Potions","floor":3,"damage_taken":0},{"event_name":"World of Goop","player_choice":"Gather Gold","floor":11,"damage_taken":0},{"event_name":"Duplicator","player_choice":"One dupe","floor":21,"damage_taken":0}],"boss_relics":[{"not_picked":["Black Star","Sozu"],"picked":"Eternal Feather"}],"items_purged_floors":[5],"is_endless":false,"potions_floor_spawned":[4,7,19,22],"killed_by":"Collector","ascension_level":0}