{"gold_per_floor":[19,30,42,42,42,42,42,60,132,146,158,174,238,37,37,133,133,149,74,92,0,0,0],"floor_reached":23,"playtime":933,"items_purged":[],"score":247,"play_id":"2a892c93-7139-492c-ae5b-9aa5c79cd04e","local_time":"20190505131417","is_ascension_mode":true,"campfire_choices":[{"floor":6,"key":"REST"},{"data":"Well Laid Plans","floor":15,"key":"SMITH"}],"neow_cost":"NO_GOLD","seed_source_timestamp":1706475304700584,"circlet_count":0,"master_deck":["Defend_G+1","Defend_G","Defend_G+1","Defend_G","Defend_G","Strike_G","Strike_G","Strike_G","Strike_G","Survivor","Neutralize","Corpse Explosion","Backflip","Distraction","PiercingWail","Well Laid Plans+1","Dash","Dodge and Roll","A Thousand Cuts","Deflect"],"relics":["Ring of the Snake","Bottled Tornado","Lee\u0027s Waffle","Cursed Key"],"potions_floor_usage":[16,23,23,23],"damage_taken":[{"damage":6,"enemies":"Cultist","floor":1,"turns":4},{"damage":9,"enemies":"Small Slimes","floor":2,"turns":2},{"damage":16,"enemies":"Jaw Worm","floor":3,"turns":5},{"damage":14,"enemies":"Looter","floor":8,"turns":4},{"damage":1,"enemies":"Blue Slaver","floor":10,"turns":5},{"damage":7,"enemies":"Exordium Wildlife","floor":11,"turns":5},{"damage":0,"enemies":"2 Fungi Beasts","floor":12,"turns":5},{"damage":46,"enemies":"Hexaghost","floor":16,"turns":16},{"damage":14,"enemies":"Shell Parasite","floor":18,"turns":9},{"damage":20,"enemies":"Chosen","floor":20,"turns":7},{"damage":32,"enemies":"Book of Stabbing","floor":23,"turns":7}],"seed_played":"-7298840178739660558","potions_obtained":[{"floor":3,"key":"Explosive Potion"},{"floor":10,"key":"Explosive Potion"},{"floor":12,"key":"Poison Potion"},{"floor":16,"key":"Dexterity Potion"},{"floor":20,"key":"AttackPotion"}],"is_trial":false,"path_per_floor":["M","M","M","?","$","R","T","M","T","M","M","M","?","$","R","B",null,"M","?","M","?","?","E"],"character_chosen":"THE_SILENT","items_purchased":["Lee\u0027s Waffle"],"campfire_rested":1,"item_purchase_floors":[14],"current_hp_per_floor":[57,48,32,18,18,39,39,25,25,24,17,17,17,77,77,31,66,52,52,32,32,32,0],"gold":0,"neow_bonus":"THREE_RARE_CARDS","is_prod":false,"is_daily":false,"chose_seed":false,"campfire_upgraded":1,"win_rate":0,"timestamp":1557018857,"path_taken":["M","?","M","?","$","R","?","M","T","M","M","M","?","$","R","BOSS","M","?","M","?","?","E"],"build_version":"2019-01-23","purchased_purges":0,"victory":false,"max_hp_per_floor":[70,70,70,70,70,70,70,70,70,70,70,70,70,77,77,77,77,77,77,77,77,77,77],"card_choices":[{"not_picked":["Envenom","Tools of the Trade"],"picked":"Corpse Explosion","floor":0},{"not_picked":["Dagger Throw","Flying Knee"],"picked":"Backflip","floor":1},{"not_picked":["Underhanded Strike","Setup"],"picked":"Distraction","floor":2},{"not_picked":["Dagger Spray","Choke"],"picked":"PiercingWail","floor":3},{"not_picked":["Accuracy","Outmaneuver"],"picked":"Well Laid Plans","floor":8},{"not_picked":["Finisher","Acrobatics"],"picked":"Dash","floor":10},{"not_picked":["Infinite Blades","Dagger Spray"],"picked":"Dodge and Roll","floor":11},{"not_picked":["Cloak And Dagger","Blade Dance","Finisher"],"picked":"SKIP","floor":12},{"not_picked":["Phantasmal Killer","Storm of Steel"],"picked":"A Thousand Cuts","floor":16},{"not_picked":["Flechettes","Underhanded Strike+1","Accuracy+1"],"picked":"SKIP","floor":18},{"not_picked":["Underhanded Strike","Dagger Throw"],"picked":"Deflect","floor":20}],"player_experience":192603,"relics_obtained":[{"floor":9,"key":"Bottled Tornado"}],"event_choices":[{"damage_healed":0,"gold_gain":0,"player_choice":"Entered Light","damage_taken":14,"max_hp_gain":0,"max_hp_loss":0,"event_name":"Shining Light","floor":4,"gold_loss":0,"cards_upgraded":["Defend_G","Defend_G"]},{"damage_healed":0,"gold_gain":64,"player_choice":"Gained Gold","damage_taken":0,"max_hp_gain":0,"max_hp_loss":0,"event_name":"Golden Wing","floor":13,"gold_loss":0},{"cards_removed":["Strike_G"],"damage_healed":0,"gold_gain":0,"player_choice":"Gave Gold","damage_taken":0,"max_hp_gain":0,"max_hp_loss":0,"event_name":"Beggar","floor":19,"gold_loss":75},{"damage_healed":0,"gold_gain":0,"player_choice":"Paid Fearfully","damage_taken":0,"max_hp_gain":0,"max_hp_loss":0,"event_name":"Masked Bandits","floor":21,"gold_loss":92},{"damage_healed":0,"gold_gain":0,"player_choice":"Ignored","damage_taken":0,"max_hp_gain":0,"max_hp_loss":0,"event_name":"Ghosts","floor":22,"gold_loss":0}],"is_beta":false,"boss_relics":[{"not_picked":["Black Star","Tiny House"],"picked":"Cursed Key"}],"items_purged_floors":[],"is_endless":false,"potions_floor_spawned":[3,10,12,16,18,20],"killed_by":"Book of Stabbing","ascension_level":7}