{"gold_per_floor":[116,116,135,135,148,148,180,180,180,242,253,253,253,109,109,205,205,220,239,164,177,92,120,120,138,163,163,163,438,438,438,438,438],"floor_reached":33,"playtime":1455,"items_purged":["Defend_B"],"score":261,"play_id":"8a245600-a2b8-4cfd-a2ad-302286e79492","local_time":"20190425144627","is_ascension_mode":false,"campfire_choices":[{"floor":6,"key":"RECALL"},{"floor":8,"key":"REST"},{"floor":12,"key":"REST"},{"floor":15,"key":"REST"},{"floor":24,"key":"REST"},{"floor":27,"key":"REST"},{"data":"Capacitor","floor":32,"key":"SMITH"}],"neow_cost":"NONE","seed_source_timestamp":847491758521897,"circlet_count":0,"master_deck":["Strike_B","Strike_B","Strike_B","Strike_B","Defend_B","Zap","Dualcast","BootSequence","Turbo","Redo","Compile Driver","Glacier","Leap","Conserve Battery","Capacitor+1","Buffer","Ball Lightning","Go for the Eyes","Loop","Cold Snap","Writhe","Regret"],"relics":["FrozenCore","FossilizedHelix","Gremlin Horn","Blood Vial","Singing Bowl","Happy Flower","Juzu Bracelet","Pen Nib","Oddly Smooth Stone"],"potions_floor_usage":[16,23,33,33],"damage_taken":[{"damage":0,"enemies":"2 Louse","floor":1,"turns":2},{"damage":1,"enemies":"Jaw Worm","floor":3,"turns":3},{"damage":0,"enemies":"Small Slimes","floor":5,"turns":3},{"damage":38,"enemies":"3 Sentries","floor":7,"turns":7},{"damage":37,"enemies":"Gremlin Nob","floor":10,"turns":7},{"damage":2,"enemies":"Red Slaver","floor":11,"turns":3},{"damage":42,"enemies":"Hexaghost","floor":16,"turns":16},{"damage":5,"enemies":"Shell Parasite","floor":18,"turns":13},{"damage":29,"enemies":"3 Byrds","floor":19,"turns":7},{"damage":6,"enemies":"Shelled Parasite and Fungi","floor":21,"turns":11},{"damage":43,"enemies":"Book of Stabbing","floor":23,"turns":7},{"damage":16,"enemies":"Snecko","floor":25,"turns":7},{"damage":80,"enemies":"Collector","floor":33,"turns":16}],"seed_played":"-1771576030337048747","potions_obtained":[{"floor":1,"key":"LiquidBronze"},{"floor":3,"key":"FocusPotion"},{"floor":7,"key":"Explosive Potion"},{"floor":18,"key":"Poison Potion"},{"floor":25,"key":"Explosive Potion"}],"is_trial":false,"path_per_floor":["M","?","M","?","M","R","E","R","T","?","M","R","?","$","R","B",null,"M","M","?","M","?","E","R","M","T","R","?","?","?","T","R","B"],"character_chosen":"DEFECT","items_purchased":["Capacitor"],"campfire_rested":5,"item_purchase_floors":[14],"current_hp_per_floor":[82,82,81,81,81,81,43,67,67,32,32,56,56,56,80,40,82,77,50,50,46,46,7,32,18,18,43,43,43,71,71,71,0],"gold":438,"neow_bonus":"TEN_PERCENT_HP_BONUS","is_prod":false,"is_daily":false,"chose_seed":false,"campfire_upgraded":1,"win_rate":0,"timestamp":1556160387,"path_taken":["M","?","M","?","M","R","E","R","T","?","M","R","?","$","R","BOSS","M","M","?","M","?","E","R","M","T","R","?","?","?","?","R","BOSS"],"build_version":"2019-01-23","purchased_purges":1,"victory":false,"max_hp_per_floor":[82,82,82,82,82,82,82,82,82,82,82,82,82,82,82,82,82,82,82,82,82,82,84,84,84,84,84,84,84,84,84,84,84],"card_choices":[{"not_picked":["Force Field","Go for the Eyes"],"picked":"BootSequence","floor":1},{"not_picked":["Lockon","Skim"],"picked":"Redo","floor":3},{"not_picked":["Melter","Recycle"],"picked":"Compile Driver","floor":5},{"not_picked":["Rebound","Steam Power"],"picked":"Glacier","floor":7},{"not_picked":["Double Energy","Scrape"],"picked":"Leap","floor":10},{"not_picked":["Chaos","Darkness"],"picked":"Conserve Battery","floor":11},{"not_picked":["Reboot","Amplify"],"picked":"Buffer","floor":16},{"not_picked":["Darkness","Turbo"],"picked":"Ball Lightning","floor":18},{"not_picked":["Beam Cell","Redo"],"picked":"Go for the Eyes","floor":19},{"not_picked":["Darkness+1","Turbo+1"],"picked":"Loop","floor":21},{"not_picked":["Heatsinks","Coolheaded","Amplify"],"picked":"Singing Bowl","floor":23},{"not_picked":["Aggregate","Blizzard"],"picked":"Cold Snap","floor":25}],"player_experience":73089,"relics_obtained":[{"floor":7,"key":"Gremlin Horn"},{"floor":23,"key":"Happy Flower"},{"floor":26,"key":"Juzu Bracelet"},{"floor":31,"key":"Oddly Smooth Stone"}],"event_choices":[{"damage_healed":0,"gold_gain":0,"cards_transformed":["Defend_B"],"player_choice":"Change","damage_taken":0,"max_hp_gain":0,"max_hp_loss":0,"event_name":"Living Wall","floor":2,"gold_loss":0,"cards_obtained":["Turbo"]},{"damage_healed":0,"gold_gain":0,"player_choice":"Box","damage_taken":0,"relics_obtained":["FossilizedHelix"],"max_hp_gain":0,"max_hp_loss":0,"event_name":"Big Fish","floor":4,"gold_loss":0,"cards_obtained":["Regret"]},{"damage_healed":0,"gold_gain":0,"player_choice":"Searched \u00272\u0027 times","damage_taken":0,"relics_obtained":["Blood Vial"],"max_hp_gain":0,"max_hp_loss":0,"event_name":"Dead Adventurer","floor":10,"gold_loss":0},{"cards_removed":["Regret"],"damage_healed":0,"gold_gain":0,"player_choice":"Removed Curses","damage_taken":0,"max_hp_gain":0,"max_hp_loss":0,"event_name":"Fountain of Cleansing","floor":13,"gold_loss":0},{"cards_removed":["Defend_B"],"damage_healed":0,"gold_gain":0,"player_choice":"Gave Gold","damage_taken":0,"max_hp_gain":0,"max_hp_loss":0,"event_name":"Beggar","floor":20,"gold_loss":75},{"damage_healed":0,"gold_gain":0,"player_choice":"Obtained Relic","damage_taken":0,"relics_obtained":["Singing Bowl"],"max_hp_gain":0,"max_hp_loss":0,"event_name":"Addict","floor":22,"gold_loss":85},{"damage_healed":0,"gold_gain":0,"player_choice":"Opened","damage_taken":0,"relics_obtained":["Pen Nib"],"max_hp_gain":0,"max_hp_loss":0,"event_name":"The Mausoleum","floor":28,"gold_loss":0,"cards_obtained":["Writhe"]},{"damage_healed":0,"gold_gain":275,"player_choice":"Desecrate","damage_taken":0,"max_hp_gain":0,"max_hp_loss":0,"event_name":"Golden Shrine","floor":29,"gold_loss":0,"cards_obtained":["Regret"]},{"damage_healed":28,"gold_gain":0,"player_choice":"Heal","damage_taken":0,"max_hp_gain":0,"max_hp_loss":0,"event_name":"The Library","floor":30,"gold_loss":0}],"is_beta":false,"boss_relics":[{"not_picked":["Runic Pyramid","Empty Cage"],"picked":"FrozenCore"}],"items_purged_floors":[14],"is_endless":false,"potions_floor_spawned":[1,3,7,18,25],"killed_by":"Collector","ascension_level":0}