{"gold_per_floor":[115,40,40,0,19,19,19,51,51,80,80,97,97],"floor_reached":13,"playtime":246,"items_purged":["Zap"],"score":141,"play_id":"d98d064e-cab8-4fba-94e6-647bb8c17b92","local_time":"20190131220039","is_ascension_mode":false,"campfire_choices":[{"data":"Sunder","floor":6,"key":"SMITH"},{"data":"Creative AI","floor":11,"key":"SMITH"}],"neow_cost":"NONE","seed_source_timestamp":209850502138073,"circlet_count":0,"master_deck":["Strike_B","Strike_B","Strike_B","Strike_B","Defend_B","Defend_B","Defend_B","Defend_B","Dualcast","Cold Snap","Sunder+1","Skim","Cold Snap","Creative AI+1","Defragment"],"relics":["Cracked Core","NeowsBlessing","Blue Candle","Omamori"],"potions_floor_usage":[10],"damage_taken":[{"damage":0,"enemies":"Jaw Worm","floor":1,"turns":1},{"damage":0,"enemies":"Cultist","floor":5,"turns":1},{"damage":0,"enemies":"Gremlin Nob","floor":8,"turns":1},{"damage":0,"enemies":"3 Sentries","floor":10,"turns":6},{"damage":2,"enemies":"2 Louse","floor":12,"turns":2},{"damage":0,"enemies":"Exordium Thugs","floor":13,"turns":1}],"seed_played":"-4762393825907719594","potions_obtained":[{"floor":1,"key":"Fire Potion"},{"floor":5,"key":"Poison Potion"}],"is_trial":false,"path_per_floor":["M","$","?","$","M","R","?","E","T","E","R","M","M"],"character_chosen":"DEFECT","items_purchased":["Sunder"],"campfire_rested":0,"item_purchase_floors":[4],"current_hp_per_floor":[75,75,80,80,80,80,80,80,80,80,80,78,78],"gold":97,"neow_bonus":"THREE_ENEMY_KILL","is_prod":false,"is_daily":false,"chose_seed":false,"campfire_upgraded":2,"win_rate":0,"timestamp":1548939639,"path_taken":["M","$","?","$","M","R","?","E","T","E","R","?","M"],"build_version":"2019-01-23","purchased_purges":1,"victory":false,"max_hp_per_floor":[75,75,80,80,80,80,80,80,80,80,80,80,80],"card_choices":[{"not_picked":["Darkness","Go for the Eyes"],"picked":"Cold Snap","floor":1},{"not_picked":["Compile Driver","Hello World","Hologram"],"picked":"SKIP","floor":5},{"not_picked":["Aggregate","Capacitor"],"picked":"Cold Snap","floor":8},{"not_picked":["Heatsinks","Undo"],"picked":"Creative AI","floor":10},{"not_picked":["Redo","Compile Driver"],"picked":"Defragment","floor":12}],"player_experience":573007,"relics_obtained":[{"floor":8,"key":"Blue Candle"},{"floor":10,"key":"Omamori"}],"event_choices":[{"damage_healed":0,"gold_gain":0,"player_choice":"Donut","damage_taken":0,"max_hp_gain":5,"max_hp_loss":0,"event_name":"Big Fish","floor":3,"gold_loss":0},{"damage_healed":0,"gold_gain":0,"player_choice":"1 cards matched","damage_taken":0,"max_hp_gain":0,"max_hp_loss":0,"event_name":"Match and Keep!","floor":7,"gold_loss":0,"cards_obtained":["Skim"]}],"is_beta":false,"boss_relics":[],"items_purged_floors":[2],"is_endless":false,"potions_floor_spawned":[1,5],"killed_by":"Exordium Thugs","ascension_level":0}