{"gold_per_floor":[109,128,128,140,65,65,79,79,102,102,128,75,75,88,88,88],"floor_reached":16,"playtime":676,"items_purged":["Strike_G"],"score":135,"play_id":"4945828b-40ce-49c6-a1d3-92e2b62138f5","local_time":"20180920214604","is_ascension_mode":true,"campfire_choices":[{"data":"Neutralize","floor":6,"key":"SMITH"},{"data":"Cloak And Dagger","floor":8,"key":"SMITH"},{"data":"Survivor","floor":10,"key":"SMITH"},{"data":"Blade Dance","floor":15,"key":"SMITH"}],"neow_cost":"NONE","seed_source_timestamp":401542898534309,"circlet_count":0,"master_deck":["Defend_G","Defend_G+1","Defend_G","Defend_G+1","Strike_G","Strike_G","Strike_G","Survivor+1","Neutralize+1","Cloak And Dagger+1","PiercingWail","Blade Dance+1","Blade Dance"],"relics":["Ring of the Snake","Centennial Puzzle","Regal Pillow","War Paint"],"potions_floor_usage":[11,11],"damage_taken":[{"damage":2,"enemies":"2 Louse","floor":1,"turns":3},{"damage":0,"enemies":"Small Slimes","floor":2,"turns":3},{"damage":0,"enemies":"Jaw Worm","floor":4,"turns":4},{"damage":1,"enemies":"Red Slaver","floor":7,"turns":6},{"damage":11,"enemies":"3 Sentries","floor":11,"turns":10},{"damage":0,"enemies":"3 Louse","floor":14,"turns":3},{"damage":0,"enemies":"Hexaghost","floor":16,"turns":8}],"seed_played":"-3539105754553049167","potions_obtained":[{"floor":2,"key":"SneckoOil"},{"floor":4,"key":"SteroidPotion"}],"is_trial":false,"path_per_floor":["M","M","?","M","$","R","M","R","T","R","E","$","?","M","R"],"character_chosen":"THE_SILENT","items_purchased":["Blade Dance"],"campfire_rested":0,"item_purchase_floors":[12],"current_hp_per_floor":[61,61,54,54,54,54,53,53,53,53,42,42,42,42,42,42],"gold":88,"neow_bonus":"RANDOM_COMMON_RELIC","is_prod":false,"is_daily":false,"chose_seed":false,"campfire_upgraded":4,"win_rate":0,"timestamp":1537447564,"path_taken":["M","M","?","?","$","R","M","R","T","R","E","$","?","?","R","BOSS"],"build_version":"2018-09-06","purchased_purges":1,"victory":false,"max_hp_per_floor":[70,70,70,70,70,70,70,70,70,70,70,70,70,70,70,70],"card_choices":[{"not_picked":["Backflip","Dodge and Roll"],"picked":"Cloak And Dagger","floor":1},{"not_picked":["Catalyst","Dagger Throw"],"picked":"PiercingWail","floor":2},{"not_picked":["Underhanded Strike","Outmaneuver","Leg Sweep"],"picked":"SKIP","floor":4},{"not_picked":["Crippling Poison","Doppelganger","Sucker Punch"],"picked":"SKIP","floor":7},{"not_picked":["Dodge and Roll","Underhanded Strike"],"picked":"Blade Dance","floor":11},{"not_picked":["Reflex","Crippling Poison","Bouncing Flask"],"picked":"SKIP","floor":14}],"player_experience":306209,"relics_obtained":[{"floor":9,"key":"Regal Pillow"},{"floor":11,"key":"War Paint"}],"event_choices":[{"event_name":"Golden Wing","player_choice":"Card Removal","floor":3,"damage_taken":0},{"event_name":"Bonfire Elementals","player_choice":"BASIC","floor":13,"damage_taken":0}],"is_beta":false,"boss_relics":[],"items_purged_floors":[5],"is_endless":false,"potions_floor_spawned":[2,4],"killed_by":"Hexaghost","ascension_level":7}