{"gold_per_floor":[114,114,39,50,50,50,75,85,109,136,149,180,180,30,30,129,129,141,241,252,264,274,274,292,292,317,335,355,105,20,54,54,54],"floor_reached":33,"playtime":1534,"items_purged":["Strike_R","Strike_R"],"score":359,"play_id":"458fc1b6-52c3-44ef-9a0c-58513664c631","local_time":"20181031042709","is_ascension_mode":true,"campfire_choices":[{"data":"Strike_R","floor":6,"key":"SMITH"},{"data":"Searing Blow","floor":13,"key":"SMITH"},{"data":"Searing Blow+1","floor":15,"key":"SMITH"},{"data":"Fiend Fire","floor":23,"key":"SMITH"},{"data":"Rampage","floor":25,"key":"SMITH"},{"data":"Searing Blow+3","floor":32,"key":"SMITH"}],"neow_cost":"NONE","seed_source_timestamp":368544730840552,"circlet_count":0,"master_deck":["Strike_R+1","Strike_R+1","Strike_R","Defend_R","Defend_R+1","Defend_R+1","Defend_R","Bash+1","Offering","Spot Weakness","Searing Blow+4","Fiend Fire+1","Thunderclap","Heavy Blade+1","Armaments+1","Shrug It Off+1","Rampage+1","Combust"],"relics":["Burning Blood","Bag of Marbles","War Paint","Gremlin Horn","Strawberry","Blood Vial","StoneCalendar","Lantern","Sozu","Thread and Needle","Singing Bowl","Whetstone","Anchor","Centennial Puzzle","Ginger"],"potions_floor_usage":[10,16,24],"damage_taken":[{"damage":10,"enemies":"Small Slimes","floor":1,"turns":5},{"damage":1,"enemies":"Cultist","floor":4,"turns":4},{"damage":18,"enemies":"Gremlin Nob","floor":7,"turns":4},{"damage":0,"enemies":"2 Louse","floor":8,"turns":2},{"damage":9,"enemies":"3 Sentries","floor":10,"turns":9},{"damage":3,"enemies":"Blue Slaver","floor":11,"turns":4},{"damage":25,"enemies":"Gremlin Nob","floor":12,"turns":4},{"damage":60,"enemies":"Slime Boss","floor":16,"turns":7},{"damage":6,"enemies":"2 Thieves","floor":18,"turns":3},{"damage":10,"enemies":"Colosseum Slavers","floor":19,"turns":3},{"damage":26,"enemies":"Colosseum Nobs","floor":19,"turns":4},{"damage":6,"enemies":"Shell Parasite","floor":20,"turns":1},{"damage":6,"enemies":"Centurion and Healer","floor":21,"turns":1},{"damage":21,"enemies":"Snake Plant","floor":22,"turns":2},{"damage":0,"enemies":"Chosen and Byrds","floor":24,"turns":3},{"damage":3,"enemies":"Centurion and Healer","floor":27,"turns":3},{"damage":8,"enemies":"Sentry and Sphere","floor":28,"turns":3},{"damage":4,"enemies":"Book of Stabbing","floor":31,"turns":3},{"damage":62,"enemies":"Collector","floor":33,"turns":6}],"seed_played":"-5337005995320556638","potions_obtained":[{"floor":1,"key":"Strength Potion"},{"floor":4,"key":"EssenceOfSteel"},{"floor":7,"key":"GamblersBrew"}],"is_trial":false,"path_per_floor":["M","?","$","M","?","R","E","M","T","E","M","E","R","$","R","B",null,"M","?","M","M","M","R","M","R","T","M","M","$","?","E","R"],"character_chosen":"IRONCLAD","items_purchased":["Lantern","Anchor"],"campfire_rested":0,"item_purchase_floors":[14,29],"current_hp_per_floor":[76,76,76,80,77,77,65,71,78,75,80,63,63,63,63,11,68,70,50,52,56,43,43,51,51,51,58,60,60,60,64,64,4],"gold":54,"neow_bonus":"RANDOM_COMMON_RELIC","is_prod":false,"is_daily":false,"chose_seed":false,"campfire_upgraded":6,"win_rate":0,"timestamp":1540927629,"path_taken":["M","?","$","M","?","R","E","M","T","E","?","E","R","?","R","BOSS","M","?","M","M","M","R","?","R","T","M","?","$","?","E","R","BOSS"],"build_version":"2018-10-25v2","purchased_purges":2,"victory":false,"max_hp_per_floor":[80,80,80,80,80,80,80,80,87,87,87,87,87,87,87,87,87,87,87,87,89,89,89,89,89,89,91,93,93,93,93,93,93],"card_choices":[{"not_picked":["Pummel","Headbutt","Uppercut"],"picked":"SKIP","floor":1},{"not_picked":["Heavy Blade","Perfected Strike","Havoc"],"picked":"SKIP","floor":4},{"not_picked":["Clash","Headbutt"],"picked":"Offering","floor":7},{"not_picked":["Clothesline","Anger","Infernal Blade"],"picked":"SKIP","floor":8},{"not_picked":["Warcry","Pommel Strike"],"picked":"Spot Weakness","floor":10},{"not_picked":["Clash","Shrug It Off"],"picked":"Searing Blow","floor":11},{"not_picked":["Iron Wave","Body Slam","Exhume"],"picked":"SKIP","floor":12},{"not_picked":["Dark Embrace","Brutality"],"picked":"Fiend Fire","floor":16},{"not_picked":["Pommel Strike","Spot Weakness"],"picked":"Thunderclap","floor":18},{"not_picked":["Havoc","Thunderclap"],"picked":"Heavy Blade+1","floor":19},{"not_picked":["Havoc","Bloodletting"],"picked":"Armaments+1","floor":20},{"not_picked":["Clothesline","Corruption","Body Slam"],"picked":"Singing Bowl","floor":21},{"not_picked":["Havoc","Sword Boomerang+1"],"picked":"Shrug It Off+1","floor":22},{"not_picked":["Warcry","Rupture"],"picked":"Rampage","floor":24},{"not_picked":["Anger+1","Havoc","Iron Wave"],"picked":"Singing Bowl","floor":27},{"not_picked":["Cleave","Second Wind","Clothesline"],"picked":"Singing Bowl","floor":28},{"not_picked":["Pommel Strike","Fire Breathing"],"picked":"Combust","floor":31}],"player_experience":417243,"relics_obtained":[{"floor":7,"key":"Gremlin Horn"},{"floor":9,"key":"Strawberry"},{"floor":10,"key":"Blood Vial"},{"floor":12,"key":"StoneCalendar"},{"floor":19,"key":"Thread and Needle"},{"floor":19,"key":"Singing Bowl"},{"floor":26,"key":"Whetstone"},{"floor":31,"key":"Ginger"}],"event_choices":[{"damage_healed":0,"gold_gain":0,"player_choice":"Forge","damage_taken":0,"max_hp_gain":0,"max_hp_loss":0,"event_name":"Accursed Blacksmith","floor":2,"gold_loss":0,"cards_upgraded":["Bash"]},{"damage_healed":0,"gold_gain":0,"player_choice":"Success","damage_taken":3,"relics_obtained":["War Paint"],"max_hp_gain":0,"max_hp_loss":0,"event_name":"Scrap Ooze","floor":5,"gold_loss":0},{"damage_healed":0,"gold_gain":0,"player_choice":"Fight","damage_taken":0,"max_hp_gain":0,"max_hp_loss":0,"event_name":"Colosseum","floor":19,"gold_loss":0},{"damage_healed":0,"gold_gain":0,"player_choice":"Fought Nobs","damage_taken":0,"max_hp_gain":0,"max_hp_loss":0,"event_name":"Colosseum","floor":19,"gold_loss":0},{"damage_healed":0,"gold_gain":0,"player_choice":"Obtained Relic","damage_taken":0,"relics_obtained":["Centennial Puzzle"],"max_hp_gain":0,"max_hp_loss":0,"event_name":"Addict","floor":30,"gold_loss":85}],"is_beta":false,"boss_relics":[{"not_picked":["Empty Cage","Snecko Eye"],"picked":"Sozu"}],"items_purged_floors":[3,29],"is_endless":false,"potions_floor_spawned":[1,4,7,8,18,19,21,28,31],"killed_by":"Collector","ascension_level":5}