{"gold_per_floor":[214,231,245,245,255,255,272,272,272,306,324,324,324,340,340,340],"floor_reached":16,"playtime":897,"items_purged":[],"score":104,"play_id":"31622f98-b4b9-4d1d-979b-9d15f49b2c31","local_time":"20180708212805","is_ascension_mode":false,"campfire_choices":[{"data":"Shrug It Off","floor":6,"key":"SMITH"},{"data":"Shrug It Off","floor":8,"key":"SMITH"},{"data":"Pommel Strike","floor":12,"key":"SMITH"},{"floor":15,"key":"REST"}],"neow_cost":"NONE","seed_source_timestamp":173221957270664,"circlet_count":0,"master_deck":["Strike_R","Strike_R","Strike_R","Strike_R","Defend_R","Defend_R","Defend_R","Bash","Shrug It Off+1","Twin Strike","Shrug It Off+1","Whirlwind","Pommel Strike+1","Burning Pact"],"relics":["Burning Blood","Ice Cream","Dodecahedron"],"potions_floor_usage":[16,16,16],"damage_taken":[{"damage":3,"enemies":"Small Slimes","floor":1,"turns":4},{"damage":1,"enemies":"Jaw Worm","floor":2,"turns":4},{"damage":13,"enemies":"2 Louse","floor":3,"turns":3},{"damage":8,"enemies":"Exordium Wildlife","floor":5,"turns":6},{"damage":1,"enemies":"Red Slaver","floor":7,"turns":6},{"damage":13,"enemies":"Lagavulin","floor":10,"turns":7},{"damage":7,"enemies":"Blue Slaver","floor":11,"turns":4},{"damage":14,"enemies":"3 Louse","floor":14,"turns":3},{"damage":84,"enemies":"Hexaghost","floor":16,"turns":10}],"seed_played":"-6073588383265864155","potions_obtained":[{"floor":3,"key":"Explosive Potion"},{"floor":10,"key":"GamblersBrew"},{"floor":11,"key":"AttackPotion"}],"is_trial":false,"path_per_floor":["M","M","M","?","M","R","M","R","T","E","M","R","?","M","R"],"character_chosen":"IRONCLAD","items_purchased":[],"campfire_rested":1,"item_purchase_floors":[],"current_hp_per_floor":[80,80,73,66,64,64,69,69,69,62,61,61,61,53,77,0],"gold":340,"neow_bonus":"HUNDRED_GOLD","is_prod":false,"is_daily":false,"chose_seed":false,"campfire_upgraded":3,"win_rate":0.0,"timestamp":1531052885,"path_taken":["M","M","M","?","M","R","M","R","T","E","M","R","?","M","R","BOSS"],"build_version":"2018-07-05","purchased_purges":0,"victory":false,"max_hp_per_floor":[80,80,80,80,80,80,80,80,80,80,80,80,80,80,80,80],"card_choices":[{"not_picked":["Thunderclap","Pommel Strike"],"picked":"Shrug It Off","floor":1},{"not_picked":["Clothesline","Sever Soul"],"picked":"Twin Strike","floor":2},{"not_picked":["Iron Wave","Clothesline","Heavy Blade"],"picked":"SKIP","floor":3},{"not_picked":["Headbutt","Impervious"],"picked":"Shrug It Off","floor":5},{"not_picked":["Heavy Blade","Thunderclap"],"picked":"Whirlwind","floor":7},{"not_picked":["Feel No Pain","Blood for Blood"],"picked":"Pommel Strike","floor":10},{"not_picked":["Clothesline","Clash","Havoc"],"picked":"SKIP","floor":11},{"not_picked":["Rupture","Sword Boomerang","Clothesline"],"picked":"SKIP","floor":14}],"player_experience":74995,"relics_obtained":[{"floor":9,"key":"Ice Cream"},{"floor":10,"key":"Dodecahedron"}],"event_choices":[{"event_name":"Golden Wing","player_choice":"Card Removal","floor":4,"damage_taken":0},{"event_name":"Transmorgrifier","player_choice":"Transform","floor":13,"damage_taken":0}],"boss_relics":[],"items_purged_floors":[],"is_endless":false,"potions_floor_spawned":[3,10,11],"killed_by":"Hexaghost","ascension_level":0}