{"gold_per_floor":[114,127,4,20,97,122,122,72,72,85,99,99,112,37,37,142,142,152,163,175,185,198,198,98,115,115,37,37],"floor_reached":28,"playtime":1539,"items_purged":["Defend_R","Strike_R"],"score":224,"play_id":"beb68181-6887-43a2-aa89-367c878cec72","local_time":"20180708211256","is_ascension_mode":false,"campfire_choices":[{"data":"Armaments","floor":7,"key":"SMITH"},{"data":"Perfected Strike","floor":12,"key":"SMITH"},{"data":"Shrug It Off","floor":15,"key":"SMITH"},{"floor":23,"key":"REST"}],"neow_cost":"NONE","seed_source_timestamp":171670396117557,"circlet_count":0,"master_deck":["Strike_R","Strike_R","Strike_R","Strike_R","Defend_R","Defend_R","Bash+1","Perfected Strike+1","Armaments+1","Shrug It Off","Twin Strike","Twin Strike","Shrug It Off","Shrug It Off+1","Evolve","Armaments","Wild Strike","Warcry","Power Through","Reckless Charge"],"relics":["Burning Blood","Unceasing Top","Mercury Hourglass","Orrery","Gremlin Horn"],"potions_floor_usage":[16,16,25,25,25],"damage_taken":[{"damage":5,"enemies":"Jaw Worm","floor":1,"turns":5},{"damage":0,"enemies":"Small Slimes","floor":2,"turns":3},{"damage":1,"enemies":"Cultist","floor":4,"turns":3},{"damage":27,"enemies":"Gremlin Nob","floor":6,"turns":4},{"damage":0,"enemies":"Large Slime","floor":10,"turns":4},{"damage":0,"enemies":"Blue Slaver","floor":11,"turns":3},{"damage":0,"enemies":"2 Fungi Beasts","floor":13,"turns":2},{"damage":29,"enemies":"The Guardian","floor":16,"turns":10},{"damage":16,"enemies":"3 Byrds","floor":18,"turns":5},{"damage":23,"enemies":"Shell Parasite","floor":19,"turns":7},{"damage":5,"enemies":"Cultist and Chosen","floor":20,"turns":6},{"damage":0,"enemies":"Snecko","floor":21,"turns":4},{"damage":42,"enemies":"Sentry and Sphere","floor":22,"turns":8},{"damage":36,"enemies":"Centurion and Healer","floor":25,"turns":6},{"damage":27,"enemies":"Slavers","floor":28,"turns":1}],"seed_played":"-5362298501724153870","potions_obtained":[{"floor":2,"key":"Energy Potion"},{"floor":10,"key":"FearPotion"},{"floor":11,"key":"SteroidPotion"},{"floor":19,"key":"EntropicBrew"},{"floor":21,"key":"GamblersBrew"},{"floor":25,"key":"Swift Potion"}],"is_trial":false,"path_per_floor":["M","M","$","M","?","E","R","?","T","M","M","R","M","$","R","B",null,"M","M","M","M","M","R","$","M","T","$"],"character_chosen":"IRONCLAD","items_purchased":["Armaments","Shrug It Off","Twin Strike","Reckless Charge"],"campfire_rested":1,"item_purchase_floors":[3,3,3,27],"current_hp_per_floor":[80,80,80,80,80,59,59,59,59,65,71,71,77,77,77,54,80,70,53,54,60,24,48,48,18,18,18,0],"gold":37,"neow_bonus":"UPGRADE_CARD","is_prod":false,"is_daily":false,"chose_seed":false,"campfire_upgraded":3,"win_rate":0.0,"timestamp":1531051976,"path_taken":["M","M","$","M","?","E","R","?","T","M","M","R","M","$","R","BOSS","M","M","?","?","M","R","$","M","T","$","E"],"build_version":"2018-07-05","purchased_purges":2,"victory":false,"max_hp_per_floor":[80,80,80,80,80,80,80,80,80,80,80,80,80,80,80,80,80,80,80,80,80,80,80,80,80,80,80,80],"card_choices":[{"not_picked":["Anger","Blood for Blood","Searing Blow"],"picked":"SKIP","floor":1},{"not_picked":["Flex","Corruption"],"picked":"Perfected Strike","floor":2},{"not_picked":["Disarm","Iron Wave"],"picked":"Twin Strike","floor":4},{"not_picked":["Twin Strike","Flame Barrier"],"picked":"Shrug It Off","floor":6},{"not_picked":["Hemokinesis","Cleave","Rampage"],"picked":"SKIP","floor":10},{"not_picked":["Sentinel","Armaments"],"picked":"Shrug It Off","floor":11},{"not_picked":["Sword Boomerang","Feel No Pain","Headbutt"],"picked":"SKIP","floor":13},{"not_picked":["Sword Boomerang","Clash"],"picked":"Evolve","floor":17},{"not_picked":["Carnage","Inflame"],"picked":"Armaments","floor":18},{"not_picked":["Demon Form","Rage"],"picked":"Wild Strike","floor":19},{"not_picked":["Sentinel","Evolve"],"picked":"Warcry","floor":20},{"not_picked":["Rage","Clash+1","Warcry"],"picked":"SKIP","floor":21},{"not_picked":["Headbutt","Iron Wave+1","Thunderclap+1"],"picked":"SKIP","floor":22},{"not_picked":["Entrench+1","Clothesline"],"picked":"Power Through","floor":25}],"player_experience":73456,"relics_obtained":[{"floor":6,"key":"Unceasing Top"},{"floor":9,"key":"Mercury Hourglass"},{"floor":26,"key":"Gremlin Horn"}],"event_choices":[{"event_name":"Golden Wing","player_choice":"Gained Gold","floor":5,"damage_taken":0},{"event_name":"The Cleric","player_choice":"Card Removal","floor":8,"damage_taken":0}],"boss_relics":[{"not_picked":["Mark of Pain","Fusion Hammer"],"picked":"Orrery"}],"items_purged_floors":[14,24],"is_endless":false,"potions_floor_spawned":[2,10,11,19,21,25],"killed_by":"Slavers","ascension_level":0}