{"gold_per_floor":[111,286,298,315,41,69,83,96,121,121,139,155,155,166,166,271,271,290,310,310,323,350,350,350],"floor_reached":24,"playtime":1559,"items_purged":["Doubt"],"score":227,"play_id":"3f04aa1b-91d7-4bb5-a7b4-f9a181d8a820","local_time":"20180708215434","is_ascension_mode":false,"campfire_choices":[{"floor":10,"key":"REST"},{"data":"Shrug It Off","floor":13,"key":"SMITH"},{"data":"Shrug It Off","floor":15,"key":"SMITH"},{"floor":23,"key":"REST"}],"neow_cost":"NONE","seed_source_timestamp":174129669665971,"circlet_count":0,"master_deck":["Defend_R","Defend_R","Defend_R","Defend_R","Bash","Twin Strike","Twin Strike","Feed","Shrug It Off+1","Shrug It Off","Shrug It Off+1","Warcry","Pommel Strike","Feed","Bite","Bite","Bite","Bite","Bite","Warcry+1"],"special_seed":0,"relics":["Burning Blood","NeowsBlessing","Pen Nib","Boot","Eternal Feather","Art of War"],"potions_floor_usage":[16,16,16,19,24,24],"damage_taken":[{"damage":0,"enemies":"2 Louse","floor":1,"turns":1},{"damage":0,"enemies":"Jaw Worm","floor":3,"turns":1},{"damage":0,"enemies":"Small Slimes","floor":4,"turns":1},{"damage":22,"enemies":"Gremlin Nob","floor":6,"turns":5},{"damage":20,"enemies":"Exordium Wildlife","floor":7,"turns":5},{"damage":13,"enemies":"Exordium Thugs","floor":8,"turns":6},{"damage":2,"enemies":"Blue Slaver","floor":11,"turns":4},{"damage":4,"enemies":"3 Louse","floor":12,"turns":4},{"damage":15,"enemies":"Large Slime","floor":14,"turns":10},{"damage":59,"enemies":"Hexaghost","floor":16,"turns":11},{"damage":25,"enemies":"3 Byrds","floor":18,"turns":9},{"damage":22,"enemies":"Shell Parasite","floor":19,"turns":9},{"damage":60,"enemies":"Snake Plant","floor":21,"turns":8},{"damage":74,"enemies":"Slavers","floor":24,"turns":7}],"seed_played":"-4160869197442064079","potions_obtained":[{"floor":6,"key":"Block Potion"},{"floor":7,"key":"FearPotion"},{"floor":11,"key":"Strength Potion"},{"floor":16,"key":"Weak Potion"},{"floor":18,"key":"Ancient Potion"},{"floor":21,"key":"Swift Potion"}],"is_trial":false,"path_per_floor":["M","?","M","M","$","E","M","M","T","R","M","M","R","M","R","B",null,"M","M","?","M","T","R"],"character_chosen":"IRONCLAD","items_purchased":["Feed","Shrug It Off"],"campfire_rested":2,"item_purchase_floors":[5,5],"current_hp_per_floor":[80,80,80,80,80,64,53,49,49,74,81,86,86,80,80,27,95,82,66,66,29,29,58,0],"gold":350,"neow_bonus":"THREE_ENEMY_KILL","is_prod":false,"is_daily":false,"chose_seed":false,"campfire_upgraded":2,"win_rate":0.0,"timestamp":1531054474,"path_taken":["M","?","M","M","$","E","M","M","T","R","M","M","R","M","R","BOSS","M","M","?","M","?","R","E"],"build_version":"2018-07-05","purchased_purges":1,"victory":false,"max_hp_per_floor":[80,80,80,80,80,80,83,86,86,86,89,92,92,95,95,95,95,101,101,70,73,73,73,76],"card_choices":[{"not_picked":["Flex","Sword Boomerang"],"picked":"Twin Strike","floor":1},{"not_picked":["Clothesline","Headbutt"],"picked":"Twin Strike","floor":3},{"not_picked":["Thunderclap","Rampage","Iron Wave"],"picked":"SKIP","floor":4},{"not_picked":["Pommel Strike","Clash"],"picked":"Shrug It Off","floor":6},{"not_picked":["Bloodletting","Burning Pact"],"picked":"Shrug It Off","floor":7},{"not_picked":["Inflame","True Grit"],"picked":"Warcry","floor":8},{"not_picked":["Hemokinesis","Sword Boomerang","Warcry"],"picked":"SKIP","floor":11},{"not_picked":["Brutality","Blood for Blood","Thunderclap"],"picked":"SKIP","floor":12},{"not_picked":["Cleave","Anger"],"picked":"Pommel Strike","floor":14},{"not_picked":["Dark Embrace","Berserk"],"picked":"Feed","floor":16},{"not_picked":["Twin Strike","Heavy Blade","Intimidate"],"picked":"SKIP","floor":18},{"not_picked":["Searing Blow","Iron Wave","Flex"],"picked":"SKIP","floor":19},{"not_picked":["Clothesline","Clash"],"picked":"Warcry+1","floor":21}],"player_experience":75892,"relics_obtained":[{"floor":6,"key":"Pen Nib"},{"floor":9,"key":"Boot"},{"floor":22,"key":"Art of War"}],"event_choices":[{"event_name":"Liars Game","player_choice":"agreed","floor":2,"damage_taken":0},{"event_name":"Vampires","player_choice":"Became a vampire","floor":20,"damage_taken":0}],"boss_relics":[{"not_picked":["Velvet Choker","White Beast Statue"],"picked":"Eternal Feather"}],"items_purged_floors":[5],"is_endless":false,"potions_floor_spawned":[6,7,11,12,14,16,18,21],"killed_by":"Slavers","ascension_level":0}