{"gold_per_floor":[116,66,90,104,122,5,31,31,58,58,58,68,68],"floor_reached":13,"playtime":455,"items_purged":[],"score":104,"play_id":"70794d3b-2337-48a9-9f0f-5c34b9a17f7f","local_time":"20181101002526","is_ascension_mode":true,"campfire_choices":[{"data":"Fiend Fire","floor":8.0,"key":"SMITH"},{"data":"Bash","floor":10.0,"key":"SMITH"}],"neow_cost":"PERCENT_DAMAGE","seed_source_timestamp":0,"circlet_count":0,"master_deck":["Strike_R","Strike_R","Strike_R","Defend_R","Defend_R","Defend_R","Defend_R","Bash+1","Whirlwind","Metallicize","True Grit","Fiend Fire+1","Thunderclap"],"special_seed":0,"relics":["Burning Blood","Magic Flower","Oddly Smooth Stone","Pen Nib","Juzu Bracelet"],"potions_floor_usage":[],"damage_taken":[{"damage":18.0,"enemies":"Cultist","floor":1.0,"turns":6.0},{"damage":7.0,"enemies":"Jaw Worm","floor":4.0,"turns":5.0},{"damage":0.0,"enemies":"2 Louse","floor":5.0,"turns":1.0},{"damage":26.0,"enemies":"Gremlin Nob","floor":7.0,"turns":5.0},{"damage":26.0,"enemies":"Exordium Thugs","floor":12.0,"turns":7.0},{"damage":0,"enemies":"3 Sentries","floor":13,"turns":1}],"seed_played":"-4068862968890720321","potions_obtained":[{"floor":1.0,"key":"SteroidPotion"},{"floor":5.0,"key":"Energy Potion"}],"is_trial":false,"path_per_floor":["M","?","T","M","M","$","E","R","T","R","?","M"],"character_chosen":"IRONCLAD","items_purchased":["Metallicize","True Grit"],"campfire_rested":0,"item_purchase_floors":[6,6],"current_hp_per_floor":[47,47,47,49,58,58,41,41,41,41,34,17,17],"gold":68,"neow_bonus":"ONE_RARE_RELIC","is_prod":false,"is_daily":false,"chose_seed":false,"campfire_upgraded":2,"win_rate":0,"timestamp":1540999526,"path_taken":["M","?","?","M","M","$","E","R","T","R","?","M","E"],"build_version":"2018-10-25v2","purchased_purges":0,"victory":false,"max_hp_per_floor":[80,80,80,80,80,80,80,80,80,80,80,80,80],"card_choices":[{"not_picked":["Feel No Pain","Bloodletting"],"picked":"Whirlwind","floor":1.0},{"not_picked":["Perfected Strike","Clothesline","Clash"],"picked":"SKIP","floor":4.0},{"not_picked":["Iron Wave","Heavy Blade","Perfected Strike"],"picked":"SKIP","floor":5.0},{"not_picked":["Clash","Sever Soul"],"picked":"Fiend Fire","floor":7.0},{"not_picked":["Body Slam","Cleave"],"picked":"Thunderclap","floor":12.0}],"player_experience":421213,"relics_obtained":[{"floor":3.0,"key":"Oddly Smooth Stone"},{"floor":7.0,"key":"Pen Nib"},{"floor":9.0,"key":"Juzu Bracelet"}],"event_choices":[{"cards_removed":["Strike_R"],"damage_healed":0.0,"max_hp_gain":0.0,"max_hp_loss":0.0,"gold_gain":0.0,"event_name":"The Cleric","player_choice":"Card Removal","floor":2.0,"gold_loss":50.0,"damage_taken":0.0},{"cards_removed":["Strike_R"],"damage_healed":0.0,"max_hp_gain":0.0,"max_hp_loss":0.0,"gold_gain":0.0,"event_name":"Golden Wing","player_choice":"Card Removal","floor":11.0,"gold_loss":0.0,"damage_taken":7.0}],"is_beta":false,"boss_relics":[],"items_purged_floors":[],"is_endless":false,"potions_floor_spawned":[1,5],"killed_by":"3 Sentries","ascension_level":5}