{"gold_per_floor":[117,134,134,24,95,95,105,105,105,105,170,245,256,273,273,372,372,361,377,377,394,412,412,447,447,515,515,515,134,134,134,134,229,229,243,243,259,259,134,134,150,170,170,201,201,11,35,51,51,51],"floor_reached":51,"playtime":4000,"items_purged":["Strike_G","Defend_G","Defend_G+1","Strike_G+1"],"score":808,"play_id":"06cfad1d-9d23-4e46-9e7d-61d037cfbd0a","local_time":"20180912233638","is_ascension_mode":false,"campfire_choices":[{"data":"Noxious Fumes","floor":6,"key":"SMITH"},{"data":"Footwork","floor":8,"key":"SMITH"},{"floor":15,"key":"REST"},{"data":"Cloak And Dagger","floor":23,"key":"SMITH"},{"floor":25,"key":"REST"},{"data":"Cloak And Dagger","floor":28,"key":"SMITH"},{"data":"Terror","floor":30,"key":"SMITH"},{"data":"Neutralize","floor":32,"key":"SMITH"},{"floor":40,"key":"REST"},{"data":"Bane","floor":49,"key":"SMITH"}],"neow_cost":"NONE","seed_source_timestamp":1690550487140,"circlet_count":0,"master_deck":["Defend_G+1","Defend_G+1","Defend_G+1","Strike_G+1","Strike_G+1","Strike_G+1","Survivor+1","Neutralize+1","Prepared+1","Terror+1","Noxious Fumes+1","Footwork+1","Cloak And Dagger+1","After Image+1","Accuracy+1","Blur+1","Accuracy+1","Blur+1","Cloak And Dagger+1","Well Laid Plans+1","Noxious Fumes+1","A Thousand Cuts+1","Bane+1","Dagger Spray+1","Noxious Fumes+1","Bane+1","Accuracy+1"],"relics":["Ring of the Snake","NeowsBlessing","Mummified Hand","Vajra","Omamori","Oddly Smooth Stone","Orrery","Enchiridion","Frozen Egg 2","Letter Opener","ClockworkSouvenir","Eternal Feather","Mark of the Bloom","Matryoshka","Potion Belt","Toxic Egg 2","Strawberry"],"potions_floor_usage":[18,22,41,41,48,50],"damage_taken":[{"damage":0,"enemies":"2 Louse","floor":1,"turns":1},{"damage":0,"enemies":"Jaw Worm","floor":2,"turns":1},{"damage":0,"enemies":"Cultist","floor":7,"turns":1},{"damage":10,"enemies":"Lagavulin Event","floor":11,"turns":6},{"damage":0,"enemies":"Exordium Thugs","floor":13,"turns":5},{"damage":0,"enemies":"Blue Slaver","floor":14,"turns":4},{"damage":0,"enemies":"The Guardian","floor":16,"turns":10},{"damage":0,"enemies":"2 Thieves","floor":18,"turns":5},{"damage":0,"enemies":"Shell Parasite","floor":19,"turns":9},{"damage":0,"enemies":"Snecko","floor":21,"turns":5},{"damage":36,"enemies":"3 Cultists","floor":22,"turns":9},{"damage":0,"enemies":"Book of Stabbing","floor":24,"turns":7},{"damage":0,"enemies":"Automaton","floor":33,"turns":11},{"damage":1,"enemies":"Flame Bruiser 1 Orb","floor":35,"turns":5},{"damage":0,"enemies":"Orb Walker","floor":37,"turns":3},{"damage":1,"enemies":"4 Shapes","floor":41,"turns":5},{"damage":0,"enemies":"Maw","floor":42,"turns":6},{"damage":0,"enemies":"Giant Head","floor":44,"turns":6},{"damage":0,"enemies":"Sphere and 2 Shapes","floor":48,"turns":4},{"damage":25,"enemies":"Donu and Deca","floor":50,"turns":9}],"seed_played":"-5665899401519991215","potions_obtained":[{"floor":1,"key":"GamblersBrew"},{"floor":2,"key":"SkillPotion"},{"floor":14,"key":"Explosive Potion"},{"floor":18,"key":"SpeedPotion"},{"floor":21,"key":"FearPotion"},{"floor":33,"key":"SpeedPotion"},{"floor":37,"key":"LiquidBronze"},{"floor":44,"key":"GhostInAJar"},{"floor":48,"key":"Regen Potion"}],"is_trial":false,"path_per_floor":["M","M","?","$","T","R","M","R","T","?","?","?","M","M","R","B",null,"M","M","?","M","M","R","E","R","T","?","R","$","R","?","R","B",null,"M","?","M","?","$","R","M","M","T","E","?","$","T","M","R","B"],"character_chosen":"THE_SILENT","items_purchased":["Noxious Fumes","Well Laid Plans+1","ClockworkSouvenir","Accuracy+1"],"campfire_rested":3,"item_purchase_floors":[4,29,29,46],"current_hp_per_floor":[70,70,56,56,56,56,56,56,56,38,28,17,17,17,38,38,70,70,70,54,54,18,18,18,39,39,39,39,39,39,39,39,39,70,69,69,69,69,69,69,68,68,68,68,68,68,68,68,68,43],"gold":51,"neow_bonus":"THREE_ENEMY_KILL","is_prod":false,"is_daily":false,"chose_seed":false,"campfire_upgraded":7,"win_rate":0,"timestamp":1536766598,"path_taken":["M","M","?","$","?","R","?","R","T","?","?","?","?","M","R","BOSS","M","M","?","?","M","R","E","R","T","?","R","$","R","?","R","BOSS","M","?","M","?","$","R","M","M","T","E","?","$","?","M","R","BOSS"],"build_version":"2018-08-16","purchased_purges":4,"victory":true,"max_hp_per_floor":[70,70,70,70,70,70,70,70,70,70,70,70,70,70,70,70,70,70,70,70,70,70,70,70,70,70,70,70,70,70,70,70,70,70,70,70,70,70,70,70,70,70,70,70,70,70,77,77,77,77],"card_choices":[{"not_picked":["Calculated Gamble","Heel Hook"],"picked":"Prepared","floor":1},{"not_picked":["Caltrops","PiercingWail"],"picked":"Terror","floor":2},{"not_picked":["Prepared","Backflip"],"picked":"Footwork","floor":7},{"not_picked":["Prepared","Quick Slash"],"picked":"Cloak And Dagger","floor":11},{"not_picked":["Poisoned Stab","Skewer","Choke"],"picked":"SKIP","floor":13},{"not_picked":["Quick Slash","Flechettes","Deadly Poison"],"picked":"SKIP","floor":14},{"not_picked":["Tools of the Trade","Night Terror"],"picked":"After Image","floor":16},{"not_picked":["Dagger Throw","Terror"],"picked":"Accuracy","floor":17},{"not_picked":["All Out Attack","Heel Hook"],"picked":"Blur","floor":17},{"not_picked":["Leg Sweep","Calculated Gamble"],"picked":"Accuracy","floor":17},{"not_picked":["Slice","Deflect"],"picked":"Blur","floor":18},{"not_picked":["Quick Slash+1","Acrobatics","Sucker Punch"],"picked":"SKIP","floor":19},{"not_picked":["PiercingWail","All Out Attack","Tactician"],"picked":"SKIP","floor":21},{"not_picked":["Doppelganger","PiercingWail","Poisoned Stab"],"picked":"SKIP","floor":22},{"not_picked":["PiercingWail","Dagger Spray"],"picked":"Cloak And Dagger","floor":24},{"not_picked":["Glass Knife","Storm of Steel"],"picked":"A Thousand Cuts+1","floor":33},{"not_picked":["Distraction","Dagger Spray"],"picked":"Bane+1","floor":35},{"not_picked":["Sucker Punch","Deflect+1","Catalyst"],"picked":"SKIP","floor":37},{"not_picked":["Prepared+1","Finisher+1"],"picked":"Dagger Spray+1","floor":41},{"not_picked":["PiercingWail","Distraction+1"],"picked":"Noxious Fumes+1","floor":42},{"not_picked":["Expertise+1","Escape Plan+1"],"picked":"Bane","floor":44},{"not_picked":["Outmaneuver+1","Poisoned Stab","PiercingWail+1"],"picked":"SKIP","floor":48}],"player_experience":36955,"relics_obtained":[{"floor":5,"key":"Mummified Hand"},{"floor":9,"key":"Vajra"},{"floor":11,"key":"Oddly Smooth Stone"},{"floor":20,"key":"Enchiridion"},{"floor":24,"key":"Frozen Egg 2"},{"floor":26,"key":"Letter Opener"},{"floor":43,"key":"Matryoshka"},{"floor":44,"key":"Potion Belt"},{"floor":47,"key":"Toxic Egg 2"},{"floor":47,"key":"Strawberry"}],"event_choices":[{"event_name":"Shining Light","player_choice":"Entered Light","floor":3,"damage_taken":0},{"event_name":"Scrap Ooze","player_choice":"success","floor":10,"damage_taken":18},{"event_name":"Dead Adventurer","player_choice":"Searched \u00272\u0027 times","floor":11,"damage_taken":0},{"event_name":"World of Goop","player_choice":"Gather Gold","floor":12,"damage_taken":0},{"event_name":"Cursed Tome","player_choice":"Obtained Book","floor":20,"damage_taken":0},{"event_name":"Ghosts","player_choice":"Ignored","floor":27,"damage_taken":0},{"event_name":"Duplicator","player_choice":"One dupe","floor":31,"damage_taken":0},{"event_name":"MindBloom","player_choice":"Upgrade","floor":36,"damage_taken":0},{"event_name":"SensoryStone","player_choice":"Memory 1","floor":38,"damage_taken":0},{"event_name":"Winding Halls","player_choice":"Writhe","floor":45,"damage_taken":0}],"is_beta":false,"boss_relics":[{"not_picked":["Runic Dome","Velvet Choker"],"picked":"Orrery"},{"not_picked":["Ring of the Serpent","Astrolabe"],"picked":"Eternal Feather"}],"items_purged_floors":[4,29,39,46],"is_endless":false,"potions_floor_spawned":[1,2,14,18,21,33,37,44,48],"ascension_level":0}