{"gold_per_floor":[110,120,140,65,65,94,107,107,158,178,124,140,65,85,85,185,185,196,196,196,222,237,253,253,269,296,296,313,313,47,58,58,153,153,168,168,186,35,54,54,71,71,124,124,124,156,156,156,156,156],"floor_reached":50,"playtime":2863,"items_purged":["Strike_B","Pain"],"score":680,"play_id":"2d0b4a4d-c40e-4c21-aca8-fcbbe1576f54","local_time":"20180713050504","is_ascension_mode":true,"campfire_choices":[{"data":"Zap","floor":8,"key":"SMITH"},{"floor":15,"key":"REST"},{"data":"Echo Form","floor":24,"key":"SMITH"},{"floor":27,"key":"REST"},{"data":"Defragment","floor":29,"key":"SMITH"},{"data":"Stack","floor":32,"key":"SMITH"},{"floor":40,"key":"REST"},{"floor":42,"key":"REST"},{"data":"Buffer","floor":45,"key":"SMITH"},{"floor":47,"key":"REST"},{"floor":49,"key":"REST"}],"neow_cost":"NONE","seed_source_timestamp":82958887894711,"circlet_count":0,"master_deck":["Strike_B+1","Strike_B","Strike_B","Defend_B","Defend_B","Defend_B+1","Defend_B","Zap+1","Dualcast","Core Surge","Turbo","Stack","Ball Lightning","Beam Cell","All For One","Go for the Eyes","Hologram","Ball Lightning","FTL","Defragment+1","Electrodynamics","Loop+1","Barrage","Echo Form+1","Redo+1","Pain","Ball Lightning+1","Stack+1","Bandage Up","Cold Snap","Conserve Battery","Buffer+1","FTL","Steam Power","Cold Snap","Writhe","Redo+1"],"relics":["Cracked Core","Bottled Flame","Bag of Preparation","Cursed Key","Boot","Strawberry","Black Star","Orichalcum","Ancient Tea Set","Anchor","Omamori","Thread and Needle"],"potions_floor_usage":[16,16,16,23,28,35,41,46,46,48],"damage_taken":[{"damage":0,"enemies":"Cultist","floor":1,"turns":3},{"damage":1,"enemies":"Jaw Worm","floor":2,"turns":3},{"damage":2,"enemies":"Small Slimes","floor":3,"turns":2},{"damage":8,"enemies":"3 Sentries","floor":6,"turns":6},{"damage":14,"enemies":"Exordium Thugs","floor":7,"turns":3},{"damage":0,"enemies":"Blue Slaver","floor":10,"turns":2},{"damage":0,"enemies":"Looter","floor":12,"turns":1},{"damage":0,"enemies":"2 Fungi Beasts","floor":14,"turns":2},{"damage":43,"enemies":"The Guardian","floor":16,"turns":9},{"damage":0,"enemies":"Spheric Guardian","floor":18,"turns":2},{"damage":10,"enemies":"Shell Parasite","floor":22,"turns":4},{"damage":10,"enemies":"Centurion and Healer","floor":23,"turns":4},{"damage":20,"enemies":"Snecko","floor":25,"turns":3},{"damage":9,"enemies":"3 Cultists","floor":28,"turns":3},{"damage":1,"enemies":"Centurion and Healer","floor":31,"turns":3},{"damage":56,"enemies":"Collector","floor":33,"turns":7},{"damage":48,"enemies":"3 Darklings","floor":35,"turns":5},{"damage":12,"enemies":"3 Shapes","floor":37,"turns":3},{"damage":7,"enemies":"Sphere and 2 Shapes","floor":39,"turns":3},{"damage":18,"enemies":"4 Shapes","floor":41,"turns":5},{"damage":31,"enemies":"Giant Head","floor":46,"turns":10},{"damage":16,"floor":48,"turns":5},{"damage":79,"enemies":"Time Eater","floor":50,"turns":6}],"seed_played":"2992070245755541697","potions_obtained":[{"floor":3,"key":"SpeedPotion"},{"floor":7,"key":"Dexterity Potion"},{"floor":10,"key":"Poison Potion"},{"floor":16,"key":"EssenceOfSteel"},{"floor":22,"key":"Fire Potion"},{"floor":23,"key":"Regen Potion"},{"floor":25,"key":"EssenceOfSteel"},{"floor":37,"key":"PowerPotion"},{"floor":39,"key":"Explosive Potion"},{"floor":41,"key":"Swift Potion"},{"floor":46,"key":"Weak Potion"}],"is_trial":false,"path_per_floor":["M","M","M","$","?","E","M","R","T","M","$","M","$","M","R","B",null,"M","?","?","T","M","M","R","M","T","R","M","R","$","M","R","B",null,"M","?","M","$","M","R","M","R","T","$","R","E","R","?","R"],"character_chosen":"DEFECT","items_purchased":["Hologram","FTL","Stack","Bandage Up","Cold Snap","Orichalcum"],"campfire_rested":6,"item_purchase_floors":[11,13,30,30,30,38],"current_hp_per_floor":[75,74,72,72,57,49,35,35,35,35,35,35,35,35,57,14,75,75,75,75,75,65,55,55,35,42,66,66,66,66,73,73,21,82,38,38,26,26,23,47,37,61,61,61,61,34,58,46,70,0],"gold":156,"neow_bonus":"ONE_RANDOM_RARE_CARD","is_prod":false,"is_daily":false,"chose_seed":false,"campfire_upgraded":5,"win_rate":0,"timestamp":1531425904,"path_taken":["M","M","?","$","?","E","M","R","T","M","$","M","?","M","R","BOSS","M","?","?","?","?","M","R","M","T","R","M","R","$","M","R","BOSS","M","?","?","$","M","R","M","R","T","$","R","E","R","?","R","BOSS"],"build_version":"2018-07-05","purchased_purges":2,"victory":false,"max_hp_per_floor":[75,75,75,75,75,75,75,75,75,75,75,75,75,75,75,75,75,75,75,75,75,75,75,75,75,82,82,82,82,82,82,82,82,82,82,82,82,82,82,82,82,82,82,82,82,82,82,82,82,82],"card_choices":[{"not_picked":["Sweeping Beam","Aggregate"],"picked":"Turbo","floor":1},{"not_picked":["Lockon","Storm"],"picked":"Stack","floor":2},{"not_picked":["White Noise","Tempest"],"picked":"Ball Lightning","floor":3},{"not_picked":["Leap","Streamline"],"picked":"Beam Cell","floor":6},{"not_picked":["Aggregate","Compile Driver"],"picked":"All For One","floor":7},{"not_picked":["Undo","Coolheaded"],"picked":"Go for the Eyes","floor":10},{"not_picked":["Go for the Eyes","Scrape"],"picked":"Ball Lightning","floor":12},{"not_picked":["Sweeping Beam","Go for the Eyes"],"picked":"Defragment","floor":14},{"not_picked":["Machine Learning","Amplify"],"picked":"Electrodynamics","floor":16},{"not_picked":["Streamline+1","Sweeping Beam"],"picked":"Loop+1","floor":18},{"not_picked":["Coolheaded","Compile Driver"],"picked":"Barrage","floor":22},{"not_picked":["Compile Driver+1","Recycle"],"picked":"Echo Form","floor":23},{"not_picked":["Rip and Tear+1","Blizzard"],"picked":"Redo+1","floor":25},{"not_picked":["Compile Driver","Rebound"],"picked":"Ball Lightning+1","floor":28},{"not_picked":["Doom and Gloom+1","Blizzard+1"],"picked":"Conserve Battery","floor":31},{"not_picked":["Electrodynamics","Biased Cognition"],"picked":"Buffer","floor":33},{"not_picked":["Leap","Doom and Gloom+1","Compile Driver"],"picked":"SKIP","floor":35},{"not_picked":["Blizzard","Barrage+1"],"picked":"FTL","floor":37},{"not_picked":["Barrage","Aggregate+1"],"picked":"Steam Power","floor":39},{"not_picked":["Fission","Coolheaded"],"picked":"Cold Snap","floor":41},{"not_picked":["Sunder","Rip and Tear+1","White Noise"],"picked":"SKIP","floor":46},{"not_picked":["Beam Cell","Gash"],"picked":"Redo+1","floor":48}],"player_experience":140063,"relics_obtained":[{"floor":6,"key":"Bottled Flame"},{"floor":9,"key":"Bag of Preparation"},{"floor":21,"key":"Boot"},{"floor":26,"key":"Strawberry"},{"floor":43,"key":"Ancient Tea Set"},{"floor":46,"key":"Anchor"},{"floor":46,"key":"Omamori"},{"floor":48,"key":"Thread and Needle"}],"event_choices":[{"event_name":"Shining Light","player_choice":"Entered Light","floor":5,"damage_taken":0},{"event_name":"Drug Dealer","player_choice":"Ignored","floor":19,"damage_taken":0},{"event_name":"Vampires","player_choice":"Ignored","floor":20,"damage_taken":0},{"event_name":"Tomb of Lord Red Mask","player_choice":"Ignored","floor":36,"damage_taken":0},{"event_name":"MindBloom","player_choice":"Fight","floor":48,"damage_taken":0}],"boss_relics":[{"not_picked":["Nuclear Battery","Tiny House"],"picked":"Cursed Key"},{"not_picked":["Velvet Choker","Busted Crown"],"picked":"Black Star"}],"items_purged_floors":[4,30],"is_endless":false,"potions_floor_spawned":[3,7,10,16,22,23,25,37,39,41,46],"killed_by":"Time Eater","ascension_level":1}