{"gold_per_floor":[117,117,136,66,79,79,79,41,41,54,54,74,105,121,121,220,220,234,234,253,253],"floor_reached":21,"playtime":516,"items_purged":[],"score":262,"play_id":"c8192f03-866e-4784-9ce0-b0d45bf8057c","local_time":"20190510095052","is_ascension_mode":true,"campfire_choices":[{"floor":11,"key":"REST"},{"floor":15,"key":"REST"}],"neow_cost":"NONE","seed_source_timestamp":2126697265500276,"circlet_count":0,"master_deck":["Defend_G","Defend_G","Defend_G+1","Defend_G","Defend_G","Strike_G+1","Strike_G","Strike_G","Strike_G+1","Survivor+1","Neutralize","Poisoned Stab","All Out Attack","Noxious Fumes","Calculated Gamble","Noxious Fumes","Sucker Punch","Bane","Bouncing Flask","Noxious Fumes","Glass Knife","Deflect","Bane","Bouncing Flask","Venomology","Backflip"],"relics":["Ring of the Snake","Whetstone","Pantograph","Lantern","Orrery","CultistMask"],"potions_floor_usage":[20,20],"damage_taken":[{"damage":0,"enemies":"Small Slimes","floor":1,"turns":4},{"damage":0,"enemies":"Cultist","floor":3,"turns":3},{"damage":11,"enemies":"Jaw Worm","floor":5,"turns":4},{"damage":5,"enemies":"3 Louse","floor":10,"turns":3},{"damage":0,"enemies":"Red Slaver","floor":12,"turns":4},{"damage":19,"enemies":"Gremlin Nob","floor":13,"turns":4},{"damage":6,"enemies":"2 Fungi Beasts","floor":14,"turns":2},{"damage":38,"enemies":"Hexaghost","floor":16,"turns":8},{"damage":32,"enemies":"2 Thieves","floor":18,"turns":4},{"damage":10,"enemies":"3 Byrds","floor":20,"turns":4},{"damage":20,"enemies":"Snecko","floor":21,"turns":3}],"seed_played":"738532379471577372","potions_obtained":[{"floor":1,"key":"PowerPotion"},{"floor":3,"key":"EntropicBrew"},{"floor":10,"key":"PowerPotion"},{"floor":16,"key":"GhostInAJar"},{"floor":18,"key":"Block Potion"}],"is_trial":false,"path_per_floor":["M","?","M","$","M","?","?","$","T","M","R","M","E","M","R","B",null,"M","?","M","M"],"character_chosen":"THE_SILENT","items_purchased":["Noxious Fumes","Noxious Fumes"],"campfire_rested":2,"item_purchase_floors":[4,8],"current_hp_per_floor":[63,63,63,63,52,38,38,38,38,33,54,54,35,29,50,32,61,29,29,19,0],"gold":253,"neow_bonus":"RANDOM_COMMON_RELIC","is_prod":false,"is_daily":false,"chose_seed":false,"campfire_upgraded":0,"win_rate":0,"timestamp":1557438652,"path_taken":["M","?","?","$","M","?","?","$","T","?","R","M","E","M","R","BOSS","M","?","M","M"],"build_version":"2019-01-23","purchased_purges":0,"victory":false,"max_hp_per_floor":[70,70,70,70,70,70,70,70,70,70,70,70,70,70,70,70,70,70,70,70,70],"card_choices":[{"not_picked":["Endless Agony","Bane"],"picked":"Poisoned Stab","floor":1},{"not_picked":["Endless Agony","Dagger Throw"],"picked":"All Out Attack","floor":3},{"not_picked":["Underhanded Strike","Blade Dance"],"picked":"Calculated Gamble","floor":5},{"not_picked":["Underhanded Strike","Endless Agony"],"picked":"Sucker Punch","floor":10},{"not_picked":["Prepared","Deflect"],"picked":"Bane","floor":12},{"not_picked":["Prepared","Catalyst"],"picked":"Bouncing Flask","floor":13},{"not_picked":["Slice","Concentrate"],"picked":"Noxious Fumes","floor":14},{"not_picked":["Die Die Die","Grand Finale"],"picked":"Glass Knife","floor":16},{"not_picked":["Prepared","Slice"],"picked":"Deflect","floor":17},{"not_picked":["Cloak And Dagger","Prepared"],"picked":"Bane","floor":17},{"not_picked":["Prepared","Slice"],"picked":"Bouncing Flask","floor":17},{"not_picked":["Blade Dance","Flying Knee+1"],"picked":"Venomology","floor":18},{"not_picked":["Poisoned Stab","Reflex"],"picked":"Backflip","floor":20}],"player_experience":220678,"relics_obtained":[{"floor":9,"key":"Pantograph"},{"floor":13,"key":"Lantern"}],"event_choices":[{"damage_healed":0,"gold_gain":0,"player_choice":"Bought 0 Potions","damage_taken":0,"max_hp_gain":0,"max_hp_loss":0,"event_name":"The Woman in Blue","floor":2,"gold_loss":0},{"damage_healed":0,"gold_gain":0,"player_choice":"Entered Light","damage_taken":14,"max_hp_gain":0,"max_hp_loss":0,"event_name":"Shining Light","floor":6,"gold_loss":0,"cards_upgraded":["Survivor","Defend_G"]},{"cards_removed":["Strike_G"],"damage_healed":0,"gold_gain":0,"player_choice":"Purged","damage_taken":0,"max_hp_gain":0,"max_hp_loss":0,"event_name":"Purifier","floor":7,"gold_loss":0},{"damage_healed":0,"gold_gain":0,"player_choice":"Trade","damage_taken":0,"relics_obtained":["CultistMask"],"max_hp_gain":0,"max_hp_loss":0,"event_name":"FaceTrader","floor":19,"gold_loss":0}],"is_beta":false,"boss_relics":[{"not_picked":["Black Star","Snecko Eye"],"picked":"Orrery"}],"items_purged_floors":[],"is_endless":false,"potions_floor_spawned":[1,3,10,16,18],"killed_by":"Snecko","ascension_level":9}