{"gold_per_floor":[214,214,224,234,0,0,25,51,105,105,125,136,156,172,172,275,275,289,214,214,231,244,274,274,284,307,307,323,337,27,45,45,144,174,185,60,72,372,390,401,401,411,411,411,411,11,22,22,22,22],"floor_reached":50,"playtime":4330,"items_purged":["Strike_G","Strike_G","Defend_G","Defend_G"],"score":645,"play_id":"eb8bd64c-25e3-46f3-ba8e-eb95e38411f7","local_time":"20180707010329","is_ascension_mode":false,"campfire_choices":[{"data":"Apotheosis","floor":6,"key":"SMITH"},{"data":"Cloak And Dagger","floor":10,"key":"SMITH"},{"floor":15,"key":"REST"},{"data":"Infinite Blades","floor":24,"key":"SMITH"},{"floor":27,"key":"REST"},{"floor":32,"key":"REST"},{"floor":41,"key":"REST"},{"floor":44,"key":"REST"},{"floor":49,"key":"REST"}],"neow_cost":"NONE","seed_source_timestamp":9915135055143,"circlet_count":0,"master_deck":["Defend_G","Defend_G+1","Defend_G","Strike_G","Strike_G","Strike_G","Survivor","Neutralize","Backflip+1","Caltrops","Dodge and Roll","Apotheosis+1","Dagger Spray","Flying Knee","Cloak And Dagger+1","PiercingWail","Footwork","Backstab","Cloak And Dagger","Infinite Blades+1","Dagger Spray+1","Adrenaline","Accuracy+1","Apotheosis","PiercingWail+1","Burst","Blade Dance","Madness","Madness"],"relics":["Ring of the Snake","Bronze Scales","Odd Mushroom","Pen Nib","Black Star","Anchor","Bag of Marbles","Boot","Tiny House","Old Coin","Smiling Mask","Regal Pillow","Membership Card"],"potions_floor_usage":[16,22,29,33,33,33,35,38,40,40,50,50,50],"damage_taken":[{"damage":0,"enemies":"2 Louse","floor":1,"turns":3},{"damage":0,"enemies":"Small Slimes","floor":3,"turns":4},{"damage":0,"enemies":"Jaw Worm","floor":4,"turns":6},{"damage":9,"enemies":"Lagavulin","floor":7,"turns":10},{"damage":15,"floor":8,"turns":4},{"damage":12,"enemies":"Large Slime","floor":11,"turns":4},{"damage":0,"enemies":"Looter","floor":12,"turns":3},{"damage":1,"enemies":"2 Fungi Beasts","floor":13,"turns":2},{"damage":0,"enemies":"Exordium Wildlife","floor":14,"turns":3},{"damage":25,"enemies":"The Guardian","floor":16,"turns":11},{"damage":0,"enemies":"Chosen","floor":18,"turns":5},{"damage":6,"enemies":"Spheric Guardian","floor":21,"turns":4},{"damage":6,"enemies":"Snake Plant","floor":22,"turns":5},{"damage":4,"enemies":"Book of Stabbing","floor":23,"turns":5},{"damage":10,"enemies":"Centurion and Healer","floor":25,"turns":4},{"damage":5,"enemies":"Chosen and Byrds","floor":28,"turns":5},{"damage":0,"enemies":"Snake Plant","floor":29,"turns":4},{"damage":12,"enemies":"3 Cultists","floor":31,"turns":4},{"damage":46,"enemies":"Automaton","floor":33,"turns":10},{"damage":0,"enemies":"3 Darklings","floor":35,"turns":5},{"damage":28,"enemies":"3 Shapes","floor":37,"turns":7},{"damage":6,"floor":38,"turns":5},{"damage":15,"enemies":"Sphere and 2 Shapes","floor":39,"turns":5},{"damage":4,"enemies":"4 Shapes","floor":40,"turns":6},{"damage":21,"enemies":"Maw","floor":42,"turns":8},{"damage":12,"enemies":"Sphere and 2 Shapes","floor":47,"turns":5},{"damage":84,"enemies":"Donu and Deca","floor":50,"turns":6}],"seed_played":"6133970379459509576","potions_obtained":[{"floor":7,"key":"PowerPotion"},{"floor":12,"key":"Fire Potion"},{"floor":13,"key":"Weak Potion"},{"floor":18,"key":"Poison Potion"},{"floor":23,"key":"Block Potion"},{"floor":31,"key":"Energy Potion"},{"floor":33,"key":"AttackPotion"},{"floor":34,"key":"LiquidBronze"},{"floor":37,"key":"Block Potion"},{"floor":38,"key":"SneckoOil"},{"floor":39,"key":"Fire Potion"},{"floor":42,"key":"FearPotion"},{"floor":47,"key":"Regen Potion"}],"is_trial":false,"path_per_floor":["M","?","M","M","$","R","E","?","T","R","M","M","M","M","R","B",null,"M","$","?","M","M","E","R","M","T","R","M","M","$","M","R","B",null,"M","$","M","?","M","M","R","M","T","R","?","$","M","?","R"],"character_chosen":"THE_SILENT","items_purchased":["Apotheosis","Dagger Spray","Apotheosis","Regal Pillow","Membership Card"],"campfire_rested":6,"item_purchase_floors":[5,5,30,46,46],"current_hp_per_floor":[70,70,70,70,70,70,61,46,46,46,34,34,33,33,54,29,70,70,70,70,64,58,54,54,44,44,65,60,60,60,48,69,23,75,75,75,47,41,26,22,44,23,23,45,45,45,33,24,61,0],"gold":22,"neow_bonus":"HUNDRED_GOLD","is_prod":false,"is_daily":false,"chose_seed":false,"campfire_upgraded":3,"win_rate":0.0,"timestamp":1530893009,"path_taken":["M","?","M","M","$","R","E","?","T","R","?","M","M","M","R","BOSS","M","$","?","M","M","E","R","M","T","R","M","M","$","M","R","BOSS","M","$","?","?","M","M","R","?","T","R","?","?","M","?","R","BOSS"],"build_version":"2018-07-05","purchased_purges":4,"victory":false,"max_hp_per_floor":[70,70,70,70,70,70,70,70,70,70,70,70,70,70,70,70,70,70,70,70,70,70,70,70,70,70,70,70,70,70,70,70,70,75,75,75,75,75,75,75,75,75,75,75,75,75,75,75,75,75],"card_choices":[{"not_picked":["Flying Knee","Deflect"],"picked":"Backflip","floor":1},{"not_picked":["Slice","Underhanded Strike"],"picked":"Caltrops","floor":3},{"not_picked":["Finisher","Crippling Poison"],"picked":"Dodge and Roll","floor":4},{"not_picked":["Dodge and Roll","Calculated Gamble"],"picked":"Flying Knee","floor":7},{"not_picked":["Escape Plan","Sucker Punch"],"picked":"Cloak And Dagger","floor":8},{"not_picked":["Envenom","Outmaneuver"],"picked":"PiercingWail","floor":11},{"not_picked":["Outmaneuver","Heel Hook"],"picked":"Footwork","floor":12},{"not_picked":["Dash","Reflex"],"picked":"Backstab","floor":13},{"not_picked":["Finisher","Dodge and Roll"],"picked":"Cloak And Dagger","floor":14},{"not_picked":["Distraction+1","Dagger Spray"],"picked":"Infinite Blades","floor":18},{"not_picked":["Reflex","Flechettes"],"picked":"Dagger Spray+1","floor":21},{"not_picked":["Leg Sweep","Sucker Punch+1","Deadly Poison"],"picked":"SKIP","floor":22},{"not_picked":["Slice","Infinite Blades"],"picked":"Adrenaline","floor":23},{"not_picked":["Masterful Stab","Well Laid Plans"],"picked":"Accuracy+1","floor":25},{"not_picked":["Caltrops+1","Backstab","Footwork"],"picked":"SKIP","floor":28},{"not_picked":["Dagger Spray","Deadly Poison","Cloak And Dagger"],"picked":"SKIP","floor":29},{"not_picked":["Sucker Punch","Doppelganger"],"picked":"PiercingWail+1","floor":31},{"not_picked":["After Image","Adrenaline"],"picked":"Burst","floor":33},{"not_picked":["Crippling Poison","Slice+1","Masterful Stab"],"picked":"SKIP","floor":35},{"not_picked":["Deadly Poison","Acrobatics+1","Underhanded Strike"],"picked":"SKIP","floor":37},{"not_picked":["Flying Knee+1","Slice","Crippling Poison+1"],"picked":"SKIP","floor":39},{"not_picked":["Flying Knee","Outmaneuver+1","Expertise+1"],"picked":"SKIP","floor":40},{"not_picked":["Night Terror","Dagger Spray+1"],"picked":"Blade Dance","floor":42},{"not_picked":["Acrobatics+1","Riddle With Holes","Dagger Throw+1"],"picked":"SKIP","floor":47}],"player_experience":38080,"relics_obtained":[{"floor":7,"key":"Bronze Scales"},{"floor":8,"key":"Odd Mushroom"},{"floor":9,"key":"Pen Nib"},{"floor":23,"key":"Anchor"},{"floor":23,"key":"Bag of Marbles"},{"floor":26,"key":"Boot"},{"floor":38,"key":"Old Coin"},{"floor":43,"key":"Smiling Mask"}],"event_choices":[{"event_name":"Living Wall","player_choice":"Grow","floor":2,"damage_taken":0},{"event_name":"Mushrooms","player_choice":"Fought Mushrooms","floor":8,"damage_taken":0},{"event_name":"Drug Dealer","player_choice":"Ignored","floor":20,"damage_taken":0},{"event_name":"MindBloom","player_choice":"Fight","floor":38,"damage_taken":0},{"event_name":"Tomb of Lord Red Mask","player_choice":"Ignored","floor":45,"damage_taken":0},{"event_name":"Winding Halls","player_choice":"Embrace Madness","floor":48,"damage_taken":0}],"boss_relics":[{"not_picked":["Ectoplasm","Lizard Tail"],"picked":"Black Star"},{"not_picked":["Busted Crown","Cursed Key"],"picked":"Tiny House"}],"items_purged_floors":[19,30,36,46],"is_endless":false,"potions_floor_spawned":[7,12,13,14,18,23,31,33,37,38,39,42,47],"killed_by":"Donu and Deca","ascension_level":0}