{"gold_per_floor":[110,110,31,43,43,43,72,72,72,87,98,113,131,143,143,247,247,247,247,247,247,16,16,16,16,16,16,16,16,16,16,16,16,16,16,16,16,16,16,16,16,16,16,16,16,16,16,16,16,16,16,16,16,16,16],"floor_reached":55,"playtime":1902,"items_purged":[],"score":855,"play_id":"0287be92-4cf6-4386-9429-9383d8972cc1","local_time":"20190511221706","is_ascension_mode":true,"campfire_choices":[{"data":"Defragment","floor":6.0,"key":"SMITH"},{"data":"Buffer","floor":8.0,"key":"SMITH"},{"floor":15.0,"key":"REST"},{"floor":23.0,"key":"REST"},{"data":"Defragment","floor":25.0,"key":"SMITH"},{"data":"Defragment","floor":27.0,"key":"SMITH"},{"floor":32.0,"key":"REST"},{"floor":40,"key":"REST"},{"floor":42,"key":"RECALL"},{"floor":47,"key":"REST"},{"data":"Capacitor","floor":49,"key":"SMITH"},{"data":"Capacitor","floor":52,"key":"SMITH"}],"neow_cost":"NONE","seed_source_timestamp":0,"circlet_count":0,"master_deck":["Strike_B","Strike_B","Strike_B","Defend_B","Defend_B","Defend_B","Defend_B","Zap+1","Dualcast+1","Hologram","Defragment+1","Rebound","Buffer+1","Storm","Reboot","Conserve Battery","Sweeping Beam","Capacitor+1","Machine Learning","Conserve Battery+1","Defragment+1","Defragment+1","Coolheaded","Capacitor+1","Biased Cognition","Electrodynamics","Defragment+1","Coolheaded","Coolheaded+1","Compile Driver+1"],"special_seed":0,"relics":["FrozenCore","NeowsBlessing","Bag of Preparation","Regal Pillow","Ectoplasm","MealTicket","FossilizedHelix","Happy Flower","Letter Opener"],"potions_floor_usage":[50,50,54,55],"damage_taken":[{"damage":0.0,"enemies":"Small Slimes","floor":1.0,"turns":1.0},{"damage":0.0,"enemies":"Jaw Worm","floor":4.0,"turns":1.0},{"damage":0.0,"enemies":"Gremlin Nob","floor":7.0,"turns":1.0},{"damage":0.0,"enemies":"Cultist","floor":10.0,"turns":2.0},{"damage":11.0,"enemies":"3 Louse","floor":11.0,"turns":3.0},{"damage":0.0,"enemies":"Large Slime","floor":12.0,"turns":5.0},{"damage":14.0,"enemies":"Exordium Wildlife","floor":13.0,"turns":4.0},{"damage":0.0,"enemies":"2 Fungi Beasts","floor":14.0,"turns":3.0},{"damage":7.0,"enemies":"Slime Boss","floor":16.0,"turns":12.0},{"damage":0.0,"enemies":"Chosen","floor":18.0,"turns":4.0},{"damage":17.0,"enemies":"Shell Parasite","floor":19.0,"turns":5.0},{"damage":19.0,"enemies":"Centurion and Healer","floor":29.0,"turns":5.0},{"damage":0.0,"enemies":"Snecko","floor":30.0,"turns":5.0},{"damage":35.0,"enemies":"Slavers","floor":31.0,"turns":4.0},{"damage":25.0,"enemies":"Automaton","floor":33.0,"turns":8.0},{"damage":0,"enemies":"3 Shapes","floor":35,"turns":2},{"damage":17,"enemies":"3 Darklings","floor":38,"turns":4},{"damage":0,"enemies":"Jaw Worm Horde","floor":39,"turns":5},{"damage":0,"enemies":"4 Shapes","floor":41,"turns":3},{"damage":0,"enemies":"Maw","floor":45,"turns":8},{"damage":40,"enemies":"3 Darklings","floor":46,"turns":4},{"damage":53,"enemies":"Awakened One","floor":50,"turns":15},{"damage":48,"enemies":"Shield and Spear","floor":54,"turns":4},{"damage":35,"enemies":"The Heart","floor":55,"turns":6}],"seed_played":"713484405008337562","potions_obtained":[{"floor":4.0,"key":"FearPotion"},{"floor":11.0,"key":"Fire Potion"},{"floor":12.0,"key":"Ancient Potion"},{"floor":13.0,"key":"PowerPotion"},{"floor":31.0,"key":"Block Potion"},{"floor":35,"key":"Dexterity Potion"},{"floor":54,"key":"AttackPotion"}],"is_trial":false,"path_per_floor":["M","?","$","M","?","R","E","R","T","M","M","M","M","M","R","B",null,"M","M","?","?","$","R","?","R","T","R","$","M","M","E","R","B",null,"M","$","?","M","M","R","M","R","T","$","M","M","R","?","R","B",null,"R","$","E","B"],"character_chosen":"DEFECT","items_purchased":["Defragment","Defragment","MealTicket"],"campfire_rested":5,"item_purchase_floors":[3,22,22],"current_hp_per_floor":[75,60,60,60,60,60,60,60,60,60,49,49,35,35,72,65,73,73,56,42,42,42,80,80,80,80,80,80,61,61,26,65,40,70,70,80,72,55,55,80,80,80,80,80,80,40,79,79,79,26,67,67,80,32,0],"gold":16,"neow_bonus":"THREE_ENEMY_KILL","is_prod":false,"is_daily":false,"chose_seed":false,"campfire_upgraded":6,"win_rate":0,"timestamp":1557569826,"path_taken":["M","?","$","M","?","R","E","R","T","M","?","?","M","M","R","BOSS","M","M","?","?","?","R","?","R","T","R","$","M","M","E","R","BOSS","M","$","?","M","?","R","M","R","T","$","M","M","R","?","R","BOSS","R","$","E","BOSS"],"build_version":"2019-01-23","purchased_purges":0,"victory":false,"max_hp_per_floor":[75,75,75,75,75,75,75,75,75,75,75,75,75,75,75,75,75,75,75,80,80,80,80,80,80,80,80,80,80,80,80,80,80,80,80,80,80,80,80,80,80,80,80,80,80,80,80,80,80,80,80,80,80,80,80],"card_choices":[{"not_picked":["Conserve Battery","Stack"],"picked":"Hologram","floor":1.0},{"not_picked":["Hello World","BootSequence"],"picked":"Rebound","floor":4.0},{"not_picked":["Heatsinks","Force Field"],"picked":"Storm","floor":7.0},{"not_picked":["Turbo","Reinforced Body"],"picked":"Reboot","floor":10.0},{"not_picked":["Cold Snap","Rebound"],"picked":"Conserve Battery","floor":11.0},{"not_picked":["Fusion","Tempest"],"picked":"Sweeping Beam","floor":12.0},{"not_picked":["Steam","Conserve Battery"],"picked":"Capacitor","floor":13.0},{"not_picked":["Tempest","Lockon","Reinforced Body"],"picked":"SKIP","floor":14.0},{"not_picked":["Fission","Multi-Cast"],"picked":"Machine Learning","floor":16.0},{"not_picked":["Aggregate+1","Tempest"],"picked":"Conserve Battery+1","floor":18.0},{"not_picked":["Streamline","Leap"],"picked":"Defragment","floor":19.0},{"not_picked":["Hello World+1","Double Energy"],"picked":"Coolheaded","floor":29.0},{"not_picked":["Rip and Tear","Consume"],"picked":"Capacitor","floor":30.0},{"not_picked":["Gash","Recycle"],"picked":"Biased Cognition","floor":31.0},{"not_picked":["Meteor Strike","Creative AI"],"picked":"Electrodynamics","floor":33.0},{"not_picked":["Reprogram+1","Stack","Leap"],"picked":"SKIP","floor":35},{"not_picked":["Compile Driver+1","Go for the Eyes+1"],"picked":"Defragment+1","floor":38},{"not_picked":["Rebound","Gash","Melter"],"picked":"SKIP","floor":39},{"not_picked":["Static Discharge","Rebound"],"picked":"Coolheaded","floor":41},{"not_picked":["Go for the Eyes+1","Cold Snap+1"],"picked":"Coolheaded+1","floor":45},{"not_picked":["All For One","Barrage","Go for the Eyes"],"picked":"SKIP","floor":46},{"not_picked":["Beam Cell","Cold Snap"],"picked":"Compile Driver+1","floor":54}],"player_experience":225096,"relics_obtained":[{"floor":7.0,"key":"Bag of Preparation"},{"floor":9.0,"key":"Regal Pillow"},{"floor":31.0,"key":"FossilizedHelix"},{"floor":43,"key":"Happy Flower"},{"floor":54,"key":"Letter Opener"}],"event_choices":[{"damage_healed":0.0,"max_hp_gain":0.0,"max_hp_loss":0.0,"gold_gain":0.0,"event_name":"Shining Light","player_choice":"Entered Light","floor":2.0,"gold_loss":0.0,"damage_taken":15.0,"cards_upgraded":["Dualcast","Zap"]},{"damage_healed":0.0,"max_hp_gain":0.0,"max_hp_loss":0.0,"gold_gain":0.0,"cards_transformed":["Strike_B"],"event_name":"Living Wall","player_choice":"Change","floor":5.0,"gold_loss":0.0,"damage_taken":0.0,"cards_obtained":["Buffer"]},{"damage_healed":0.0,"max_hp_gain":5.0,"max_hp_loss":0.0,"gold_gain":0.0,"event_name":"Forgotten Altar","player_choice":"Shed Blood","floor":20.0,"gold_loss":0.0,"damage_taken":19.0},{"damage_healed":0.0,"max_hp_gain":0.0,"max_hp_loss":0.0,"gold_gain":0.0,"event_name":"Ghosts","player_choice":"Ignored","floor":21.0,"gold_loss":0.0,"damage_taken":0.0},{"damage_healed":0.0,"max_hp_gain":0.0,"max_hp_loss":0.0,"gold_gain":0.0,"event_name":"Beggar","player_choice":"Ignored","floor":24.0,"gold_loss":0.0,"damage_taken":0.0},{"damage_healed":0,"gold_gain":75,"player_choice":"Touch","damage_taken":8,"max_hp_gain":0,"max_hp_loss":0,"event_name":"FaceTrader","floor":37,"gold_loss":0},{"damage_healed":0,"gold_gain":0,"player_choice":"Ignored","damage_taken":0,"max_hp_gain":0,"max_hp_loss":0,"event_name":"Mysterious Sphere","floor":48,"gold_loss":0}],"is_beta":false,"boss_relics":[{"not_picked":["Orrery","Velvet Choker"],"picked":"Ectoplasm"},{"not_picked":["Fusion Hammer","Runic Pyramid"],"picked":"FrozenCore"}],"items_purged_floors":[],"is_endless":false,"potions_floor_spawned":[4,11,12,13,14,31,35,41,54],"killed_by":"The Heart","ascension_level":5}