{"gold_per_floor":[16,31,51,65,65,65,75,100,100,100,100,100,25,25,25,25],"floor_reached":16,"playtime":656,"items_purged":["Strike_R"],"score":125,"play_id":"6451aad7-54b2-4fba-82dd-5f4434f44a0b","local_time":"20181031044926","is_ascension_mode":true,"campfire_choices":[{"data":"Armaments","floor":6,"key":"SMITH"},{"data":"Searing Blow","floor":10,"key":"SMITH"},{"data":"Bash","floor":12,"key":"SMITH"},{"data":"Searing Blow+1","floor":15,"key":"SMITH"}],"neow_cost":"NO_GOLD","seed_source_timestamp":370759661336853,"circlet_count":0,"master_deck":["Strike_R","Strike_R","Strike_R","Defend_R","Defend_R","Defend_R","Bash+1","Shrug It Off","Pommel Strike","Armaments+1","Searing Blow+2","Battle Trance"],"relics":["Burning Blood","Ancient Tea Set","Dream Catcher","Juzu Bracelet","Golden Idol","Gremlin Horn"],"potions_floor_usage":[8,16],"damage_taken":[{"damage":4,"enemies":"Jaw Worm","floor":1,"turns":4},{"damage":0,"enemies":"Small Slimes","floor":2,"turns":3},{"damage":6,"enemies":"Cultist","floor":3,"turns":4},{"damage":11,"enemies":"3 Louse","floor":4,"turns":5},{"damage":0,"enemies":"Blue Slaver","floor":7,"turns":3},{"damage":24,"enemies":"Lagavulin","floor":8,"turns":8},{"damage":20,"enemies":"Hexaghost","floor":16,"turns":11}],"seed_played":"8948091268824449630","potions_obtained":[{"floor":2,"key":"LiquidBronze"},{"floor":4,"key":"SpeedPotion"},{"floor":8,"key":"Swift Potion"}],"is_trial":false,"path_per_floor":["M","M","M","M","?","R","M","E","T","R","?","R","$","T","R"],"character_chosen":"IRONCLAD","items_purchased":[],"campfire_rested":0,"item_purchase_floors":[],"current_hp_per_floor":[80,80,80,75,68,68,74,56,56,56,56,56,56,56,56,36],"gold":25,"neow_bonus":"REMOVE_TWO","is_prod":false,"is_daily":false,"chose_seed":false,"campfire_upgraded":4,"win_rate":0,"timestamp":1540928966,"path_taken":["M","M","M","M","?","R","M","E","T","R","?","R","$","?","R","BOSS"],"build_version":"2018-10-25v2","purchased_purges":1,"victory":false,"max_hp_per_floor":[80,80,80,80,80,80,80,80,80,80,74,74,74,74,74,74],"card_choices":[{"not_picked":["Iron Wave","Flex"],"picked":"Shrug It Off","floor":1},{"not_picked":["Disarm","Heavy Blade","Cleave"],"picked":"SKIP","floor":2},{"not_picked":["Uppercut","Havoc"],"picked":"Pommel Strike","floor":3},{"not_picked":["Rupture","Twin Strike"],"picked":"Armaments","floor":4},{"not_picked":["Body Slam","Heavy Blade"],"picked":"Searing Blow","floor":7},{"not_picked":["Carnage","Flex"],"picked":"Battle Trance","floor":8}],"player_experience":419441,"relics_obtained":[{"floor":8,"key":"Dream Catcher"},{"floor":9,"key":"Juzu Bracelet"},{"floor":14,"key":"Gremlin Horn"}],"event_choices":[{"damage_healed":0,"gold_gain":0,"player_choice":"Success","damage_taken":7,"relics_obtained":["Ancient Tea Set"],"max_hp_gain":0,"max_hp_loss":0,"event_name":"Scrap Ooze","floor":5,"gold_loss":0},{"damage_healed":0,"gold_gain":0,"player_choice":"Lose Max HP","damage_taken":0,"relics_obtained":["Golden Idol"],"max_hp_gain":0,"max_hp_loss":6,"event_name":"Golden Idol","floor":11,"gold_loss":0}],"is_beta":false,"boss_relics":[],"items_purged_floors":[13],"is_endless":false,"potions_floor_spawned":[2,4,8],"killed_by":"Hexaghost","ascension_level":5}