{"gold_per_floor":[115,131,151,161,17,17,43,43,70,83,97,97,46,64,64,168,168,185,185,201,126,143,143,177,177,177,196,196,215,43,57,57,57],"floor_reached":33,"playtime":2064,"items_purged":["Strike_R","Defend_R"],"score":346,"play_id":"52e707ed-7980-4b41-a431-8f15f38b07dc","local_time":"20180708204702","is_ascension_mode":false,"campfire_choices":[{"data":"Wild Strike","floor":6,"key":"SMITH"},{"floor":8,"key":"REST"},{"data":"Perfected Strike","floor":15,"key":"SMITH"},{"floor":23,"key":"REST"},{"data":"Shrug It Off","floor":25,"key":"SMITH"},{"floor":32,"key":"REST"}],"neow_cost":"NONE","seed_source_timestamp":169591933007584,"circlet_count":0,"master_deck":["Strike_R","Strike_R","Strike_R","Strike_R+1","Defend_R","Defend_R+1","Defend_R","Bash","Reckless Charge","Warcry","Wild Strike+1","Battle Trance","Shrug It Off","Perfected Strike+1","Reckless Charge","Wild Strike+1","Shrug It Off+1","Feed","Evolve+1","Twin Strike","Feed","Warcry","Shrug It Off","Pommel Strike","Whirlwind+1"],"relics":["Burning Blood","Bag of Marbles","Orichalcum","Velvet Choker","Blood Vial","Shuriken"],"potions_floor_usage":[7,24,33,33],"damage_taken":[{"damage":3,"enemies":"Cultist","floor":1,"turns":5},{"damage":5,"enemies":"Small Slimes","floor":2,"turns":4},{"damage":1,"enemies":"2 Louse","floor":3,"turns":4},{"damage":21,"enemies":"Lots of Slimes","floor":4,"turns":6},{"damage":17,"enemies":"3 Sentries","floor":7,"turns":8},{"damage":2,"enemies":"Looter","floor":10,"turns":2},{"damage":0,"enemies":"2 Fungi Beasts","floor":11,"turns":1},{"damage":0,"enemies":"Exordium Wildlife","floor":14,"turns":2},{"damage":0,"enemies":"Slime Boss","floor":16,"turns":5},{"damage":2,"enemies":"3 Byrds","floor":18,"turns":5},{"damage":20,"enemies":"2 Thieves","floor":20,"turns":4},{"damage":8,"enemies":"Snake Plant","floor":22,"turns":2},{"damage":16,"enemies":"Slavers","floor":24,"turns":6},{"damage":3,"enemies":"Snecko","floor":27,"turns":4},{"damage":16,"enemies":"Chosen and Byrds","floor":29,"turns":5},{"damage":15,"enemies":"Snake Plant","floor":31,"turns":3},{"damage":118,"enemies":"Champ","floor":33,"turns":10}],"seed_played":"-6302614449402512661","potions_obtained":[{"floor":3,"key":"FearPotion"},{"floor":4,"key":"EssenceOfSteel"},{"floor":10,"key":"EssenceOfSteel"},{"floor":14,"key":"FearPotion"},{"floor":20,"key":"Dexterity Potion"},{"floor":29,"key":"BloodPotion"}],"is_trial":false,"path_per_floor":["M","M","M","M","$","R","E","R","T","M","M","?","$","M","R","B",null,"M","?","M","$","M","R","E","R","T","M","?","M","$","M","R"],"character_chosen":"IRONCLAD","items_purchased":["Wild Strike","Battle Trance","Shrug It Off","Wild Strike","Shrug It Off","Pommel Strike"],"campfire_rested":3,"item_purchase_floors":[5,5,5,13,30,30],"current_hp_per_floor":[88,88,88,73,73,73,62,88,88,88,88,70,70,76,76,82,88,91,91,77,77,75,91,84,84,84,89,70,65,65,58,88,0],"gold":57,"neow_bonus":"TEN_PERCENT_HP_BONUS","is_prod":false,"is_daily":false,"chose_seed":false,"campfire_upgraded":3,"win_rate":0.0,"timestamp":1531050422,"path_taken":["M","M","M","M","$","R","E","R","T","M","M","?","$","M","R","BOSS","M","?","M","$","?","R","E","R","T","M","?","M","$","M","R","BOSS"],"build_version":"2018-07-05","purchased_purges":2,"victory":false,"max_hp_per_floor":[88,88,88,88,88,88,88,88,88,88,88,88,88,88,88,88,88,91,91,91,91,91,91,94,94,94,94,99,102,102,102,102,102],"card_choices":[{"not_picked":["Clothesline","Entrench","True Grit"],"picked":"SKIP","floor":1},{"not_picked":["Second Wind","Disarm","Body Slam"],"picked":"SKIP","floor":2},{"not_picked":["Rupture","True Grit"],"picked":"Reckless Charge","floor":3},{"not_picked":["Shockwave","Sword Boomerang"],"picked":"Warcry","floor":4},{"not_picked":["Burning Pact","Bloodletting","Rampage"],"picked":"SKIP","floor":7},{"not_picked":["Shrug It Off","Feel No Pain"],"picked":"Perfected Strike","floor":10},{"not_picked":["Double Tap","Thunderclap"],"picked":"Reckless Charge","floor":11},{"not_picked":["Havoc","Clash"],"picked":"Shrug It Off","floor":14},{"not_picked":["Reaper","Offering"],"picked":"Feed","floor":16},{"not_picked":["Shockwave","Feel No Pain+1"],"picked":"Evolve+1","floor":18},{"not_picked":["Dual Wield","Havoc+1"],"picked":"Twin Strike","floor":20},{"not_picked":["Havoc","Sever Soul+1","Anger+1"],"picked":"SKIP","floor":22},{"not_picked":["Bloodletting","Iron Wave"],"picked":"Feed","floor":24},{"not_picked":["Sword Boomerang","Headbutt"],"picked":"Warcry","floor":27},{"not_picked":["Dark Embrace","Thunderclap+1","Clothesline+1"],"picked":"SKIP","floor":29},{"not_picked":["Clothesline","Twin Strike"],"picked":"Whirlwind+1","floor":31}],"player_experience":71392,"relics_obtained":[{"floor":7,"key":"Bag of Marbles"},{"floor":9,"key":"Orichalcum"},{"floor":24,"key":"Blood Vial"},{"floor":26,"key":"Shuriken"}],"event_choices":[{"event_name":"Shining Light","player_choice":"Entered Light","floor":12,"damage_taken":0},{"event_name":"Accursed Blacksmith","player_choice":"Forge","floor":19,"damage_taken":0},{"event_name":"Forgotten Altar","player_choice":"Shed Blood","floor":28,"damage_taken":0}],"boss_relics":[{"not_picked":["Pandora\u0027s Box","Black Blood"],"picked":"Velvet Choker"}],"items_purged_floors":[21,30],"is_endless":false,"potions_floor_spawned":[3,4,10,14,18,20,29,31],"killed_by":"Champ","ascension_level":0}