{"gold_per_floor":[115,129,147,72,90,90,109,109,109,109,138,138,152,185,185,285,285,300,316,316,330,330,330,348,348,348,68,68,88,88,98,98,197,197,215,215,90,1089,1089,1089],"floor_reached":40,"playtime":1992,"items_purged":["Strike_G","Defend_G"],"score":494,"play_id":"eab5fad9-3e62-4038-97ff-27b108035bd3","local_time":"20190428160648","is_ascension_mode":true,"campfire_choices":[{"data":"Neutralize","floor":6,"key":"SMITH"},{"data":"PiercingWail","floor":8,"key":"SMITH"},{"floor":10,"key":"RECALL"},{"floor":15,"key":"REST"},{"data":"After Image","floor":23,"key":"SMITH"},{"floor":25,"key":"REST"},{"floor":30,"key":"REST"},{"data":"Caltrops","floor":32,"key":"SMITH"}],"neow_cost":"NONE","seed_source_timestamp":1110976620427175,"circlet_count":0,"master_deck":["Defend_G","Defend_G","Strike_G","Survivor","Neutralize+1","Backstab","Well Laid Plans","Well Laid Plans","Deadly Poison","PiercingWail+1","Poisoned Stab","Poisoned Stab","Catalyst","Well Laid Plans","Burst","Dash","Heel Hook+1","Choke","Backflip","After Image+1","Sucker Punch+1","Caltrops+1","Dagger Throw+1","Footwork+1","Tools of the Trade","Setup+1","Masterful Stab+1","Dash+1","Backflip","Prepared","Normality","Normality"],"relics":["Ring of the Serpent","Odd Mushroom","Happy Flower","Question Card","OrangePellets","Astrolabe","Darkstone Periapt"],"potions_floor_usage":[14,14,33,40],"damage_taken":[{"damage":3,"enemies":"Small Slimes","floor":1,"turns":3},{"damage":4,"enemies":"2 Louse","floor":2,"turns":2},{"damage":0,"enemies":"Cultist","floor":3,"turns":3},{"damage":3,"enemies":"Blue Slaver","floor":5,"turns":4},{"damage":0,"enemies":"3 Louse","floor":7,"turns":3},{"damage":13,"enemies":"The Mushroom Lair","floor":11,"turns":5},{"damage":8,"enemies":"Exordium Thugs","floor":13,"turns":5},{"damage":20,"enemies":"Lagavulin","floor":14,"turns":4},{"damage":36,"enemies":"Slime Boss","floor":16,"turns":13},{"damage":15,"enemies":"3 Byrds","floor":18,"turns":5},{"damage":3,"enemies":"Chosen","floor":19,"turns":4},{"damage":5,"enemies":"Snecko","floor":21,"turns":5},{"damage":15,"enemies":"Shelled Parasite and Fungi","floor":24,"turns":6},{"damage":12,"enemies":"Chosen and Byrds","floor":29,"turns":7},{"damage":12,"enemies":"Snecko","floor":31,"turns":5},{"damage":25,"enemies":"Champ","floor":33,"turns":12},{"damage":11,"enemies":"Orb Walker","floor":35,"turns":5},{"damage":95,"enemies":"Giant Head","floor":40,"turns":9}],"seed_played":"5501010967370806658","potions_obtained":[{"floor":1,"key":"SkillPotion"},{"floor":2,"key":"SkillPotion"},{"floor":3,"key":"SpeedPotion"},{"floor":14,"key":"Strength Potion"},{"floor":19,"key":"Swift Potion"},{"floor":21,"key":"SkillPotion"}],"is_trial":false,"path_per_floor":["M","M","M","$","M","R","M","R","T","R","?","?","M","E","R","B",null,"M","M","?","M","?","R","M","R","T","$","?","M","R","M","R","B",null,"M","?","$","?","?","E"],"character_chosen":"THE_SILENT","items_purchased":["Caltrops","OrangePellets","Prepared"],"campfire_rested":3,"item_purchase_floors":[27,27,37],"current_hp_per_floor":[67,63,63,63,60,60,60,60,60,60,47,52,44,24,46,10,75,60,57,57,52,52,52,37,59,59,59,59,47,69,57,57,32,75,64,64,64,76,76,0],"gold":1089,"neow_bonus":"TRANSFORM_CARD","is_prod":false,"is_daily":false,"chose_seed":false,"campfire_upgraded":4,"win_rate":0,"timestamp":1556424408,"path_taken":["M","M","M","$","M","R","M","R","T","R","?","?","M","E","R","BOSS","M","M","?","?","?","R","M","R","T","$","?","M","R","M","R","BOSS","M","?","?","?","?","E"],"build_version":"2019-01-23","purchased_purges":2,"victory":false,"max_hp_per_floor":[70,70,70,70,70,70,70,70,70,70,70,75,75,75,75,75,75,75,75,75,75,75,75,75,75,75,75,75,75,75,75,75,75,75,75,75,75,87,87,87],"card_choices":[{"not_picked":["Deadly Poison","Reflex"],"picked":"Well Laid Plans","floor":1},{"not_picked":["Underhanded Strike","Bane"],"picked":"Well Laid Plans","floor":2},{"not_picked":["Finisher","Dagger Spray"],"picked":"Deadly Poison","floor":3},{"not_picked":["Expertise","Grand Finale"],"picked":"PiercingWail","floor":5},{"not_picked":["Deadly Poison","Bane"],"picked":"Poisoned Stab","floor":7},{"not_picked":["Concentrate","Quick Slash"],"picked":"Poisoned Stab","floor":11},{"not_picked":["Eviscerate","Tactician"],"picked":"Catalyst","floor":13},{"not_picked":["Endless Agony","Accuracy"],"picked":"Well Laid Plans","floor":14},{"not_picked":["Storm of Steel","Die Die Die"],"picked":"Burst","floor":16},{"not_picked":["Outmaneuver","Dagger Throw+1"],"picked":"Dash","floor":18},{"not_picked":["Tactician","Setup+1"],"picked":"Heel Hook+1","floor":19},{"not_picked":["Cloak And Dagger","Dodge and Roll"],"picked":"Backflip","floor":21},{"not_picked":["Blade Dance","Outmaneuver"],"picked":"Sucker Punch+1","floor":24},{"not_picked":["Outmaneuver","Corpse Explosion","Eviscerate"],"picked":"Dagger Throw+1","floor":29},{"not_picked":["Prepared","Terror","Masterful Stab"],"picked":"Footwork+1","floor":31},{"not_picked":["Burst","Unload","Envenom"],"picked":"Tools of the Trade","floor":33},{"not_picked":["Terror+1","PiercingWail","Dagger Throw+1"],"picked":"Backflip","floor":35}],"player_experience":113576,"relics_obtained":[{"floor":11,"key":"Odd Mushroom"},{"floor":14,"key":"Happy Flower"},{"floor":26,"key":"Question Card"}],"event_choices":[{"damage_healed":0,"gold_gain":0,"player_choice":"Fought Mushrooms","damage_taken":0,"max_hp_gain":0,"max_hp_loss":0,"event_name":"Mushrooms","floor":11,"gold_loss":0},{"damage_healed":0,"gold_gain":0,"player_choice":"Donut","damage_taken":0,"max_hp_gain":5,"max_hp_loss":0,"event_name":"Big Fish","floor":12,"gold_loss":0},{"damage_healed":0,"gold_gain":0,"cards_transformed":["Strike_G"],"player_choice":"Transformed","damage_taken":0,"max_hp_gain":0,"max_hp_loss":0,"event_name":"Transmorgrifier","floor":20,"gold_loss":0,"cards_obtained":["Choke"]},{"damage_healed":0,"gold_gain":0,"player_choice":"Read","damage_taken":0,"max_hp_gain":0,"max_hp_loss":0,"event_name":"The Library","floor":22,"gold_loss":0,"cards_obtained":["After Image"]},{"damage_healed":0,"gold_gain":0,"player_choice":"Ignored","damage_taken":0,"max_hp_gain":0,"max_hp_loss":0,"event_name":"Ghosts","floor":28,"gold_loss":0},{"damage_healed":0,"gold_gain":0,"player_choice":"Gave Potion","damage_taken":0,"relics_obtained":["Darkstone Periapt"],"max_hp_gain":0,"max_hp_loss":0,"event_name":"WeMeetAgain","floor":36,"gold_loss":0},{"damage_healed":0,"gold_gain":999,"player_choice":"Gold","damage_taken":0,"max_hp_gain":0,"max_hp_loss":0,"event_name":"MindBloom","floor":38,"gold_loss":0,"cards_obtained":["Normality","Normality"]},{"damage_healed":0,"gold_gain":0,"player_choice":"Ignored","damage_taken":0,"max_hp_gain":0,"max_hp_loss":0,"event_name":"Mysterious Sphere","floor":39,"gold_loss":0}],"is_beta":false,"boss_relics":[{"not_picked":["HoveringKite","Eternal Feather"],"picked":"Ring of the Serpent"},{"not_picked":["WristBlade","Coffee Dripper"],"picked":"Astrolabe"}],"items_purged_floors":[4,37],"is_endless":false,"potions_floor_spawned":[1,2,3,7,14,19,21],"killed_by":"Giant Head","ascension_level":3}