{"gold_per_floor":[112,132,152,13,32,67,84,102,170,170,170,183,183,133,133,238,238,206,206],"floor_reached":19,"playtime":969,"items_purged":[],"score":171,"play_id":"9861e86c-09a0-4c6c-aec7-daa3ef33cd07","local_time":"20190420120335","is_ascension_mode":false,"campfire_choices":[{"floor":11,"key":"REST"},{"floor":13,"key":"DIG"},{"floor":15,"key":"REST"}],"neow_cost":"NONE","seed_source_timestamp":406209913421084,"circlet_count":0,"master_deck":["Strike_B","Strike_B","Strike_B","Strike_B","Defend_B","Defend_B","Defend_B","Defend_B","Zap","Dualcast","Cold Snap","Double Energy","Streamline","Glacier","Blizzard","Capacitor","Chill","Cold Snap","Redo","Amplify","Coolheaded","Echo Form","Gash+1"],"relics":["FrozenCore","Happy Flower","Shovel","Question Card","Centennial Puzzle","Calipers"],"potions_floor_usage":[8,8,19],"damage_taken":[{"damage":1,"enemies":"Cultist","floor":1,"turns":3},{"damage":9,"enemies":"2 Louse","floor":2,"turns":2},{"damage":9,"enemies":"Jaw Worm","floor":3,"turns":3},{"damage":6,"enemies":"Blue Slaver","floor":5,"turns":4},{"damage":16,"enemies":"Lagavulin","floor":6,"turns":7},{"damage":6,"enemies":"3 Louse","floor":7,"turns":5},{"damage":0,"enemies":"Gremlin Gang","floor":8,"turns":3},{"damage":6,"enemies":"Exordium Thugs","floor":12,"turns":5},{"damage":45,"enemies":"The Guardian","floor":16,"turns":13},{"damage":35,"enemies":"2 Thieves","floor":18,"turns":5},{"damage":30,"enemies":"Colosseum Slavers","floor":19,"turns":7},{"damage":42,"enemies":"Colosseum Nobs","floor":19,"turns":4}],"seed_played":"5361091380676381055","potions_obtained":[{"floor":3,"key":"Regen Potion"},{"floor":7,"key":"LiquidBronze"},{"floor":12,"key":"Fruit Juice"},{"floor":16,"key":"Strength Potion"}],"is_trial":false,"path_per_floor":["M","M","M","$","M","E","M","M","T","?","R","M","R","$","R","B",null,"M","?"],"character_chosen":"DEFECT","items_purchased":["Glacier","Blizzard","Coolheaded"],"campfire_rested":2,"item_purchase_floors":[4,4,14],"current_hp_per_floor":[74,65,56,56,50,34,28,37,37,25,47,41,41,41,63,18,75,40,0],"gold":206,"neow_bonus":"RANDOM_COMMON_RELIC","is_prod":false,"is_daily":false,"chose_seed":false,"campfire_upgraded":0,"win_rate":0.0,"timestamp":1555718615,"path_taken":["M","?","M","$","M","E","M","M","T","?","R","M","R","?","R","BOSS","M","?"],"build_version":"2019-01-23","purchased_purges":0,"victory":false,"max_hp_per_floor":[75,75,75,75,75,75,75,75,75,75,75,75,75,75,75,75,75,75,80],"card_choices":[{"not_picked":["Stack","Scrape"],"picked":"Cold Snap","floor":1},{"not_picked":["Darkness","Streamline"],"picked":"Double Energy","floor":2},{"not_picked":["Gash","Rebound"],"picked":"Streamline","floor":3},{"not_picked":["Redo","Sweeping Beam"],"picked":"Capacitor","floor":5},{"not_picked":["Self Repair","Auto Shields"],"picked":"Chill","floor":6},{"not_picked":["Steam","Rip and Tear"],"picked":"Cold Snap","floor":7},{"not_picked":["Chaos","Cold Snap"],"picked":"Redo","floor":8},{"not_picked":["Blizzard","Cold Snap","Redo"],"picked":"Amplify","floor":12},{"not_picked":["Seek","Thunder Strike","Fission"],"picked":"Echo Form","floor":16},{"not_picked":["Lockon","Undo+1","Scrape"],"picked":"Gash+1","floor":18}],"player_experience":15913,"relics_obtained":[{"floor":6,"key":"Shovel"},{"floor":9,"key":"Question Card"},{"floor":13,"key":"Calipers"}],"event_choices":[{"damage_healed":0,"gold_gain":0,"player_choice":"Success","damage_taken":12,"relics_obtained":["Centennial Puzzle"],"max_hp_gain":0,"max_hp_loss":0,"event_name":"Scrap Ooze","floor":10,"gold_loss":0},{"damage_healed":0,"gold_gain":0,"player_choice":"Fight","damage_taken":0,"max_hp_gain":0,"max_hp_loss":0,"event_name":"Colosseum","floor":19,"gold_loss":0},{"damage_healed":0,"gold_gain":0,"player_choice":"Fought Nobs","damage_taken":0,"max_hp_gain":0,"max_hp_loss":0,"event_name":"Colosseum","floor":19,"gold_loss":0}],"is_beta":false,"boss_relics":[{"not_picked":["Inserter","Tiny House"],"picked":"FrozenCore"}],"items_purged_floors":[],"is_endless":false,"potions_floor_spawned":[3,7,12,16,19],"killed_by":"Colosseum Nobs","ascension_level":0}