{"gold_per_floor":[110,129,148,148,163,163,177,177,177,177,189,204,219,237,237,338,338,352,352,201,213,227,227,238,238,308,363,363,378,328,348,348,348],"floor_reached":33,"playtime":1689,"items_purged":["Strike_R"],"score":295,"play_id":"807936dc-cddd-4e68-8a30-a12c7000cc01","local_time":"20180710034222","is_ascension_mode":false,"campfire_choices":[{"data":"Perfected Strike","floor":6,"key":"SMITH"},{"data":"Bash","floor":8,"key":"SMITH"},{"floor":10,"key":"REST"},{"data":"Wild Strike","floor":15,"key":"SMITH"},{"data":"Armaments","floor":23,"key":"SMITH"},{"floor":28,"key":"REST"},{"floor":32,"key":"REST"}],"neow_cost":"NONE","seed_source_timestamp":281286571989697,"circlet_count":0,"master_deck":["Strike_R","Strike_R+1","Strike_R","Strike_R","Defend_R","Defend_R","Defend_R","Defend_R","Bash+1","Twin Strike+1","Heavy Blade","Perfected Strike+1","Evolve","Perfected Strike","Perfected Strike","Warcry","Wild Strike+1","Double Tap","Armaments+1","Perfected Strike","Shrug It Off","Cleave","Reckless Charge","Flex","Whirlwind","Metallicize","Perfected Strike","Battle Trance"],"relics":["Burning Blood","Dodecahedron","Orrery","Bottled Lightning","Singing Bowl"],"potions_floor_usage":[13,16,16,24,33,33],"damage_taken":[{"damage":7,"enemies":"2 Louse","floor":1,"turns":3},{"damage":17,"enemies":"Jaw Worm","floor":2,"turns":4},{"damage":9,"enemies":"Cultist","floor":3,"turns":4},{"damage":11,"enemies":"Lots of Slimes","floor":5,"turns":5},{"damage":10,"enemies":"3 Louse","floor":7,"turns":4},{"damage":6,"enemies":"Large Slime","floor":11,"turns":5},{"damage":10,"enemies":"Exordium Thugs","floor":12,"turns":3},{"damage":5,"enemies":"Lots of Slimes","floor":13,"turns":4},{"damage":5,"enemies":"Large Slime","floor":14,"turns":4},{"damage":43,"enemies":"Hexaghost","floor":16,"turns":6},{"damage":5,"enemies":"2 Thieves","floor":18,"turns":4},{"damage":0,"enemies":"Spheric Guardian","floor":21,"turns":3},{"damage":19,"enemies":"3 Cultists","floor":22,"turns":5},{"damage":26,"enemies":"Cultist and Chosen","floor":24,"turns":5},{"damage":35,"enemies":"Centurion and Healer","floor":29,"turns":5},{"damage":14,"enemies":"Snake Plant","floor":31,"turns":4},{"damage":74,"enemies":"Collector","floor":33,"turns":7}],"seed_played":"-1246506108045109419","potions_obtained":[{"floor":1,"key":"LiquidBronze"},{"floor":11,"key":"EssenceOfSteel"},{"floor":12,"key":"Block Potion"},{"floor":16,"key":"Regen Potion"},{"floor":18,"key":"Dexterity Potion"},{"floor":21,"key":"SpeedPotion"}],"is_trial":false,"path_per_floor":["M","M","M","?","M","R","M","R","T","R","M","M","M","M","R","B",null,"M","?","$","M","M","R","M","?","T","T","R","M","?","M","R"],"character_chosen":"IRONCLAD","items_purchased":["Whirlwind"],"campfire_rested":3,"item_purchase_floors":[20],"current_hp_per_floor":[87,76,73,55,50,50,46,46,46,72,72,68,69,70,70,33,88,88,88,88,88,75,75,67,50,50,50,77,48,48,42,70,0],"gold":348,"neow_bonus":"TEN_PERCENT_HP_BONUS","is_prod":false,"is_daily":false,"chose_seed":false,"campfire_upgraded":4,"win_rate":0,"timestamp":1531161742,"path_taken":["M","M","M","?","M","R","?","R","T","R","M","M","M","M","R","BOSS","M","?","?","?","M","R","M","?","T","?","R","M","?","M","R","BOSS"],"build_version":"2018-07-05","purchased_purges":1,"victory":false,"max_hp_per_floor":[88,88,88,88,88,88,88,88,88,88,88,88,88,88,88,88,88,88,88,88,88,88,88,88,93,93,93,93,93,93,95,95,95],"card_choices":[{"not_picked":["Dropkick","Burning Pact"],"picked":"Twin Strike","floor":1},{"not_picked":["Intimidate","Spot Weakness"],"picked":"Heavy Blade","floor":2},{"not_picked":["Cleave","Anger","Corruption"],"picked":"SKIP","floor":3},{"not_picked":["Inflame","Headbutt"],"picked":"Perfected Strike","floor":5},{"not_picked":["Twin Strike","Spot Weakness"],"picked":"Evolve","floor":7},{"not_picked":["Thunderclap","Clash"],"picked":"Perfected Strike","floor":11},{"not_picked":["Anger","Bloodletting"],"picked":"Perfected Strike","floor":12},{"not_picked":["Heavy Blade","Disarm"],"picked":"Warcry","floor":13},{"not_picked":["Cleave","Inflame"],"picked":"Wild Strike","floor":14},{"not_picked":["Fiend Fire","Immolate"],"picked":"Double Tap","floor":16},{"not_picked":["Intimidate","Flex"],"picked":"Armaments","floor":17},{"not_picked":["Bloodletting","Havoc"],"picked":"Perfected Strike","floor":17},{"not_picked":["Twin Strike","Clash"],"picked":"Shrug It Off","floor":17},{"not_picked":["Sword Boomerang","Rage"],"picked":"Cleave","floor":17},{"not_picked":["Carnage","Hemokinesis"],"picked":"Reckless Charge","floor":17},{"not_picked":["Heavy Blade","Dual Wield"],"picked":"Flex","floor":18},{"not_picked":["Clothesline","Reaper","Thunderclap+1"],"picked":"SKIP","floor":21},{"not_picked":["Sentinel","Entrench"],"picked":"Metallicize","floor":22},{"not_picked":["Sword Boomerang","Heavy Blade"],"picked":"Perfected Strike","floor":24},{"not_picked":["Flex","Iron Wave"],"picked":"Battle Trance","floor":29},{"not_picked":["Combust","Warcry","Carnage"],"picked":"Singing Bowl","floor":31}],"player_experience":115812,"relics_obtained":[{"floor":9,"key":"Dodecahedron"},{"floor":26,"key":"Bottled Lightning"},{"floor":27,"key":"Singing Bowl"}],"event_choices":[{"event_name":"Shining Light","player_choice":"Entered Light","floor":4,"damage_taken":0},{"event_name":"Drug Dealer","player_choice":"Ignored","floor":19,"damage_taken":0},{"event_name":"Forgotten Altar","player_choice":"Shed Blood","floor":25,"damage_taken":0},{"event_name":"The Joust","player_choice":"Bet on Murderer","floor":30,"damage_taken":0}],"boss_relics":[{"not_picked":["Busted Crown","Snecko Eye"],"picked":"Orrery"}],"items_purged_floors":[20],"is_endless":false,"potions_floor_spawned":[1,11,12,16,18,21],"killed_by":"Collector","ascension_level":0}