{"gold_per_floor":[112,187,198,198,198,198,259,15,40,52,93,123,135,166,178,288,300,329,357,369,381,403,415,427],"floor_reached":24,"playtime":464,"items_purged":[],"score":286,"play_id":"21206a6f-69d1-4af3-bf9b-54541ab3a0d5","local_time":"20190510165116","is_ascension_mode":true,"campfire_choices":[{"data":"Zap","floor":6,"key":"SMITH"},{"data":"Static Discharge","floor":10,"key":"SMITH"},{"floor":15,"key":"REST"},{"floor":23,"key":"REST"}],"neow_cost":"NONE","seed_source_timestamp":2151972566477005,"circlet_count":0,"master_deck":["Strike_B","Strike_B","Strike_B","Defend_B","Defend_B","Defend_B","Defend_B","Zap+1","Dualcast","Sweeping Beam","Echo Form","Redo","Static Discharge+1","Redo","Cold Snap+1","Creative AI","Coolheaded","Capacitor+1","Steam","Static Discharge"],"relics":["Cracked Core","NeowsBlessing","Tiny Chest","Lantern","MawBank","Happy Flower","Molten Egg 2","Eternal Feather","Dream Catcher"],"potions_floor_usage":[22,22],"damage_taken":[{"damage":0,"enemies":"Small Slimes","floor":1,"turns":1},{"damage":0,"enemies":"2 Louse","floor":3,"turns":1},{"damage":0,"enemies":"Lagavulin","floor":7,"turns":1},{"damage":32,"enemies":"Gremlin Nob","floor":11,"turns":3},{"damage":7,"enemies":"Jaw Worm","floor":12,"turns":2},{"damage":1,"enemies":"Looter","floor":14,"turns":2},{"damage":31,"enemies":"Hexaghost","floor":16,"turns":7},{"damage":22,"enemies":"2 Thieves","floor":18,"turns":3},{"damage":18,"enemies":"Chosen","floor":19,"turns":4},{"damage":12,"enemies":"Snake Plant","floor":22,"turns":3},{"damage":49,"enemies":"3 Cultists","floor":24,"turns":4}],"seed_played":"-5689743039545568688","potions_obtained":[{"floor":1,"key":"Dexterity Potion"},{"floor":7,"key":"Poison Potion"},{"floor":19,"key":"Poison Potion"}],"is_trial":false,"path_per_floor":["M","?","M","?","?","R","E","$","T","R","E","M","T","M","R","B",null,"M","M","?","T","M","R","M"],"character_chosen":"DEFECT","items_purchased":["Redo","Static Discharge","Lantern"],"campfire_rested":2,"item_purchase_floors":[8,8,8],"current_hp_per_floor":[75,64,64,69,62,62,62,62,62,62,30,23,23,22,46,15,64,42,24,24,24,12,45,0],"gold":427,"neow_bonus":"THREE_ENEMY_KILL","is_prod":false,"is_daily":false,"chose_seed":false,"campfire_upgraded":2,"win_rate":0,"timestamp":1557463876,"path_taken":["M","?","M","?","?","R","E","?","T","R","E","M","?","M","R","BOSS","M","M","?","?","M","R","M"],"build_version":"2019-01-23","purchased_purges":0,"victory":false,"max_hp_per_floor":[75,75,75,80,80,80,80,80,80,80,80,80,80,80,80,80,80,80,80,80,80,80,80,80],"card_choices":[{"not_picked":["Aggregate","Beam Cell","Auto Shields"],"picked":"SKIP","floor":1},{"not_picked":["Turbo","Sunder"],"picked":"Sweeping Beam","floor":3},{"not_picked":["Doom and Gloom","Compile Driver"],"picked":"Echo Form","floor":7},{"not_picked":["Turbo","Beam Cell","Steam"],"picked":"SKIP","floor":11},{"not_picked":["Rebound","Coolheaded"],"picked":"Redo","floor":12},{"not_picked":["Tempest","Compile Driver+1"],"picked":"Cold Snap+1","floor":14},{"not_picked":["Core Surge+1","Buffer"],"picked":"Creative AI","floor":16},{"not_picked":["Steam","Steam Power+1"],"picked":"Coolheaded","floor":18},{"not_picked":["Rebound+1","Redo"],"picked":"Capacitor+1","floor":19},{"not_picked":["Genetic Algorithm","Hello World"],"picked":"Steam","floor":22},{"not_picked":["Darkness","Steam"],"picked":"Static Discharge","floor":23}],"player_experience":223903,"relics_obtained":[{"floor":7,"key":"Tiny Chest"},{"floor":9,"key":"MawBank"},{"floor":11,"key":"Happy Flower"},{"floor":13,"key":"Molten Egg 2"},{"floor":21,"key":"Dream Catcher"}],"event_choices":[{"damage_healed":0,"gold_gain":75,"player_choice":"Gather Gold","damage_taken":11,"max_hp_gain":0,"max_hp_loss":0,"event_name":"World of Goop","floor":2,"gold_loss":0},{"damage_healed":0,"gold_gain":0,"player_choice":"Donut","damage_taken":0,"max_hp_gain":5,"max_hp_loss":0,"event_name":"Big Fish","floor":4,"gold_loss":0},{"cards_removed":["Strike_B"],"damage_healed":0,"gold_gain":0,"player_choice":"Card Removal","damage_taken":7,"max_hp_gain":0,"max_hp_loss":0,"event_name":"Golden Wing","floor":5,"gold_loss":0},{"damage_healed":0,"gold_gain":0,"player_choice":"Ignored","damage_taken":0,"max_hp_gain":0,"max_hp_loss":0,"event_name":"Ghosts","floor":20,"gold_loss":0}],"is_beta":false,"boss_relics":[{"not_picked":["Runic Pyramid","Empty Cage"],"picked":"Eternal Feather"}],"items_purged_floors":[],"is_endless":false,"potions_floor_spawned":[1,7,19],"killed_by":"3 Cultists","ascension_level":5}