{"gold_per_floor":[118,68,81,156,5,5,36,36,87,87,101,130,30,41,41,145,145,160,35,51,51,51],"floor_reached":22,"playtime":1011,"items_purged":["Strike_R","Strike_R","Strike_R"],"score":260,"play_id":"af202204-2b6a-4c22-978a-82485f87cb3e","local_time":"20181013182343","is_ascension_mode":true,"campfire_choices":[{"data":"Bash","floor":6,"key":"SMITH"},{"data":"Whirlwind","floor":8,"key":"SMITH"},{"data":"Searing Blow","floor":10,"key":"SMITH"},{"data":"Searing Blow+1","floor":15,"key":"SMITH"}],"neow_cost":"","seed_source_timestamp":40534929303272,"circlet_count":0,"master_deck":["Strike_R","Strike_R","Defend_R","Defend_R","Defend_R","Bash+1","Shrug It Off","Reckless Charge","Whirlwind+1","Searing Blow+2","Evolve","Shrug It Off","Fiend Fire","Inflame"],"special_seed":0,"relics":["Burning Blood","Strawberry","Happy Flower","Sundial","White Beast Statue"],"potions_floor_usage":[12,16,16,18,20],"damage_taken":[{"damage":12,"enemies":"Small Slimes","floor":1,"turns":5},{"damage":6,"enemies":"2 Louse","floor":3,"turns":4},{"damage":50,"enemies":"Lagavulin","floor":7,"turns":7},{"damage":0,"enemies":"Jaw Worm","floor":11,"turns":3},{"damage":0,"enemies":"3 Sentries","floor":12,"turns":2},{"damage":0,"enemies":"Large Slime","floor":14,"turns":4},{"damage":34,"enemies":"Slime Boss","floor":16,"turns":10},{"damage":11,"enemies":"2 Thieves","floor":18,"turns":2},{"damage":6,"enemies":"Chosen","floor":20,"turns":5},{"damage":29,"enemies":"Shelled Parasite and Fungi","floor":22,"turns":6}],"seed_played":"-3795958049050842425","potions_obtained":[{"floor":11,"key":"SteroidPotion"},{"floor":12,"key":"Explosive Potion"},{"floor":14,"key":"GamblersBrew"},{"floor":16,"key":"SteroidPotion"},{"floor":18,"key":"Block Potion"},{"floor":20,"key":"SpeedPotion"}],"is_trial":false,"path_per_floor":["M","?","M","?","$","R","E","R","T","R","M","E","$","M","R","B",null,"M","$","M","?"],"character_chosen":"IRONCLAD","items_purchased":["Whirlwind"],"campfire_rested":0,"item_purchase_floors":[5],"current_hp_per_floor":[74,74,74,63,63,63,26,26,26,26,32,38,38,44,44,16,87,82,82,82,82,53],"gold":51,"neow_bonus":"","is_prod":false,"is_daily":false,"chose_seed":false,"campfire_upgraded":4,"win_rate":0,"timestamp":1539422623,"path_taken":["M","?","M","?","$","R","E","R","T","R","?","E","$","M","R","BOSS","M","$","M","?","M"],"build_version":"2018-10-11","purchased_purges":3,"victory":false,"max_hp_per_floor":[80,80,80,80,80,80,87,87,87,87,87,87,87,87,87,87,87,87,87,87,87,87],"card_choices":[{"not_picked":["Sword Boomerang","Dual Wield"],"picked":"Shrug It Off","floor":1},{"not_picked":["Rampage","Shockwave"],"picked":"Reckless Charge","floor":3},{"not_picked":["Anger","Body Slam"],"picked":"Searing Blow","floor":7},{"not_picked":["Anger","Perfected Strike","Warcry"],"picked":"SKIP","floor":11},{"not_picked":["Metallicize","Berserk"],"picked":"Evolve","floor":12},{"not_picked":["Shockwave","Headbutt"],"picked":"Shrug It Off","floor":14},{"not_picked":["Berserk","Demon Form"],"picked":"Fiend Fire","floor":16},{"not_picked":["Wild Strike+1","Sword Boomerang","Shockwave"],"picked":"SKIP","floor":18},{"not_picked":["Anger","Sever Soul+1","Bloodletting"],"picked":"SKIP","floor":20}],"player_experience":403093,"relics_obtained":[{"floor":7,"key":"Strawberry"},{"floor":9,"key":"Happy Flower"},{"floor":12,"key":"Sundial"}],"event_choices":[{"event_name":"The Cleric","player_choice":"Card Removal","floor":2,"damage_taken":0},{"event_name":"World of Goop","player_choice":"Gather Gold","floor":4,"damage_taken":0},{"event_name":"The Library","player_choice":"Read","floor":21,"damage_taken":0}],"is_beta":false,"boss_relics":[{"not_picked":["Busted Crown","Coffee Dripper"],"picked":"White Beast Statue"}],"items_purged_floors":[5,13,19],"is_endless":false,"potions_floor_spawned":[11,12,14,16,18,20],"killed_by":"Shelled Parasite and Fungi","ascension_level":4}