{"gold_per_floor":[111,124,141,155,171,171,198,209,236,236,286,213,229,240,240,340,340,356,376,301,319,319,319,7,7,7,26,39,50,68,88,88,188,188,207,217,233,233],"floor_reached":38,"playtime":2481,"items_purged":[],"score":621,"play_id":"dbc15847-f535-4889-bfc7-d85817e88626","local_time":"20190517172924","is_ascension_mode":true,"campfire_choices":[{"data":"Metallicize","floor":6.0,"key":"SMITH"},{"floor":10.0,"key":"REST"},{"data":"Spot Weakness","floor":15.0,"key":"SMITH"},{"data":"Inflame","floor":23.0,"key":"SMITH"},{"data":"Shrug It Off","floor":25.0,"key":"SMITH"},{"data":"Battle Trance","floor":32.0,"key":"SMITH"}],"neow_cost":"NONE","seed_source_timestamp":0,"circlet_count":0,"master_deck":["AscendersBane","Strike_R","Strike_R","Strike_R","Strike_R","Defend_R","Defend_R","Defend_R","Defend_R","Bash","Blind","Clash","Shrug It Off+1","Inflame+1","Corruption","Metallicize+1","Fiend Fire","Spot Weakness+1","Feel No Pain","Pommel Strike","Reaper","Battle Trance+1","Shockwave","Warcry","Juggernaut","Metallicize+1","Heavy Blade"],"special_seed":0,"relics":["Burning Blood","Bottled Flame","Juzu Bracelet","Velvet Choker","Thread and Needle","Peace Pipe","Runic Pyramid"],"potions_floor_usage":[],"damage_taken":[{"damage":0.0,"enemies":"Cultist","floor":1.0,"turns":3.0},{"damage":7.0,"enemies":"2 Louse","floor":2.0,"turns":3.0},{"damage":7.0,"enemies":"Small Slimes","floor":3.0,"turns":3.0},{"damage":5.0,"enemies":"Blue Slaver","floor":4.0,"turns":4.0},{"damage":5.0,"enemies":"Large Slime","floor":5.0,"turns":6.0},{"damage":54.0,"enemies":"3 Sentries","floor":7.0,"turns":15.0},{"damage":21.0,"enemies":"Lots of Slimes","floor":8.0,"turns":6.0},{"damage":2.0,"enemies":"2 Fungi Beasts","floor":13.0,"turns":4.0},{"damage":0.0,"enemies":"Red Slaver","floor":14.0,"turns":3.0},{"damage":30.0,"enemies":"The Guardian","floor":16.0,"turns":16.0},{"damage":30.0,"enemies":"Spheric Guardian","floor":18.0,"turns":6.0},{"damage":18.0,"enemies":"2 Thieves","floor":19.0,"turns":5.0},{"damage":41.0,"enemies":"Shelled Parasite and Fungi","floor":21.0,"turns":6.0},{"damage":8.0,"enemies":"Colosseum Slavers","floor":22.0,"turns":14.0},{"damage":14.0,"enemies":"Snake Plant","floor":27.0,"turns":6.0},{"damage":13.0,"enemies":"3 Cultists","floor":28.0,"turns":6.0},{"damage":9.0,"enemies":"Chosen and Byrds","floor":29.0,"turns":5.0},{"damage":5.0,"enemies":"Snecko","floor":30.0,"turns":5.0},{"damage":14.0,"enemies":"Centurion and Healer","floor":31.0,"turns":7.0},{"damage":83.0,"enemies":"Champ","floor":33.0,"turns":12.0},{"damage":51.0,"enemies":"3 Darklings","floor":35.0,"turns":5.0},{"damage":23.0,"enemies":"3 Shapes","floor":36.0,"turns":5.0},{"damage":7,"enemies":"Spire Growth","floor":37,"turns":6},{"damage":45,"enemies":"Transient","floor":38,"turns":2}],"seed_played":"-4894105797219772742","potions_obtained":[{"floor":1.0,"key":"Dexterity Potion"},{"floor":4.0,"key":"SpeedPotion"},{"floor":14.0,"key":"Regen Potion"},{"floor":18.0,"key":"PowerPotion"}],"is_trial":false,"path_per_floor":["M","M","M","M","M","R","E","M","T","R","?","$","M","M","R","B",null,"M","M","?","M","?","R","$","R","T","M","M","M","M","M","R","B",null,"M","M","M","M"],"character_chosen":"IRONCLAD","items_purchased":["Feel No Pain","Thread and Needle"],"campfire_rested":1,"item_purchase_floors":[12,24],"current_hp_per_floor":[78,77,76,77,78,78,30,15,15,39,39,39,43,49,49,40,70,56,44,44,29,53,53,53,53,53,50,43,56,73,72,72,17,64,40,44,43,0],"gold":233,"neow_bonus":"RANDOM_COLORLESS","is_prod":false,"is_daily":false,"chose_seed":false,"campfire_upgraded":5,"win_rate":0,"timestamp":1558085364,"path_taken":["M","?","M","M","M","R","E","M","T","R","?","$","M","M","R","BOSS","M","M","?","M","?","R","$","R","T","M","M","M","M","M","R","BOSS","M","M","M","M"],"build_version":"2019-01-23","purchased_purges":0,"victory":false,"max_hp_per_floor":[80,80,80,80,80,80,80,80,80,80,80,80,80,80,80,80,80,80,80,80,80,80,80,80,80,80,80,80,80,80,80,80,80,80,80,80,80,80],"card_choices":[{"not_picked":["Twin Strike","Clothesline"],"picked":"Clash","floor":1.0},{"not_picked":["Wild Strike","Clash"],"picked":"Shrug It Off","floor":2.0},{"not_picked":["Dark Embrace","Warcry"],"picked":"Inflame","floor":3.0},{"not_picked":["Perfected Strike","Second Wind"],"picked":"Corruption","floor":4.0},{"not_picked":["Armaments","Reckless Charge"],"picked":"Metallicize","floor":5.0},{"not_picked":["Armaments","Hemokinesis"],"picked":"Fiend Fire","floor":7.0},{"not_picked":["Flex","Warcry"],"picked":"Spot Weakness","floor":8.0},{"not_picked":["Dropkick","Perfected Strike"],"picked":"Pommel Strike","floor":13.0},{"not_picked":["Clash","Sever Soul","Corruption"],"picked":"SKIP","floor":14.0},{"not_picked":["Demon Form","Impervious"],"picked":"Reaper","floor":16.0},{"not_picked":["Clothesline","Rampage"],"picked":"Battle Trance","floor":18.0},{"not_picked":["Havoc","Entrench"],"picked":"Shockwave","floor":19.0},{"not_picked":["Seeing Red+1","Battle Trance+1","Sever Soul"],"picked":"SKIP","floor":21.0},{"not_picked":["Seeing Red","Corruption","Thunderclap"],"picked":"SKIP","floor":27.0},{"not_picked":["Flex","Burning Pact","Wild Strike"],"picked":"SKIP","floor":28.0},{"not_picked":["Pummel","Shockwave"],"picked":"Warcry","floor":29.0},{"not_picked":["Thunderclap","Sword Boomerang+1","Shrug It Off"],"picked":"SKIP","floor":30.0},{"not_picked":["Twin Strike","Blood for Blood+1","Battle Trance"],"picked":"SKIP","floor":31.0},{"not_picked":["Dark Embrace","Berserk"],"picked":"Juggernaut","floor":33.0},{"not_picked":["True Grit","Uppercut","Wild Strike"],"picked":"SKIP","floor":35.0},{"not_picked":["Cleave","Perfected Strike+1"],"picked":"Metallicize+1","floor":36.0},{"not_picked":["Havoc","Shrug It Off"],"picked":"Heavy Blade","floor":37}],"player_experience":743117,"relics_obtained":[{"floor":7.0,"key":"Bottled Flame"},{"floor":9.0,"key":"Juzu Bracelet"},{"floor":26.0,"key":"Peace Pipe"}],"event_choices":[{"damage_healed":0.0,"max_hp_gain":0.0,"max_hp_loss":0.0,"gold_gain":50.0,"event_name":"Golden Wing","player_choice":"Gained Gold","floor":11.0,"gold_loss":0.0,"damage_taken":0.0},{"cards_removed":["Strike_R"],"damage_healed":0.0,"max_hp_gain":0.0,"max_hp_loss":0.0,"gold_gain":0.0,"event_name":"Beggar","player_choice":"Gave Gold","floor":20.0,"gold_loss":75.0,"damage_taken":0.0},{"damage_healed":0.0,"max_hp_gain":0.0,"max_hp_loss":0.0,"gold_gain":0.0,"event_name":"Colosseum","player_choice":"Fight","floor":22.0,"gold_loss":0.0,"damage_taken":0.0},{"damage_healed":0.0,"max_hp_gain":0.0,"max_hp_loss":0.0,"gold_gain":0.0,"event_name":"Colosseum","player_choice":"Fled From Nobs","floor":22.0,"gold_loss":0.0,"damage_taken":0.0}],"is_beta":false,"boss_relics":[{"not_picked":["Empty Cage","Black Blood"],"picked":"Velvet Choker"},{"not_picked":["Busted Crown","Mark of Pain"],"picked":"Runic Pyramid"}],"items_purged_floors":[],"is_endless":false,"potions_floor_spawned":[1,4,14,18,19,28,30,31],"killed_by":"Transient","ascension_level":12}