{"gold_per_floor":[111,131,131,147,167,167,187,187,187,187,197,197,228,153,153,248,248,264,23,23,36,47,47,60,73,149,149,162,162,176,91,91,190,190,210,210,85,95,108,108,0,0,24,34,50,12,32,49,49,49],"floor_reached":51,"playtime":3479,"items_purged":["Strike_G","Strike_G","Defend_G"],"score":812,"play_id":"64b207c2-d437-49f4-be09-c4f896d6fc6d","local_time":"20180920212405","is_ascension_mode":true,"campfire_choices":[{"data":"Neutralize","floor":6,"key":"SMITH"},{"data":"Infinite Blades","floor":8,"key":"SMITH"},{"data":"Cloak And Dagger","floor":10,"key":"SMITH"},{"data":"Backstab","floor":12,"key":"SMITH"},{"data":"A Thousand Cuts","floor":15,"key":"SMITH"},{"data":"After Image","floor":23,"key":"SMITH"},{"data":"Adrenaline","floor":27,"key":"SMITH"},{"data":"Cloak And Dagger","floor":29,"key":"SMITH"},{"data":"Dagger Spray","floor":32,"key":"SMITH"},{"data":"Well Laid Plans","floor":40,"key":"SMITH"},{"data":"Dagger Spray","floor":42,"key":"SMITH"},{"floor":49,"key":"REST"}],"neow_cost":"NONE","seed_source_timestamp":397417224876996,"circlet_count":0,"master_deck":["Defend_G+1","Defend_G","Defend_G","Strike_G","Strike_G","Survivor+1","Neutralize+1","Cloak And Dagger+1","Infinite Blades+1","PiercingWail","Deadly Poison","Cloak And Dagger+1","Backstab+1","A Thousand Cuts+1","Adrenaline+1","Escape Plan","Well Laid Plans+1","After Image+1","Dagger Spray+1","Dagger Spray+1","Blur","Deflect","Cloak And Dagger+1","Adrenaline+1","PiercingWail+1","Backflip+1","Dagger Spray","Footwork","Tools of the Trade"],"relics":["Ring of the Snake","NeowsBlessing","Peace Pipe","Mummified Hand","Empty Cage","Toxic Egg 2","Torii","WristBlade","Juzu Bracelet","Red Mask","Regal Pillow"],"potions_floor_usage":[13,13,16,18,28,30,33,33,38,45,50,50,50],"damage_taken":[{"damage":0,"enemies":"Cultist","floor":1,"turns":1},{"damage":0,"enemies":"2 Louse","floor":2,"turns":1},{"damage":0,"enemies":"Small Slimes","floor":4,"turns":1},{"damage":0,"enemies":"2 Fungi Beasts","floor":5,"turns":6},{"damage":9,"enemies":"Lots of Slimes","floor":7,"turns":6},{"damage":0,"enemies":"3 Louse","floor":11,"turns":3},{"damage":5,"enemies":"Gremlin Nob","floor":13,"turns":3},{"damage":18,"enemies":"Slime Boss","floor":16,"turns":7},{"damage":2,"enemies":"Chosen","floor":18,"turns":3},{"damage":6,"enemies":"2 Thieves","floor":21,"turns":4},{"damage":2,"enemies":"Sentry and Sphere","floor":22,"turns":6},{"damage":0,"enemies":"Shelled Parasite and Fungi","floor":24,"turns":6},{"damage":0,"enemies":"Snake Plant","floor":25,"turns":4},{"damage":0,"enemies":"Centurion and Healer","floor":28,"turns":5},{"damage":4,"enemies":"Cultist and Chosen","floor":30,"turns":7},{"damage":31,"enemies":"Collector","floor":33,"turns":11},{"damage":1,"enemies":"3 Darklings","floor":35,"turns":4},{"damage":1,"enemies":"Orb Walker","floor":38,"turns":3},{"damage":15,"enemies":"Spire Growth","floor":39,"turns":5},{"damage":0,"enemies":"Reptomancer","floor":44,"turns":5},{"damage":2,"enemies":"Sphere and 2 Shapes","floor":45,"turns":3},{"damage":0,"enemies":"Maw","floor":47,"turns":8},{"damage":9,"enemies":"4 Shapes","floor":48,"turns":4},{"damage":20,"enemies":"Donu and Deca","floor":50,"turns":9}],"seed_played":"-4268797185591849501","potions_obtained":[{"floor":5,"key":"FearPotion"},{"floor":11,"key":"Swift Potion"},{"floor":13,"key":"Swift Potion"},{"floor":16,"key":"Weak Potion"},{"floor":21,"key":"Energy Potion"},{"floor":22,"key":"Swift Potion"},{"floor":25,"key":"Ancient Potion"},{"floor":30,"key":"AttackPotion"},{"floor":33,"key":"Swift Potion"},{"floor":35,"key":"Poison Potion"},{"floor":44,"key":"Explosive Potion"},{"floor":45,"key":"Strength Potion"},{"floor":48,"key":"Block Potion"}],"is_trial":false,"path_per_floor":["M","M","?","M","M","R","M","R","T","R","M","R","E","$","R","B",null,"M","$","?","M","M","R","M","M","T","R","M","R","M","?","R","B",null,"M","T","$","M","M","R","?","R","T","M","M","$","M","M","R","B"],"character_chosen":"THE_SILENT","items_purchased":["Escape Plan","Well Laid Plans","Footwork"],"campfire_rested":1,"item_purchase_floors":[19,19,46],"current_hp_per_floor":[63,63,49,49,49,49,40,40,40,40,40,40,35,35,35,17,57,55,55,55,49,47,47,47,47,47,47,47,47,43,43,43,12,56,55,55,55,54,39,39,39,39,39,39,37,37,37,28,64,44],"gold":49,"neow_bonus":"THREE_ENEMY_KILL","is_prod":false,"is_daily":false,"chose_seed":false,"campfire_upgraded":11,"win_rate":0,"timestamp":1537446245,"path_taken":["M","?","?","?","M","R","M","R","T","R","M","R","E","$","R","BOSS","M","$","?","M","M","R","M","M","T","R","M","R","M","?","R","BOSS","M","?","$","M","M","R","?","R","T","M","M","?","M","M","R","BOSS"],"build_version":"2018-09-06","purchased_purges":3,"victory":true,"max_hp_per_floor":[70,70,70,70,70,70,70,70,70,70,70,70,70,70,70,70,70,70,70,70,70,70,70,70,70,70,70,70,70,70,70,70,70,70,70,70,70,70,70,70,70,70,70,70,70,70,70,70,70,70],"card_choices":[{"not_picked":["Dagger Spray","Quick Slash"],"picked":"Cloak And Dagger","floor":1},{"not_picked":["Finisher","Concentrate"],"picked":"Infinite Blades","floor":2},{"not_picked":["Night Terror","Dodge and Roll"],"picked":"PiercingWail","floor":4},{"not_picked":["Crippling Poison","Sucker Punch"],"picked":"Deadly Poison","floor":5},{"not_picked":["Bouncing Flask","Skewer"],"picked":"Cloak And Dagger","floor":7},{"not_picked":["Reflex","Calculated Gamble"],"picked":"Backstab","floor":11},{"not_picked":["Deflect","Deadly Poison"],"picked":"A Thousand Cuts","floor":13},{"not_picked":["Burst","Unload"],"picked":"Adrenaline","floor":16},{"not_picked":["Choke+1","Endless Agony","Concentrate"],"picked":"SKIP","floor":18},{"not_picked":["Flying Knee","Dodge and Roll"],"picked":"Dagger Spray","floor":21},{"not_picked":["Skewer","Outmaneuver"],"picked":"Blur","floor":22},{"not_picked":["Masterful Stab+1","Heel Hook","Prepared"],"picked":"SKIP","floor":24},{"not_picked":["Outmaneuver","Dagger Throw"],"picked":"Deflect","floor":25},{"not_picked":["Acrobatics+1","Endless Agony","Underhanded Strike"],"picked":"SKIP","floor":28},{"not_picked":["After Image","Bane"],"picked":"Cloak And Dagger+1","floor":30},{"not_picked":["Doppelganger+1","Malaise+1"],"picked":"Adrenaline+1","floor":33},{"not_picked":["Deflect+1","Flying Knee+1"],"picked":"PiercingWail+1","floor":35},{"not_picked":["Expertise+1","Escape Plan+1"],"picked":"Backflip+1","floor":38},{"not_picked":["Quick Slash+1","Dagger Spray","Catalyst+1"],"picked":"SKIP","floor":39},{"not_picked":["Poisoned Stab","Sucker Punch"],"picked":"Dagger Spray","floor":44},{"not_picked":["PiercingWail+1","Heel Hook","Outmaneuver+1"],"picked":"SKIP","floor":45},{"not_picked":["Dodge and Roll+1","Crippling Poison+1"],"picked":"Tools of the Trade","floor":47},{"not_picked":["Expertise+1","Deadly Poison+1","Underhanded Strike"],"picked":"SKIP","floor":48}],"player_experience":302112,"relics_obtained":[{"floor":9,"key":"Peace Pipe"},{"floor":13,"key":"Mummified Hand"},{"floor":26,"key":"Toxic Egg 2"},{"floor":36,"key":"Juzu Bracelet"},{"floor":43,"key":"Regal Pillow"}],"event_choices":[{"event_name":"Shining Light","player_choice":"Entered Light","floor":3,"damage_taken":0},{"event_name":"Match and Keep!","player_choice":"2 cards matched","floor":20,"damage_taken":0},{"event_name":"Addict","player_choice":"Obtained Relic","floor":31,"damage_taken":0},{"event_name":"Tomb of Lord Red Mask","player_choice":"Paid","floor":41,"damage_taken":0}],"is_beta":false,"boss_relics":[{"not_picked":["Runic Dome","HoveringKite"],"picked":"Empty Cage"},{"not_picked":["Eternal Feather","White Beast Statue"],"picked":"WristBlade"}],"items_purged_floors":[14,19,37],"is_endless":false,"potions_floor_spawned":[5,11,13,16,21,22,25,30,33,35,44,45,48],"ascension_level":6}