{"gold_per_floor":[112,112,122,136,150,179,179,192,192,192,64,79,96,96,96,199,199,212,226,132,148,167,167,96,96,166,178,178,191,218,12,12,107,137,152,27,27,27,27,60,77,77,103,103,122,132,132,0,0,0],"floor_reached":51,"playtime":3442,"items_purged":["Strike_R","Defend_R+1"],"score":724,"play_id":"f7c1395c-bd1c-465c-99c1-b53a96828ac4","local_time":"20180710044012","is_ascension_mode":false,"campfire_choices":[{"data":"Armaments","floor":7,"key":"SMITH"},{"data":"Demon Form","floor":10,"key":"SMITH"},{"data":"Bash","floor":15,"key":"SMITH"},{"data":"Heavy Blade","floor":23,"key":"SMITH"},{"data":"Offering","floor":25,"key":"SMITH"},{"floor":28,"key":"REST"},{"data":"Wild Strike","floor":32,"key":"SMITH"},{"data":"Shrug It Off","floor":42,"key":"SMITH"},{"floor":47,"key":"REST"},{"floor":49,"key":"REST"}],"neow_cost":"NONE","seed_source_timestamp":282985574895767,"circlet_count":0,"master_deck":["Strike_R","Defend_R+1","Bash+1","Offering+1","Armaments+1","Demon Form+1","Inflame","Seeing Red","Shrug It Off+1","Offering+1","Infernal Blade+1","Body Slam+1","Reckless Charge","Heavy Blade+1","Wild Strike+1","Double Tap","Battle Trance","Perfected Strike+1","Pommel Strike+1","Reckless Charge","Perfected Strike","Ghostly Armor+1","Flash of Steel","Thinking Ahead","Madness","Ghostly Armor","Perfected Strike"],"relics":["Burning Blood","War Paint","Dodecahedron","Astrolabe","Darkstone Periapt","Unceasing Top","Lee\u0027s Waffle","Tiny House","Gremlin Horn","Juzu Bracelet","Red Mask"],"potions_floor_usage":[8,16,30,30,33,40,50],"damage_taken":[{"damage":5,"enemies":"Cultist","floor":1,"turns":4},{"damage":6,"enemies":"2 Louse","floor":3,"turns":3},{"damage":0,"enemies":"Small Slimes","floor":4,"turns":5},{"damage":14,"enemies":"Gremlin Gang","floor":5,"turns":9},{"damage":13,"enemies":"Lagavulin","floor":6,"turns":7},{"damage":10,"enemies":"Looter","floor":8,"turns":4},{"damage":4,"enemies":"Exordium Thugs","floor":12,"turns":8},{"damage":5,"enemies":"2 Fungi Beasts","floor":13,"turns":5},{"damage":47,"enemies":"The Guardian","floor":16,"turns":10},{"damage":19,"enemies":"3 Byrds","floor":18,"turns":7},{"damage":15,"enemies":"Spheric Guardian","floor":19,"turns":5},{"damage":19,"enemies":"Slaver and Parasite","floor":21,"turns":6},{"damage":14,"enemies":"Snake Plant","floor":22,"turns":3},{"damage":8,"enemies":"Centurion and Healer","floor":27,"turns":2},{"damage":4,"enemies":"Cultist and Chosen","floor":29,"turns":5},{"damage":62,"enemies":"Book of Stabbing","floor":30,"turns":7},{"damage":49,"enemies":"Automaton","floor":33,"turns":5},{"damage":8,"enemies":"3 Shapes","floor":35,"turns":4},{"damage":11,"enemies":"Nemesis","floor":40,"turns":5},{"damage":19,"enemies":"Orb Walker","floor":41,"turns":2},{"damage":35,"enemies":"3 Darklings","floor":45,"turns":3},{"damage":30,"enemies":"Maw","floor":46,"turns":5},{"damage":96,"enemies":"Time Eater","floor":50,"turns":9}],"seed_played":"-6423311853684440459","potions_obtained":[{"floor":5,"key":"Block Potion"},{"floor":12,"key":"GamblersBrew"},{"floor":13,"key":"Regen Potion"},{"floor":19,"key":"AttackPotion"},{"floor":21,"key":"Strength Potion"},{"floor":30,"key":"PowerPotion"},{"floor":34,"key":"Regen Potion"},{"floor":40,"key":"BloodPotion"},{"floor":45,"key":"GamblersBrew"}],"is_trial":false,"path_per_floor":["M","?","M","M","M","E","R","M","T","R","$","M","M","?","R","B",null,"M","M","$","M","M","R","$","R","T","M","R","M","E","$","R","B",null,"M","$","?","?","?","E","M","R","T","?","M","M","R","?","R","B"],"character_chosen":"IRONCLAD","items_purchased":["Shrug It Off","Heavy Blade","Wild Strike","Battle Trance","Lee\u0027s Waffle","Perfected Strike"],"campfire_rested":3,"item_purchase_floors":[11,20,20,24,31,36],"current_hp_per_floor":[80,73,73,79,71,64,64,60,60,60,60,62,63,68,68,42,85,72,63,63,50,42,42,42,42,42,40,65,67,11,92,92,49,97,95,95,95,107,107,107,94,94,94,84,55,31,63,63,95,15],"gold":0,"neow_bonus":"ONE_RANDOM_RARE_CARD","is_prod":false,"is_daily":false,"chose_seed":false,"campfire_upgraded":7,"win_rate":0,"timestamp":1531165212,"path_taken":["M","?","?","M","M","E","R","M","T","R","$","M","M","?","R","BOSS","M","M","$","M","M","R","$","R","T","M","R","M","E","?","R","BOSS","M","$","?","?","?","E","M","R","T","?","M","M","R","?","R","BOSS"],"build_version":"2018-07-05","purchased_purges":2,"victory":true,"max_hp_per_floor":[80,80,80,80,80,80,80,80,80,80,80,80,80,85,85,85,85,85,85,85,85,85,85,85,85,85,85,85,85,85,92,92,92,97,97,97,97,107,107,107,107,107,107,107,107,107,107,107,107,107],"card_choices":[{"not_picked":["Anger","Havoc","Body Slam"],"picked":"SKIP","floor":1},{"not_picked":["Uppercut","Heavy Blade"],"picked":"Armaments","floor":3},{"not_picked":["Anger","Warcry"],"picked":"Demon Form","floor":4},{"not_picked":["Corruption","Armaments","Dropkick"],"picked":"SKIP","floor":5},{"not_picked":["True Grit","Havoc"],"picked":"Inflame","floor":6},{"not_picked":["True Grit","Havoc"],"picked":"Seeing Red","floor":8},{"not_picked":["Flame Barrier","Combust","Thunderclap"],"picked":"SKIP","floor":12},{"not_picked":["Offering","Sever Soul","Anger"],"picked":"SKIP","floor":13},{"not_picked":["Headbutt","Anger","Disarm+1"],"picked":"SKIP","floor":18},{"not_picked":["Sword Boomerang+1","True Grit+1"],"picked":"Reckless Charge","floor":19},{"not_picked":["Clothesline+1","Infernal Blade","Dual Wield"],"picked":"SKIP","floor":21},{"not_picked":["Thunderclap","Cleave"],"picked":"Double Tap","floor":22},{"not_picked":["Iron Wave","Clash","Body Slam"],"picked":"SKIP","floor":27},{"not_picked":["Dark Embrace","Armaments","Headbutt"],"picked":"SKIP","floor":29},{"not_picked":["Wild Strike","Disarm"],"picked":"Perfected Strike+1","floor":30},{"not_picked":["Exhume","Impervious"],"picked":"Demon Form","floor":33},{"not_picked":["Pummel+1","Warcry"],"picked":"Pommel Strike","floor":34},{"not_picked":["Anger+1","Body Slam"],"picked":"Reckless Charge","floor":35},{"not_picked":["Warcry","Corruption","Inflame"],"picked":"SKIP","floor":40},{"not_picked":["Pommel Strike+1","Dropkick+1"],"picked":"Ghostly Armor+1","floor":41},{"not_picked":["Transmutation","Panacea"],"picked":"Flash of Steel","floor":44},{"not_picked":["Finesse","Swift Strike"],"picked":"Thinking Ahead","floor":44},{"not_picked":["Jack Of All Trades","Bandage Up"],"picked":"Madness","floor":44},{"not_picked":["Sword Boomerang","Blood for Blood"],"picked":"Ghostly Armor","floor":45},{"not_picked":["Metallicize+1","Feel No Pain"],"picked":"Perfected Strike","floor":46}],"player_experience":117501,"relics_obtained":[{"floor":6,"key":"War Paint"},{"floor":9,"key":"Dodecahedron"},{"floor":26,"key":"Darkstone Periapt"},{"floor":30,"key":"Unceasing Top"},{"floor":40,"key":"Gremlin Horn"},{"floor":43,"key":"Juzu Bracelet"}],"event_choices":[{"event_name":"Golden Wing","player_choice":"Card Removal","floor":2,"damage_taken":0},{"event_name":"Big Fish","player_choice":"Donut","floor":14,"damage_taken":0},{"event_name":"Falling","player_choice":"Removed Skill","floor":37,"damage_taken":0},{"event_name":"Bonfire Elementals","player_choice":"RARE","floor":38,"damage_taken":0},{"event_name":"Upgrade Shrine","player_choice":"Upgraded","floor":39,"damage_taken":0},{"event_name":"SensoryStone","player_choice":"Memory 3","floor":44,"damage_taken":0},{"event_name":"Tomb of Lord Red Mask","player_choice":"Paid","floor":48,"damage_taken":0}],"boss_relics":[{"not_picked":["Coffee Dripper","Runic Cube"],"picked":"Astrolabe"},{"not_picked":["Philosopher\u0027s Stone","Velvet Choker"],"picked":"Tiny House"}],"items_purged_floors":[11,36],"is_endless":false,"potions_floor_spawned":[5,12,13,19,21,22,30,40,45,46],"ascension_level":0}