{"gold_per_floor":[116,66,66,41,65,65,80,80,80,80,98,116,116,129,129,258,258,258],"floor_reached":18,"playtime":765,"items_purged":[],"score":190,"play_id":"85dd9bbe-fb0e-4803-a2cc-69d363339170","local_time":"20180918142750","is_ascension_mode":true,"campfire_choices":[{"data":"Survivor","floor":6,"key":"SMITH"},{"data":"Bane","floor":8,"key":"SMITH"},{"data":"Envenom","floor":13,"key":"SMITH"},{"floor":15,"key":"REST"}],"neow_cost":"NONE","seed_source_timestamp":202360306221892,"circlet_count":0,"master_deck":["Defend_G","Defend_G","Defend_G","Defend_G","Defend_G","Strike_G","Strike_G","Strike_G","Strike_G","Survivor+1","Neutralize+1","Injury","Bane+1","Poisoned Stab","Envenom+1","Cloak And Dagger","Corpse Explosion"],"relics":["Ring of the Snake","Golden Idol","Bottled Lightning","Centennial Puzzle","Eternal Feather"],"potions_floor_usage":[16],"damage_taken":[{"damage":1,"enemies":"Jaw Worm","floor":1,"turns":6},{"damage":0,"enemies":"2 Louse","floor":5,"turns":2},{"damage":10,"enemies":"Cultist","floor":7,"turns":4},{"damage":5,"enemies":"2 Fungi Beasts","floor":11,"turns":4},{"damage":15,"enemies":"Gremlin Gang","floor":12,"turns":8},{"damage":10,"enemies":"Exordium Thugs","floor":14,"turns":6},{"damage":4,"enemies":"Hexaghost","floor":16,"turns":9},{"damage":6,"enemies":"Spheric Guardian","floor":18,"turns":3}],"seed_played":"-8053825039739467432","potions_obtained":[{"floor":7,"key":"SpeedPotion"},{"floor":11,"key":"Strength Potion"},{"floor":16,"key":"AttackPotion"}],"is_trial":false,"path_per_floor":["M","?","?","$","M","R","M","R","T","?","M","M","R","M","R","B",null],"character_chosen":"THE_SILENT","items_purchased":["Bane"],"campfire_rested":1,"item_purchase_floors":[4],"current_hp_per_floor":[69,69,69,69,69,69,59,59,59,47,42,27,27,17,38,34,61,55],"gold":258,"neow_bonus":"UPGRADE_CARD","is_prod":false,"is_daily":false,"chose_seed":false,"campfire_upgraded":3,"win_rate":0,"timestamp":1537248470,"path_taken":["M","?","?","$","M","R","M","R","T","?","?","M","R","M","R","BOSS","M"],"build_version":"2018-09-06","purchased_purges":0,"victory":false,"max_hp_per_floor":[70,70,70,70,70,70,70,70,70,70,70,70,70,70,70,70,70,70],"card_choices":[{"not_picked":["Underhanded Strike","Prepared","Flying Knee"],"picked":"SKIP","floor":1},{"not_picked":["Outmaneuver","Blade Dance","Quick Slash"],"picked":"SKIP","floor":5},{"not_picked":["Sucker Punch","Tactician","Slice"],"picked":"SKIP","floor":7},{"not_picked":["Prepared","Backflip"],"picked":"Poisoned Stab","floor":11},{"not_picked":["Crippling Poison","Outmaneuver"],"picked":"Envenom","floor":12},{"not_picked":["Deadly Poison","Sucker Punch"],"picked":"Cloak And Dagger","floor":14},{"not_picked":["Glass Knife","Grand Finale"],"picked":"Corpse Explosion","floor":16}],"player_experience":286622,"relics_obtained":[{"floor":9,"key":"Bottled Lightning"}],"event_choices":[{"event_name":"The Cleric","player_choice":"Card Removal","floor":2,"damage_taken":0},{"event_name":"Golden Idol","player_choice":"Take Wound","floor":3,"damage_taken":0},{"event_name":"Scrap Ooze","player_choice":"success","floor":10,"damage_taken":12}],"is_beta":false,"boss_relics":[{"not_picked":["Philosopher\u0027s Stone","Fusion Hammer"],"picked":"Eternal Feather"}],"items_purged_floors":[],"is_endless":false,"potions_floor_spawned":[7,11,14,16],"killed_by":"Spheric Guardian","ascension_level":5}