{"gold_per_floor":[212,162,180,197,197,230,230,64,87,87,113,5,5,5,5,110,110,126,26,26,26,44,69,69,95,95,95],"floor_reached":27,"playtime":1968,"items_purged":["Strike_B","Defend_B"],"score":331,"play_id":"84ab3cd2-4e5e-48d1-a7b4-394b9d0fb9d4","local_time":"20190516210848","is_ascension_mode":true,"campfire_choices":[{"data":"Genetic Algorithm","floor":7.0,"key":"SMITH"},{"data":"Zap","floor":10.0,"key":"SMITH"},{"data":"Defragment","floor":13,"key":"SMITH"},{"floor":15,"key":"REST"},{"floor":24,"key":"REST"}],"neow_cost":"NONE","seed_source_timestamp":0,"circlet_count":0,"master_deck":["Defend_B","Defend_B","Defend_B","Zap+1","Dualcast","Ball Lightning","Conserve Battery","Genetic Algorithm+1","Glacier","Ball Lightning","Blizzard","Coolheaded","Defragment+1","Doom and Gloom","Machine Learning","Conserve Battery","Bite+1","Bite","Bite+1","Bite","Bite","Buffer","Go for the Eyes","Darkness","Machine Learning"],"special_seed":0,"relics":["Cracked Core","Oddly Smooth Stone","Lantern","Letter Opener","Black Star","Potion Belt","Whetstone","Boot","Bottled Flame","Anchor"],"potions_floor_usage":[23,25,25],"damage_taken":[{"damage":9.0,"enemies":"Jaw Worm","floor":1.0,"turns":4.0},{"damage":0.0,"enemies":"Small Slimes","floor":3.0,"turns":2.0},{"damage":2.0,"enemies":"2 Louse","floor":4.0,"turns":2.0},{"damage":19.0,"enemies":"Lagavulin","floor":6.0,"turns":11.0},{"damage":6,"enemies":"3 Sentries","floor":11,"turns":6},{"damage":28,"enemies":"Hexaghost","floor":16,"turns":10},{"damage":0,"enemies":"Chosen","floor":18,"turns":4},{"damage":8,"enemies":"Spheric Guardian","floor":22,"turns":5},{"damage":47,"enemies":"Gremlin Leader","floor":23,"turns":6},{"damage":23,"enemies":"Slavers","floor":25,"turns":6},{"damage":32,"enemies":"3 Cultists","floor":27,"turns":5}],"seed_played":"7316406106286654225","potions_obtained":[{"floor":3.0,"key":"EntropicBrew"},{"floor":6.0,"key":"Swift Potion"}],"is_trial":false,"path_per_floor":["M","?","M","M","?","E","R","$","T","R","E","$","R","?","R","B",null,"M","$","?","?","M","E","R","E","T","M"],"character_chosen":"DEFECT","items_purchased":["PowerPotion","Blizzard","Defragment","Doom and Gloom"],"campfire_rested":2,"item_purchase_floors":[8,8,12,12],"current_hp_per_floor":[66,66,66,64,64,45,45,45,45,45,39,39,39,32,54,26,75,75,75,52,52,50,13,28,20,20,0],"gold":95,"neow_bonus":"HUNDRED_GOLD","is_prod":false,"is_daily":false,"chose_seed":false,"campfire_upgraded":3,"win_rate":0,"timestamp":1558055328,"path_taken":["M","?","M","M","?","E","R","$","T","R","E","$","R","?","R","BOSS","M","$","?","?","M","E","R","E","T","?"],"build_version":"2019-01-23","purchased_purges":2,"victory":false,"max_hp_per_floor":[75,75,75,75,75,75,75,75,75,75,75,75,75,75,75,75,75,75,75,52,52,52,52,52,52,52,52],"card_choices":[{"not_picked":["Go for the Eyes","Reprogram"],"picked":"Ball Lightning","floor":1.0},{"not_picked":["Leap","Gash"],"picked":"Conserve Battery","floor":3.0},{"not_picked":["Aggregate","Steam"],"picked":"Genetic Algorithm","floor":4.0},{"not_picked":["Streamline","Leap"],"picked":"Ball Lightning","floor":6.0},{"not_picked":["Reinforced Body","Hello World"],"picked":"Coolheaded","floor":11},{"not_picked":["Meteor Strike","Rainbow"],"picked":"Machine Learning","floor":16},{"not_picked":["Chill","Leap"],"picked":"Conserve Battery","floor":18},{"not_picked":["Undo","Redo"],"picked":"Go for the Eyes","floor":22},{"not_picked":["Ball Lightning","Gash"],"picked":"Darkness","floor":23},{"not_picked":["FTL","Rebound"],"picked":"Machine Learning","floor":25}],"player_experience":310387,"relics_obtained":[{"floor":6.0,"key":"Oddly Smooth Stone"},{"floor":9.0,"key":"Lantern"},{"floor":11,"key":"Letter Opener"},{"floor":23,"key":"Potion Belt"},{"floor":23,"key":"Whetstone"},{"floor":25,"key":"Boot"},{"floor":25,"key":"Bottled Flame"},{"floor":26,"key":"Anchor"}],"event_choices":[{"cards_removed":["Strike_B"],"damage_healed":0.0,"max_hp_gain":0.0,"max_hp_loss":0.0,"gold_gain":0.0,"event_name":"The Cleric","player_choice":"Card Removal","floor":2.0,"gold_loss":50.0,"damage_taken":0.0},{"damage_healed":0.0,"max_hp_gain":0.0,"max_hp_loss":0.0,"gold_gain":0.0,"cards_transformed":["Strike_B"],"event_name":"Living Wall","player_choice":"Change","floor":5.0,"gold_loss":0.0,"damage_taken":0.0,"cards_obtained":["Glacier"]},{"cards_removed":["Strike_B"],"damage_healed":0,"gold_gain":0,"player_choice":"Card Removal","damage_taken":7,"max_hp_gain":0,"max_hp_loss":0,"event_name":"Golden Wing","floor":14,"gold_loss":0},{"damage_healed":0,"gold_gain":0,"player_choice":"Became a vampire","damage_taken":0,"max_hp_gain":0,"max_hp_loss":23,"event_name":"Vampires","floor":20,"gold_loss":0,"cards_obtained":["Bite","Bite","Bite","Bite","Bite"]},{"damage_healed":0,"gold_gain":0,"player_choice":"1 cards matched","damage_taken":0,"max_hp_gain":0,"max_hp_loss":0,"event_name":"Match and Keep!","floor":21,"gold_loss":0,"cards_obtained":["Buffer"]}],"is_beta":false,"boss_relics":[{"not_picked":["White Beast Statue","Pandora\u0027s Box"],"picked":"Black Star"}],"items_purged_floors":[8,19],"is_endless":false,"potions_floor_spawned":[3,6,22],"killed_by":"3 Cultists","ascension_level":4}