{"gold_per_floor":[117,136,156,10,10,10,45,45,45,45,70,95,95,136,136,136],"floor_reached":16,"playtime":912,"items_purged":[],"score":127,"play_id":"7551e4d7-7115-4998-bad1-1e4231d12511","local_time":"20190502153134","is_ascension_mode":true,"campfire_choices":[{"floor":8,"key":"REST"},{"floor":10,"key":"REST"},{"data":"Neutralize","floor":13,"key":"SMITH"},{"floor":15,"key":"REST"}],"neow_cost":"NONE","seed_source_timestamp":1455535802087075,"circlet_count":0,"master_deck":["Defend_G","Defend_G","Defend_G","Defend_G","Defend_G","Strike_G","Strike_G","Strike_G","Strike_G","Survivor","Neutralize+1","Sucker Punch","Blur","Poisoned Stab","Night Terror","Leg Sweep","Backflip","Dodge and Roll","Well Laid Plans","Adrenaline"],"relics":["Sozu","Dream Catcher","Golden Idol","Gremlin Horn","Omamori"],"potions_floor_usage":[],"damage_taken":[{"damage":0,"enemies":"2 Louse","floor":1,"turns":3},{"damage":2,"enemies":"Small Slimes","floor":2,"turns":3},{"damage":0,"enemies":"Cultist","floor":3,"turns":4},{"damage":17,"enemies":"3 Sentries","floor":7,"turns":14},{"damage":11,"enemies":"Looter","floor":11,"turns":3},{"damage":0,"enemies":"Large Slime","floor":12,"turns":6},{"damage":37,"enemies":"Lagavulin","floor":14,"turns":11},{"damage":43,"enemies":"Hexaghost","floor":16,"turns":21}],"seed_played":"-8084203112762738361","potions_obtained":[],"is_trial":false,"path_per_floor":["M","M","M","$","?","?","E","R","T","R","M","M","R","E","R","B"],"character_chosen":"THE_SILENT","items_purchased":["Dream Catcher"],"campfire_rested":3,"item_purchase_floors":[4],"current_hp_per_floor":[70,68,68,68,61,44,27,48,48,69,58,58,58,21,42,0],"gold":136,"neow_bonus":"BOSS_RELIC","is_prod":false,"is_daily":false,"chose_seed":false,"campfire_upgraded":1,"win_rate":0,"timestamp":1556767894,"path_taken":["M","M","M","$","?","?","E","R","T","R","M","M","R","E","R","BOSS"],"build_version":"2019-01-23","purchased_purges":0,"victory":false,"max_hp_per_floor":[70,70,70,70,70,70,70,70,70,70,70,70,70,70,70,70],"card_choices":[{"not_picked":["Endless Agony","Concentrate"],"picked":"Sucker Punch","floor":1},{"not_picked":["Distraction","Cloak And Dagger"],"picked":"Blur","floor":2},{"not_picked":["Riddle With Holes","Finisher"],"picked":"Poisoned Stab","floor":3},{"not_picked":["Slice","Dagger Throw"],"picked":"Night Terror","floor":7},{"not_picked":["Dagger Spray","Dash"],"picked":"Leg Sweep","floor":8},{"not_picked":["Blade Dance","Bane"],"picked":"Backflip","floor":10},{"not_picked":["Choke","Leg Sweep","Predator"],"picked":"SKIP","floor":11},{"not_picked":["Eviscerate","Acrobatics"],"picked":"Dodge and Roll","floor":12},{"not_picked":["Escape Plan","Poisoned Stab"],"picked":"Well Laid Plans","floor":14},{"not_picked":["Heel Hook","Dagger Spray"],"picked":"Adrenaline","floor":15}],"player_experience":151091,"relics_obtained":[{"floor":7,"key":"Gremlin Horn"},{"floor":14,"key":"Omamori"}],"event_choices":[{"cards_removed":["Strike_G"],"damage_healed":0,"gold_gain":0,"player_choice":"Card Removal","damage_taken":7,"max_hp_gain":0,"max_hp_loss":0,"event_name":"Golden Wing","floor":5,"gold_loss":0},{"damage_healed":0,"gold_gain":0,"player_choice":"Take Damage","damage_taken":17,"relics_obtained":["Golden Idol"],"max_hp_gain":0,"max_hp_loss":0,"event_name":"Golden Idol","floor":6,"gold_loss":0}],"is_beta":false,"boss_relics":[],"items_purged_floors":[],"is_endless":false,"potions_floor_spawned":[1,2,14],"killed_by":"Hexaghost","ascension_level":3}