{"gold_per_floor":[110,110,120,135,135,135,310,336,336,336,336,336,354,379,379,379],"floor_reached":16,"playtime":676,"items_purged":[],"score":108,"play_id":"8a628613-fe1d-4bb0-8e3a-0aed42f6b22a","local_time":"20190505115435","is_ascension_mode":false,"campfire_choices":[{"data":"Caltrops","floor":6,"key":"SMITH"},{"floor":12,"key":"REST"},{"floor":15,"key":"REST"}],"neow_cost":"NONE","seed_source_timestamp":1701949571716154,"circlet_count":0,"master_deck":["Defend_G","Defend_G+1","Defend_G","Defend_G","Defend_G","Strike_G","Strike_G","Strike_G","Strike_G","Survivor","Neutralize","Caltrops+1","Escape Plan","Deadly Poison+1","Doubt","Regret","Well Laid Plans"],"relics":["Snecko Eye","War Paint","Darkstone Periapt","FossilizedHelix","Happy Flower"],"potions_floor_usage":[14,16],"damage_taken":[{"damage":0,"enemies":"Jaw Worm","floor":1,"turns":3},{"damage":1,"enemies":"Cultist","floor":3,"turns":5},{"damage":0,"enemies":"2 Louse","floor":4,"turns":4},{"damage":31,"enemies":"3 Sentries","floor":8,"turns":11},{"damage":22,"enemies":"Large Slime","floor":13,"turns":6},{"damage":38,"enemies":"Lagavulin","floor":14,"turns":9},{"damage":29,"enemies":"Hexaghost","floor":16,"turns":9}],"seed_played":"1381413252819060646","potions_obtained":[{"floor":4,"key":"AttackPotion"},{"floor":13,"key":"Poison Potion"}],"is_trial":false,"path_per_floor":["M","?","M","M","$","R","?","E","T","?","?","R","M","E","R","B"],"character_chosen":"THE_SILENT","items_purchased":[],"campfire_rested":2,"item_purchase_floors":[],"current_hp_per_floor":[70,70,69,69,69,69,69,38,38,44,44,66,44,6,28,0],"gold":379,"neow_bonus":"BOSS_RELIC","is_prod":false,"is_daily":false,"chose_seed":false,"campfire_upgraded":1,"win_rate":0,"timestamp":1557014075,"path_taken":["M","?","M","?","?","R","?","E","T","?","?","R","M","E","R","BOSS"],"build_version":"2019-01-23","purchased_purges":0,"victory":false,"max_hp_per_floor":[70,70,70,70,70,70,70,70,70,76,76,76,76,76,76,76],"card_choices":[{"not_picked":["Flying Knee","Backstab"],"picked":"Caltrops","floor":1},{"not_picked":["Slice","Cloak And Dagger"],"picked":"Escape Plan","floor":3},{"not_picked":["Bane","Prepared"],"picked":"Deadly Poison","floor":4},{"not_picked":["Skewer","Dagger Throw","Accuracy"],"picked":"SKIP","floor":8},{"not_picked":["Backstab","Slice","Dagger Throw"],"picked":"SKIP","floor":13},{"not_picked":["Expertise","Dagger Spray"],"picked":"Well Laid Plans","floor":14}],"player_experience":188138,"relics_obtained":[{"floor":9,"key":"War Paint"},{"floor":14,"key":"Happy Flower"}],"event_choices":[{"cards_removed":["Strike_G"],"damage_healed":0,"gold_gain":0,"player_choice":"Purged","damage_taken":0,"max_hp_gain":0,"max_hp_loss":0,"event_name":"Purifier","floor":2,"gold_loss":0},{"damage_healed":0,"gold_gain":175,"player_choice":"AGREE","damage_taken":0,"max_hp_gain":0,"max_hp_loss":0,"event_name":"Liars Game","floor":7,"gold_loss":0,"cards_obtained":["Doubt"]},{"damage_healed":0,"gold_gain":0,"player_choice":"Box","damage_taken":0,"relics_obtained":["Darkstone Periapt"],"max_hp_gain":0,"max_hp_loss":0,"event_name":"Big Fish","floor":10,"gold_loss":0,"cards_obtained":["Regret"]},{"damage_healed":0,"gold_gain":0,"player_choice":"Searched \u00271\u0027 times","damage_taken":0,"relics_obtained":["FossilizedHelix"],"max_hp_gain":0,"max_hp_loss":0,"event_name":"Dead Adventurer","floor":11,"gold_loss":0}],"is_beta":false,"boss_relics":[],"items_purged_floors":[],"is_endless":false,"potions_floor_spawned":[4,13],"killed_by":"Hexaghost","ascension_level":0}