{"gold_per_floor":[218,218,218,238,56,87,87,118,144,161,181,201,214,231,231,329,329,345,361,375,26,26,53,53,53,133,133,151,151,169,189,189,291,291,308,308,308,324,324,324,324,324,324,334,334,334],"floor_reached":46,"playtime":2158,"items_purged":["Pain"],"score":547,"play_id":"3a465dac-0f0f-45d7-8f58-e9c71c79df18","local_time":"20190427221620","is_ascension_mode":true,"campfire_choices":[{"data":"Neutralize","floor":7,"key":"SMITH"},{"floor":15,"key":"REST"},{"floor":24,"key":"REST"},{"data":"Noxious Fumes","floor":27,"key":"SMITH"},{"data":"Caltrops","floor":29,"key":"SMITH"},{"floor":32,"key":"RECALL"},{"data":"Bouncing Flask","floor":40,"key":"SMITH"},{"data":"Calculated Gamble","floor":42,"key":"SMITH"}],"neow_cost":"NONE","seed_source_timestamp":1046582908735709,"circlet_count":0,"master_deck":["Defend_G","Defend_G","Defend_G","Defend_G","Defend_G","Strike_G","Strike_G","Strike_G+1","Strike_G+1","Strike_G","Survivor","Neutralize+1","Deflect","Regret","Dagger Spray","Well Laid Plans","Crippling Poison+1","Sucker Punch","Blur","Prepared","PiercingWail","Bouncing Flask+1","Dodge and Roll","Bullet Time","Quick Slash","Leg Sweep+1","Caltrops+1","Poisoned Stab","Heel Hook","Prepared","Calculated Gamble+1","Caltrops+1","Noxious Fumes+1","Deflect","Deadly Poison+1","Malaise","Well Laid Plans","Crippling Poison+1","Madness","Madness","Deflect+1"],"relics":["Ring of the Snake","Regal Pillow","WarpedTongs","Whetstone","FossilizedHelix","Lantern","Orrery","Question Card","Matryoshka","Snake Skull","War Paint","Pear","Velvet Choker","Centennial Puzzle","Kunai"],"potions_floor_usage":[8,14,30,46,46,46],"damage_taken":[{"damage":0,"enemies":"Small Slimes","floor":1,"turns":3},{"damage":9,"enemies":"Jaw Worm","floor":4,"turns":4},{"damage":20,"enemies":"3 Sentries","floor":6,"turns":9},{"damage":32,"enemies":"Gremlin Nob","floor":8,"turns":6},{"damage":0,"enemies":"Cultist","floor":10,"turns":3},{"damage":0,"enemies":"Looter","floor":11,"turns":4},{"damage":2,"enemies":"Exordium Wildlife","floor":12,"turns":4},{"damage":0,"enemies":"Lots of Slimes","floor":13,"turns":2},{"damage":4,"enemies":"Large Slime","floor":14,"turns":4},{"damage":22,"enemies":"Hexaghost","floor":16,"turns":10},{"damage":0,"enemies":"3 Byrds","floor":18,"turns":5},{"damage":11,"enemies":"Spheric Guardian","floor":19,"turns":6},{"damage":11,"enemies":"Snake Plant","floor":20,"turns":6},{"damage":16,"enemies":"Gremlin Leader","floor":23,"turns":7},{"damage":12,"enemies":"Sentry and Sphere","floor":28,"turns":4},{"damage":5,"enemies":"Snecko","floor":30,"turns":5},{"damage":0,"enemies":"Centurion and Healer","floor":31,"turns":6},{"damage":64,"enemies":"Collector","floor":33,"turns":11},{"damage":10,"enemies":"Orb Walker","floor":35,"turns":4},{"damage":3,"enemies":"3 Shapes","floor":38,"turns":4},{"damage":23,"enemies":"Spire Growth","floor":44,"turns":6},{"damage":47,"enemies":"Writhing Mass","floor":46,"turns":3}],"seed_played":"3799960740776752066","potions_obtained":[{"floor":6,"key":"GhostInAJar"},{"floor":8,"key":"FearPotion"},{"floor":13,"key":"Fruit Juice"},{"floor":14,"key":"FearPotion"},{"floor":28,"key":"PowerPotion"},{"floor":31,"key":"Weak Potion"},{"floor":35,"key":"SkillPotion"},{"floor":38,"key":"Explosive Potion"}],"is_trial":false,"path_per_floor":["M","?","?","M","$","E","R","E","T","M","M","M","M","M","R","B",null,"M","M","M","$","?","E","R","?","T","R","M","R","M","M","R","B",null,"M","?","?","M","?","R","?","R","T","M","T","M"],"character_chosen":"THE_SILENT","items_purchased":["Well Laid Plans","Crippling Poison","Noxious Fumes","Deflect","Question Card"],"campfire_rested":2,"item_purchase_floors":[5,5,21,21,21],"current_hp_per_floor":[70,70,70,61,61,41,41,9,9,9,9,7,7,8,45,23,75,75,64,53,53,53,37,74,74,84,84,72,72,67,67,67,3,85,75,75,75,72,72,72,61,61,61,38,38,0],"gold":334,"neow_bonus":"HUNDRED_GOLD","is_prod":false,"is_daily":false,"chose_seed":false,"campfire_upgraded":5,"win_rate":0,"timestamp":1556360180,"path_taken":["M","?","?","M","$","E","R","E","T","M","M","M","M","?","R","BOSS","M","M","M","$","?","E","R","?","T","R","M","R","?","M","R","BOSS","M","?","?","M","?","R","?","R","T","M","?","?"],"build_version":"2019-01-23","purchased_purges":1,"victory":false,"max_hp_per_floor":[70,70,70,70,70,70,70,70,70,70,70,70,70,75,75,75,75,75,75,75,75,75,75,75,75,85,85,85,85,85,85,85,85,85,85,85,85,85,85,85,85,85,85,85,85,85],"card_choices":[{"not_picked":["Bane","Flying Knee"],"picked":"Deflect","floor":1},{"not_picked":["Concentrate","Dagger Throw"],"picked":"Dagger Spray","floor":4},{"not_picked":["Outmaneuver","Riddle With Holes"],"picked":"Sucker Punch","floor":6},{"not_picked":["Accuracy","Blade Dance"],"picked":"Blur","floor":8},{"not_picked":["Dodge and Roll","Outmaneuver"],"picked":"Prepared","floor":10},{"not_picked":["Tactician","Underhanded Strike"],"picked":"PiercingWail","floor":11},{"not_picked":["Outmaneuver","Accuracy"],"picked":"Bouncing Flask","floor":12},{"not_picked":["Sucker Punch","Doppelganger"],"picked":"Poisoned Stab","floor":13},{"not_picked":["Infinite Blades","Sucker Punch"],"picked":"Dodge and Roll","floor":14},{"not_picked":["Doppelganger","Unload"],"picked":"Bullet Time","floor":16},{"not_picked":["Blade Dance","Tactician"],"picked":"Quick Slash","floor":17},{"not_picked":["Cloak And Dagger","Slice"],"picked":"Leg Sweep","floor":17},{"not_picked":["Deflect","Leg Sweep"],"picked":"Caltrops","floor":17},{"not_picked":["Masterful Stab","Dodge and Roll"],"picked":"Poisoned Stab","floor":17},{"not_picked":["Sucker Punch","Endless Agony"],"picked":"Heel Hook","floor":17},{"not_picked":["Die Die Die","Slice"],"picked":"Prepared","floor":18},{"not_picked":["Quick Slash+1","Cloak And Dagger"],"picked":"Calculated Gamble","floor":19},{"not_picked":["Poisoned Stab","Distraction"],"picked":"Caltrops+1","floor":20},{"not_picked":["Concentrate","Blade Dance","Grand Finale","Quick Slash"],"picked":"SKIP","floor":23},{"not_picked":["Masterful Stab","Outmaneuver","Underhanded Strike"],"picked":"Deadly Poison+1","floor":28},{"not_picked":["Dagger Throw","Quick Slash+1","Blade Dance","Backstab"],"picked":"SKIP","floor":30},{"not_picked":["Flying Knee","Bane+1","Underhanded Strike","Setup+1"],"picked":"SKIP","floor":31},{"not_picked":["Corpse Explosion","Burst","Grand Finale"],"picked":"Malaise","floor":33},{"not_picked":["Expertise","Dagger Spray+1","Underhanded Strike+1"],"picked":"Well Laid Plans","floor":35},{"not_picked":["Dagger Spray","Cloak And Dagger","Dagger Throw"],"picked":"Crippling Poison+1","floor":38},{"not_picked":["Choke+1","Predator","Outmaneuver"],"picked":"Deflect+1","floor":44}],"player_experience":99627,"relics_obtained":[{"floor":6,"key":"Whetstone"},{"floor":8,"key":"FossilizedHelix"},{"floor":9,"key":"Lantern"},{"floor":23,"key":"Matryoshka"},{"floor":26,"key":"War Paint"},{"floor":26,"key":"Pear"},{"floor":43,"key":"Centennial Puzzle"},{"floor":45,"key":"Kunai"}],"event_choices":[{"damage_healed":0,"gold_gain":0,"player_choice":"Box","damage_taken":0,"relics_obtained":["Regal Pillow"],"max_hp_gain":0,"max_hp_loss":0,"event_name":"Big Fish","floor":2,"gold_loss":0,"cards_obtained":["Regret"]},{"damage_healed":0,"gold_gain":0,"player_choice":"Rummage","damage_taken":0,"relics_obtained":["WarpedTongs"],"max_hp_gain":0,"max_hp_loss":0,"event_name":"Accursed Blacksmith","floor":3,"gold_loss":0,"cards_obtained":["Pain"]},{"damage_healed":0,"gold_gain":0,"player_choice":"Ignored","damage_taken":0,"max_hp_gain":0,"max_hp_loss":0,"event_name":"Ghosts","floor":22,"gold_loss":0},{"damage_healed":0,"gold_gain":0,"player_choice":"Gave Potion","damage_taken":0,"relics_obtained":["Snake Skull"],"max_hp_gain":0,"max_hp_loss":0,"event_name":"WeMeetAgain","floor":25,"gold_loss":0},{"damage_healed":0,"gold_gain":0,"player_choice":"Ignored","damage_taken":0,"max_hp_gain":0,"max_hp_loss":0,"event_name":"Mysterious Sphere","floor":36,"gold_loss":0},{"damage_healed":0,"gold_gain":0,"player_choice":"Ignored","damage_taken":0,"max_hp_gain":0,"max_hp_loss":0,"event_name":"Tomb of Lord Red Mask","floor":37,"gold_loss":0},{"cards_removed":["Poisoned Stab"],"damage_healed":0,"gold_gain":0,"player_choice":"Removed Attack","damage_taken":0,"max_hp_gain":0,"max_hp_loss":0,"event_name":"Falling","floor":39,"gold_loss":0},{"damage_healed":0,"gold_gain":0,"player_choice":"Embrace Madness","damage_taken":11,"max_hp_gain":0,"max_hp_loss":0,"event_name":"Winding Halls","floor":41,"gold_loss":0,"cards_obtained":["Madness","Madness"]}],"is_beta":false,"boss_relics":[{"not_picked":["Philosopher\u0027s Stone","WristBlade"],"picked":"Orrery"},{"not_picked":["Runic Pyramid","Eternal Feather"],"picked":"Velvet Choker"}],"items_purged_floors":[5],"is_endless":false,"potions_floor_spawned":[6,8,13,14,28,31,35,38],"killed_by":"Writhing Mass","ascension_level":2}