{"gold_per_floor":[218,218,230,155,169,169,183,183,183,201,7,7,7,37,37,134,134,148,111,111,127,145,145,173,119,119,145,145,145,164,182,182,182],"floor_reached":33,"playtime":2648,"items_purged":["Strike_G","Strike_G"],"score":310,"play_id":"d2cabe5e-3128-4572-b111-7ea434c0c76d","local_time":"20180706235109","is_ascension_mode":false,"campfire_choices":[{"data":"Caltrops","floor":6,"key":"SMITH"},{"data":"Backflip","floor":8,"key":"SMITH"},{"floor":15,"key":"REST"},{"floor":23,"key":"REST"},{"floor":28,"key":"REST"},{"floor":32,"key":"REST"}],"neow_cost":"NONE","seed_source_timestamp":7256276277254,"circlet_count":0,"master_deck":["Defend_G+1","Defend_G+1","Defend_G+1","Defend_G+1","Defend_G+1","Strike_G+1","Strike_G+1","Strike_G+1","Survivor+1","Neutralize","Poisoned Stab+1","Poisoned Stab","Caltrops+1","Backflip+1","PiercingWail","Poisoned Stab+1","Bouncing Flask","Envenom","Flying Knee+1","Noxious Fumes","Dodge and Roll+1","Deadly Poison","Backflip","Flying Knee+1","Writhe","Dagger Spray","Poisoned Stab"],"relics":["Ring of the Snake","Kunai","Bottled Lightning","Bird Faced Urn","Bottled Tornado","Darkstone Periapt","War Paint"],"potions_floor_usage":[16,21,24,24,30,33],"damage_taken":[{"damage":0,"enemies":"2 Louse","floor":1,"turns":4},{"damage":1,"enemies":"Jaw Worm","floor":3,"turns":4},{"damage":0,"enemies":"Cultist","floor":5,"turns":4},{"damage":4,"enemies":"Red Slaver","floor":7,"turns":4},{"damage":0,"enemies":"Looter","floor":10,"turns":4},{"damage":20,"enemies":"3 Sentries","floor":14,"turns":10},{"damage":38,"enemies":"Slime Boss","floor":16,"turns":11},{"damage":10,"enemies":"3 Byrds","floor":18,"turns":3},{"damage":14,"enemies":"Shell Parasite","floor":21,"turns":6},{"damage":10,"enemies":"Snecko","floor":22,"turns":6},{"damage":21,"enemies":"Book of Stabbing","floor":24,"turns":6},{"damage":20,"enemies":"Gremlin Leader","floor":27,"turns":8},{"damage":25,"enemies":"3 Cultists","floor":30,"turns":6},{"damage":3,"enemies":"Centurion and Healer","floor":31,"turns":7},{"damage":64,"enemies":"Champ","floor":33,"turns":13}],"seed_played":"4754265642373428401","potions_obtained":[{"floor":5,"key":"SneckoOil"},{"floor":10,"key":"Swift Potion"},{"floor":12,"key":"EssenceOfSteel"},{"floor":16,"key":"SkillPotion"},{"floor":21,"key":"AttackPotion"},{"floor":27,"key":"Weak Potion"}],"is_trial":false,"path_per_floor":["M","?","M","$","M","R","M","R","T","M","$","?","?","E","R","B",null,"M","$","?","M","M","R","E","$","T","E","R","?","M","M","R"],"character_chosen":"THE_SILENT","items_purchased":["PiercingWail","Poisoned Stab","Noxious Fumes","Backflip"],"campfire_rested":4,"item_purchase_floors":[11,11,19,25],"current_hp_per_floor":[70,70,69,69,69,69,65,65,65,65,65,65,65,45,66,28,70,60,60,60,46,36,57,36,36,36,20,41,47,26,27,49,0],"gold":182,"neow_bonus":"HUNDRED_GOLD","is_prod":false,"is_daily":false,"chose_seed":false,"campfire_upgraded":2,"win_rate":0.0,"timestamp":1530888669,"path_taken":["M","?","M","$","M","R","M","R","T","?","$","?","?","E","R","BOSS","M","$","?","M","M","R","E","$","T","E","R","?","?","M","R","BOSS"],"build_version":"2018-07-05","purchased_purges":2,"victory":false,"max_hp_per_floor":[70,70,70,70,70,70,70,70,70,70,70,70,70,70,70,70,70,70,70,70,70,70,70,70,70,70,70,70,76,76,76,76,76],"card_choices":[{"not_picked":["Sucker Punch","Prepared"],"picked":"Poisoned Stab","floor":1},{"not_picked":["Flying Knee","Riddle With Holes"],"picked":"Poisoned Stab","floor":3},{"not_picked":["Predator","Outmaneuver"],"picked":"Caltrops","floor":5},{"not_picked":["Calculated Gamble","Underhanded Strike"],"picked":"Backflip","floor":7},{"not_picked":["Deflect","Underhanded Strike","Acrobatics"],"picked":"SKIP","floor":10},{"not_picked":["Noxious Fumes","All Out Attack"],"picked":"Bouncing Flask","floor":14},{"not_picked":["Storm of Steel","A Thousand Cuts"],"picked":"Envenom","floor":16},{"not_picked":["Outmaneuver","Leg Sweep"],"picked":"Flying Knee+1","floor":18},{"not_picked":["Heel Hook","Sucker Punch"],"picked":"Dodge and Roll","floor":21},{"not_picked":["Quick Slash","Endless Agony"],"picked":"Deadly Poison","floor":22},{"not_picked":["Outmaneuver","Infinite Blades","All Out Attack"],"picked":"SKIP","floor":24},{"not_picked":["Infinite Blades","Deadly Poison"],"picked":"Flying Knee+1","floor":27},{"not_picked":["Doppelganger","Acrobatics"],"picked":"Dagger Spray","floor":30},{"not_picked":["PiercingWail","Infinite Blades"],"picked":"Poisoned Stab","floor":31}],"player_experience":35432,"relics_obtained":[{"floor":9,"key":"Kunai"},{"floor":14,"key":"Bottled Lightning"},{"floor":24,"key":"Bird Faced Urn"},{"floor":26,"key":"Bottled Tornado"},{"floor":27,"key":"Darkstone Periapt"}],"event_choices":[{"event_name":"Living Wall","player_choice":"Grow","floor":2,"damage_taken":0},{"event_name":"The Lab","player_choice":"Got Potions","floor":12,"damage_taken":0},{"event_name":"Upgrade Shrine","player_choice":"Upgraded","floor":13,"damage_taken":0},{"event_name":"Back to Basics","player_choice":"Simplicity","floor":20,"damage_taken":0},{"event_name":"The Mausoleum","player_choice":"Yes","floor":29,"damage_taken":0}],"boss_relics":[{"not_picked":["Runic Pyramid","Empty Cage","White Beast Statue"]}],"items_purged_floors":[4,11],"is_endless":false,"potions_floor_spawned":[5,10,16,18,21,27],"killed_by":"Champ","ascension_level":0}