{"gold_per_floor":[109,123,52,67,67,77,105,119,119,119,119,119,142,167,167,286,286,310,323,42,42],"floor_reached":21,"playtime":751,"items_purged":[],"score":181,"play_id":"2c574605-0290-4754-8058-15abb3185f2a","local_time":"20190419183042","is_ascension_mode":false,"campfire_choices":[{"floor":10,"key":"REST"},{"floor":12,"key":"REST"},{"floor":15,"key":"REST"}],"neow_cost":"NONE","seed_source_timestamp":343257879814954,"circlet_count":0,"master_deck":["Strike_B","Strike_B","Strike_B","Defend_B","Defend_B","Defend_B","Zap","Dualcast","Redo","Storm","Capacitor","White Noise","Steam","Ball Lightning","Loop","Injury","Amplify","Conserve Battery","Conserve Battery","Defragment","Thunder Strike","Leap"],"relics":["Cracked Core","Sundial","Kunai","Golden Idol","Potion Belt","Velvet Choker"],"potions_floor_usage":[],"damage_taken":[{"damage":1,"enemies":"Cultist","floor":1,"turns":3},{"damage":6,"enemies":"2 Louse","floor":2,"turns":2},{"damage":8,"enemies":"Small Slimes","floor":4,"turns":3},{"damage":14,"enemies":"Exordium Wildlife","floor":6,"turns":2},{"damage":34,"enemies":"Gremlin Nob","floor":7,"turns":5},{"damage":4,"enemies":"Exordium Thugs","floor":8,"turns":3},{"damage":10,"enemies":"Blue Slaver","floor":13,"turns":4},{"damage":56,"enemies":"The Guardian","floor":16,"turns":9},{"damage":29,"enemies":"Spheric Guardian","floor":18,"turns":5},{"damage":19,"enemies":"Shell Parasite","floor":19,"turns":7},{"damage":31,"enemies":"Sentry and Sphere","floor":21,"turns":5}],"seed_played":"-404580876503031444","potions_obtained":[{"floor":4,"key":"PowerPotion"},{"floor":8,"key":"Block Potion"},{"floor":13,"key":"FearPotion"},{"floor":16,"key":"LiquidBronze"},{"floor":19,"key":"EntropicBrew"}],"is_trial":false,"path_per_floor":["M","M","$","M","?","M","E","M","T","R","?","R","M","T","R","B",null,"M","M","$","M"],"character_chosen":"DEFECT","items_purchased":["Capacitor","Defragment","Thunder Strike","Leap"],"campfire_rested":3,"item_purchase_floors":[3,20,20,20],"current_hp_per_floor":[74,68,68,60,53,39,5,1,1,23,23,45,35,35,57,1,75,46,27,27,0],"gold":42,"neow_bonus":"REMOVE_CARD","is_prod":false,"is_daily":false,"chose_seed":false,"campfire_upgraded":0,"win_rate":0.0,"timestamp":1555655442,"path_taken":["M","M","?","M","?","M","E","M","T","R","?","R","?","?","R","BOSS","M","M","$","M"],"build_version":"2019-01-23","purchased_purges":0,"victory":false,"max_hp_per_floor":[75,75,75,75,75,75,75,75,75,75,75,75,75,75,75,75,75,75,75,75,75],"card_choices":[{"not_picked":["Leap","Streamline"],"picked":"Redo","floor":1},{"not_picked":["Beam Cell","Aggregate"],"picked":"Storm","floor":2},{"not_picked":["Ball Lightning","Self Repair"],"picked":"White Noise","floor":4},{"not_picked":["Streamline","Go for the Eyes"],"picked":"Steam","floor":6},{"not_picked":["Creative AI","Cold Snap"],"picked":"Ball Lightning","floor":7},{"not_picked":["Blizzard","Ball Lightning"],"picked":"Loop","floor":8},{"not_picked":["Steam Power","Beam Cell","Go for the Eyes"],"picked":"SKIP","floor":13},{"not_picked":["Biased Cognition","Seek"],"picked":"Amplify","floor":16},{"not_picked":["Gash","Sweeping Beam"],"picked":"Conserve Battery","floor":18},{"not_picked":["Go for the Eyes","Melter"],"picked":"Conserve Battery","floor":19}],"player_experience":9653,"relics_obtained":[{"floor":7,"key":"Sundial"},{"floor":9,"key":"Kunai"},{"floor":14,"key":"Potion Belt"}],"event_choices":[{"cards_removed":["Strike_B"],"damage_healed":0,"gold_gain":0,"player_choice":"Card Removal","damage_taken":7,"max_hp_gain":0,"max_hp_loss":0,"event_name":"Golden Wing","floor":5,"gold_loss":0},{"damage_healed":0,"gold_gain":0,"player_choice":"Take Wound","damage_taken":0,"relics_obtained":["Golden Idol"],"max_hp_gain":0,"max_hp_loss":0,"event_name":"Golden Idol","floor":11,"gold_loss":0,"cards_obtained":["Injury"]}],"is_beta":false,"boss_relics":[{"not_picked":["Cursed Key","Fusion Hammer"],"picked":"Velvet Choker"}],"items_purged_floors":[],"is_endless":false,"potions_floor_spawned":[4,8,13,16,19],"killed_by":"Sentry and Sphere","ascension_level":0}