{"gold_per_floor":[17,17,31,46,46,73,90,165,247,247,247],"floor_reached":11,"playtime":699,"items_purged":[],"score":84,"play_id":"3ff7ddac-6dde-48aa-994f-125221a91336","local_time":"20181013170126","is_ascension_mode":true,"campfire_choices":[{"data":"Barricade","floor":10,"key":"SMITH"}],"neow_cost":"NO_GOLD","seed_source_timestamp":35942763709835,"circlet_count":0,"master_deck":["Strike_R","Strike_R","Strike_R","Strike_R","Defend_R","Defend_R","Defend_R","Defend_R","Bash","Barricade+1","Entrench","Power Through","Disarm"],"relics":["Burning Blood","Matryoshka","Regal Pillow","Dodecahedron","Tiny Chest"],"potions_floor_usage":[6,7,11],"damage_taken":[{"damage":9,"enemies":"Small Slimes","floor":1,"turns":7},{"damage":12,"enemies":"Jaw Worm","floor":3,"turns":6},{"damage":3,"enemies":"2 Louse","floor":4,"turns":4},{"damage":50,"enemies":"3 Sentries","floor":6,"turns":17},{"damage":16,"enemies":"Lots of Slimes","floor":7,"turns":5},{"damage":0,"enemies":"Exordium Thugs","floor":11,"turns":1}],"seed_played":"-4724780918660028454","potions_obtained":[{"floor":4,"key":"Swift Potion"},{"floor":6,"key":"LiquidBronze"},{"floor":7,"key":"Energy Potion"}],"is_trial":false,"path_per_floor":["M","?","M","M","T","E","M","?","T","R"],"character_chosen":"IRONCLAD","items_purchased":[],"campfire_rested":0,"item_purchase_floors":[],"current_hp_per_floor":[77,70,64,67,67,23,13,2,2,2,2],"gold":247,"neow_bonus":"THREE_RARE_CARDS","is_prod":false,"is_daily":false,"chose_seed":false,"campfire_upgraded":1,"win_rate":0,"timestamp":1539417686,"path_taken":["M","?","?","M","?","E","M","?","T","R","M"],"build_version":"2018-10-11","purchased_purges":0,"victory":false,"max_hp_per_floor":[80,80,80,80,80,80,80,80,80,80,80],"card_choices":[{"not_picked":["Exhume","Bludgeon"],"picked":"Barricade","floor":0},{"not_picked":["Twin Strike","Heavy Blade"],"picked":"Entrench","floor":1},{"not_picked":["Pummel","Clothesline","Wild Strike"],"picked":"SKIP","floor":3},{"not_picked":["Armaments","Carnage"],"picked":"Power Through","floor":4},{"not_picked":["Hemokinesis","Corruption"],"picked":"Disarm","floor":6},{"not_picked":["Warcry","Flex","Clothesline"],"picked":"SKIP","floor":7}],"player_experience":398625,"relics_obtained":[{"floor":5,"key":"Matryoshka"},{"floor":6,"key":"Regal Pillow"},{"floor":9,"key":"Dodecahedron"},{"floor":9,"key":"Tiny Chest"}],"event_choices":[{"event_name":"Golden Wing","player_choice":"Card Removal","floor":2,"damage_taken":0},{"event_name":"World of Goop","player_choice":"Gather Gold","floor":8,"damage_taken":0}],"is_beta":false,"boss_relics":[],"items_purged_floors":[],"is_endless":false,"potions_floor_spawned":[4,6,7],"killed_by":"Exordium Thugs","ascension_level":3}