{"gold_per_floor":[168,118,118,193,209,247,247,265,265,265,265,189,233,310,310,429,429,450,466,741,755,755,755,755,755,755,755,793,793,826,826,826,826],"floor_reached":33,"playtime":1239,"items_purged":[],"score":369,"play_id":"336c5439-b0db-4321-899b-e98eece504d9","local_time":"20190506205535","is_ascension_mode":true,"campfire_choices":[{"floor":7,"key":"REST"},{"floor":10,"key":"REST"},{"floor":15,"key":"REST"},{"floor":23,"key":"REST"},{"floor":25,"key":"REST"},{"floor":27,"key":"RECALL"},{"floor":29,"key":"REST"},{"floor":32,"key":"REST"}],"neow_cost":"NONE","seed_source_timestamp":1820246225953800,"circlet_count":0,"master_deck":["Defend_B","Defend_B","Defend_B","Zap","Dualcast","Go for the Eyes","Go for the Eyes","Streamline","Beam Cell","Conserve Battery","Defragment","Cold Snap","Glacier","Cold Snap+1","Hologram+1","Bite","Bite","Bite","Bite","Bite","Tempest+1","Stack+1","Heatsinks"],"relics":["Tiny House","Golden Idol","Art of War","Pen Nib","Smiling Mask","Fusion Hammer","Orichalcum","The Courier","StoneCalendar","Omamori"],"potions_floor_usage":[13,28,28,33],"damage_taken":[{"damage":0,"enemies":"Small Slimes","floor":1,"turns":2},{"damage":1,"enemies":"2 Louse","floor":5,"turns":2},{"damage":37,"enemies":"3 Sentries","floor":6,"turns":8},{"damage":4,"enemies":"Cultist","floor":8,"turns":3},{"damage":28,"enemies":"Gremlin Nob","floor":13,"turns":5},{"damage":29,"enemies":"Slime Boss","floor":16,"turns":13},{"damage":34,"enemies":"3 Byrds","floor":18,"turns":7},{"damage":11,"enemies":"Shell Parasite","floor":19,"turns":6},{"damage":14,"enemies":"Centurion and Healer","floor":21,"turns":6},{"damage":39,"enemies":"Book of Stabbing","floor":28,"turns":8},{"damage":49,"enemies":"Slavers","floor":30,"turns":7},{"damage":58,"enemies":"Champ","floor":33,"turns":11}],"seed_played":"-768541926210181016","potions_obtained":[{"floor":0,"key":"Weak Potion"},{"floor":8,"key":"Dexterity Potion"},{"floor":16,"key":"Ancient Potion"},{"floor":18,"key":"Block Potion"},{"floor":30,"key":"Regen Potion"}],"is_trial":false,"path_per_floor":["M","?","?","?","M","E","R","M","T","R","?","$","E","?","R","B",null,"M","M","?","M","?","R","?","R","T","R","E","R","E","?","R","B"],"character_chosen":"DEFECT","items_purchased":["Defragment"],"campfire_rested":7,"item_purchase_floors":[12],"current_hp_per_floor":[80,80,60,49,48,11,35,31,31,55,43,43,15,15,39,10,80,46,35,35,21,21,37,37,53,53,53,26,42,3,3,19,0],"gold":826,"neow_bonus":"BOSS_RELIC","is_prod":false,"is_daily":false,"chose_seed":false,"campfire_upgraded":0,"win_rate":0,"timestamp":1557132935,"path_taken":["M","?","?","?","M","E","R","M","T","R","?","?","E","?","R","BOSS","M","M","?","?","?","R","?","R","T","R","E","R","E","?","R","BOSS"],"build_version":"2019-01-23","purchased_purges":0,"victory":false,"max_hp_per_floor":[80,80,80,80,80,80,80,80,80,80,80,80,80,80,80,80,80,80,80,80,80,56,56,56,56,56,56,56,56,56,56,56,56],"card_choices":[{"not_picked":["Leap","Compile Driver"],"picked":"Go for the Eyes","floor":0},{"not_picked":["Cold Snap","Self Repair"],"picked":"Go for the Eyes","floor":1},{"not_picked":["Go for the Eyes","Steam"],"picked":"Streamline","floor":5},{"not_picked":["Doom and Gloom","Buffer"],"picked":"Beam Cell","floor":6},{"not_picked":["Darkness","Beam Cell"],"picked":"Conserve Battery","floor":8},{"not_picked":["Lockon","Compile Driver"],"picked":"Cold Snap","floor":13},{"not_picked":["Chill","Hello World"],"picked":"Glacier","floor":18},{"not_picked":["Genetic Algorithm","BootSequence"],"picked":"Cold Snap+1","floor":19},{"not_picked":["Skim","Storm"],"picked":"Hologram+1","floor":21},{"not_picked":["Conserve Battery","Steam+1"],"picked":"Tempest+1","floor":28},{"not_picked":["Steam Power","Turbo"],"picked":"Stack+1","floor":30}],"player_experience":196706,"relics_obtained":[{"floor":6,"key":"Art of War"},{"floor":13,"key":"Smiling Mask"},{"floor":26,"key":"The Courier"},{"floor":28,"key":"StoneCalendar"},{"floor":30,"key":"Omamori"}],"event_choices":[{"cards_removed":["Strike_B"],"damage_healed":0,"gold_gain":0,"player_choice":"Card Removal","damage_taken":0,"max_hp_gain":0,"max_hp_loss":0,"event_name":"The Cleric","floor":2,"gold_loss":50},{"damage_healed":0,"gold_gain":0,"player_choice":"Take Damage","damage_taken":20,"relics_obtained":["Golden Idol"],"max_hp_gain":0,"max_hp_loss":0,"event_name":"Golden Idol","floor":3,"gold_loss":0},{"damage_healed":0,"gold_gain":75,"player_choice":"Gather Gold","damage_taken":11,"max_hp_gain":0,"max_hp_loss":0,"event_name":"World of Goop","floor":4,"gold_loss":0},{"damage_healed":0,"gold_gain":0,"player_choice":"Success","damage_taken":12,"relics_obtained":["Pen Nib"],"max_hp_gain":0,"max_hp_loss":0,"event_name":"Scrap Ooze","floor":11,"gold_loss":0},{"damage_healed":0,"gold_gain":77,"player_choice":"Gained Gold","damage_taken":0,"max_hp_gain":0,"max_hp_loss":0,"event_name":"Golden Wing","floor":14,"gold_loss":0},{"damage_healed":0,"gold_gain":275,"player_choice":"Desecrate","damage_taken":0,"max_hp_gain":0,"max_hp_loss":0,"event_name":"Golden Shrine","floor":20,"gold_loss":0,"cards_obtained":["Regret"]},{"damage_healed":0,"gold_gain":0,"player_choice":"Became a vampire","damage_taken":0,"max_hp_gain":0,"max_hp_loss":24,"event_name":"Vampires","floor":22,"gold_loss":0,"cards_obtained":["Bite","Bite","Bite","Bite","Bite"]},{"damage_healed":0,"gold_gain":0,"player_choice":"Opened","damage_taken":0,"relics_obtained":["Orichalcum"],"max_hp_gain":0,"max_hp_loss":0,"event_name":"The Mausoleum","floor":24,"gold_loss":0},{"damage_healed":0,"gold_gain":0,"cards_transformed":["Regret","Defend_B"],"player_choice":"Became Test Subject","damage_taken":0,"max_hp_gain":0,"max_hp_loss":0,"event_name":"Drug Dealer","floor":31,"gold_loss":0,"cards_obtained":["Injury","Heatsinks"]}],"is_beta":false,"boss_relics":[{"not_picked":["Lizard Tail","Nuclear Battery"],"picked":"Fusion Hammer"}],"items_purged_floors":[],"is_endless":false,"potions_floor_spawned":[8,16,18,30],"killed_by":"Champ","ascension_level":4}