{"gold_per_floor":[110,35,47,47,71,115,127,139,199,211,223,269,296,319,331,438,450,473,485,497,528,554,596,608,620],"floor_reached":25,"playtime":2530,"items_purged":[],"score":266,"play_id":"c04bc7cc-c56d-4e9a-8d5f-3dd2c210ccee","local_time":"20190515203407","is_ascension_mode":true,"campfire_choices":[{"data":"Neutralize","floor":7,"key":"SMITH"},{"floor":11,"key":"REST"},{"floor":15,"key":"REST"},{"floor":24,"key":"REST"}],"neow_cost":"NONE","seed_source_timestamp":87451038938880,"circlet_count":0,"master_deck":["Defend_G","Defend_G","Defend_G","Defend_G","Defend_G","Strike_G+1","Survivor","Neutralize+1","Sucker Punch","Caltrops","Deflect","Unload+1","Cloak And Dagger","Finisher","Dagger Spray","Well Laid Plans","Die Die Die","Dodge and Roll","Setup","Distraction","Deflect+1","Cloak And Dagger","Dagger Spray+1"],"relics":["Ring of the Snake","MawBank","Anchor","Art of War","Thread and Needle","Empty Cage","Meat on the Bone"],"potions_floor_usage":[12,23,23,23,25,25,25],"damage_taken":[{"damage":2,"enemies":"2 Louse","floor":1,"turns":4},{"damage":2,"enemies":"Cultist","floor":3,"turns":5},{"damage":1,"enemies":"Small Slimes","floor":5,"turns":4},{"damage":31,"enemies":"3 Sentries","floor":6,"turns":9},{"damage":22,"enemies":"Lagavulin","floor":12,"turns":10},{"damage":0,"enemies":"Exordium Wildlife","floor":13,"turns":3},{"damage":0,"enemies":"Gremlin Gang","floor":14,"turns":4},{"damage":2,"enemies":"The Guardian","floor":16,"turns":13},{"damage":12,"enemies":"Chosen","floor":18,"turns":7},{"damage":7,"enemies":"3 Byrds","floor":21,"turns":3},{"damage":0,"enemies":"Shelled Parasite and Fungi","floor":22,"turns":7},{"damage":21,"enemies":"Book of Stabbing","floor":23,"turns":7},{"damage":67,"enemies":"Gremlin Leader","floor":25,"turns":6}],"seed_played":"-7515159133963064607","potions_obtained":[{"floor":3,"key":"Strength Potion"},{"floor":6,"key":"Strength Potion"},{"floor":10,"key":"EntropicBrew"},{"floor":14,"key":"Weak Potion"},{"floor":23,"key":"Energy Potion"}],"is_trial":false,"path_per_floor":["M","$","M","?","M","E","R","?","T","?","R","E","M","M","R","B",null,"M","?","?","M","M","E","R","E"],"character_chosen":"THE_SILENT","items_purchased":["Caltrops"],"campfire_rested":3,"item_purchase_floors":[2],"current_hp_per_floor":[75,75,73,70,69,38,38,23,23,23,46,24,24,24,47,45,77,65,65,65,58,58,37,60,0],"gold":620,"neow_bonus":"TEN_PERCENT_HP_BONUS","is_prod":false,"is_daily":false,"chose_seed":false,"campfire_upgraded":1,"win_rate":0,"timestamp":1557966847,"path_taken":["M","$","M","?","M","E","R","?","T","?","R","E","?","M","R","BOSS","M","?","?","?","M","E","R","E"],"build_version":"2019-01-23","purchased_purges":0,"victory":false,"max_hp_per_floor":[77,77,77,77,77,77,77,77,77,77,77,77,77,77,77,77,77,77,77,77,77,77,77,77,77],"card_choices":[{"not_picked":["Backflip","Prepared"],"picked":"Sucker Punch","floor":1},{"not_picked":["Catalyst","Caltrops"],"picked":"Deflect","floor":3},{"not_picked":["Backflip","All Out Attack"],"picked":"Unload","floor":5},{"not_picked":["Choke","Blade Dance"],"picked":"Cloak And Dagger","floor":6},{"not_picked":["Grand Finale","Heel Hook"],"picked":"Finisher","floor":12},{"not_picked":["Slice","Dagger Throw"],"picked":"Dagger Spray","floor":13},{"not_picked":["Blur","Deflect"],"picked":"Well Laid Plans","floor":14},{"not_picked":["Unload","Phantasmal Killer"],"picked":"Die Die Die","floor":16},{"not_picked":["Masterful Stab","Crippling Poison"],"picked":"Dodge and Roll","floor":18},{"not_picked":["Prepared","Dagger Throw"],"picked":"Deflect+1","floor":21},{"not_picked":["Underhanded Strike+1","Prepared"],"picked":"Cloak And Dagger","floor":22},{"not_picked":["Dagger Throw","Infinite Blades"],"picked":"Dagger Spray+1","floor":23}],"player_experience":282156,"relics_obtained":[{"floor":6,"key":"Anchor"},{"floor":9,"key":"Art of War"},{"floor":12,"key":"Thread and Needle"},{"floor":23,"key":"Meat on the Bone"}],"event_choices":[{"damage_healed":0,"gold_gain":0,"player_choice":"Success","damage_taken":3,"relics_obtained":["MawBank"],"max_hp_gain":0,"max_hp_loss":0,"event_name":"Scrap Ooze","floor":4,"gold_loss":0},{"damage_healed":0,"gold_gain":0,"player_choice":"Entered Light","damage_taken":15,"max_hp_gain":0,"max_hp_loss":0,"event_name":"Shining Light","floor":8,"gold_loss":0,"cards_upgraded":["Strike_G","Unload"]},{"damage_healed":0,"gold_gain":0,"player_choice":"Got Potions","damage_taken":0,"max_hp_gain":0,"max_hp_loss":0,"event_name":"Lab","floor":10,"gold_loss":0},{"damage_healed":0,"gold_gain":0,"cards_transformed":["Strike_G","Strike_G"],"player_choice":"Became Test Subject","damage_taken":0,"max_hp_gain":0,"max_hp_loss":0,"event_name":"Drug Dealer","floor":19,"gold_loss":0,"cards_obtained":["Setup","Distraction"]},{"damage_healed":0,"gold_gain":0,"player_choice":"Ignored","damage_taken":0,"max_hp_gain":0,"max_hp_loss":0,"event_name":"Vampires","floor":20,"gold_loss":0}],"is_beta":false,"boss_relics":[{"not_picked":["Eternal Feather","Fusion Hammer"],"picked":"Empty Cage"}],"items_purged_floors":[],"is_endless":false,"potions_floor_spawned":[3,6,14,21,23],"killed_by":"Gremlin Leader","ascension_level":3}