{"gold_per_floor":[116,128,128,128,141,166,166,11,65,65,85,95,110,110,110,210,210,228,240,240,250,263,263,276,276,276,48,60,93,93,93],"floor_reached":31,"playtime":1315,"items_purged":["Strike_B+1"],"score":298,"play_id":"7d631caf-5d74-4f3b-b58e-506dcb13ef5e","local_time":"20180903001809","is_ascension_mode":true,"campfire_choices":[{"data":"Zap","floor":7,"key":"SMITH"},{"floor":10,"key":"REST"},{"floor":15,"key":"REST"},{"data":"Biased Cognition","floor":23,"key":"SMITH"},{"data":"Dualcast","floor":25,"key":"SMITH"},{"floor":30,"key":"REST"}],"neow_cost":"NONE","seed_source_timestamp":1227102378782613,"circlet_count":0,"master_deck":["Strike_B+1","Strike_B+1","Strike_B+1","Defend_B+1","Defend_B+1","Defend_B+1","Zap+1","Dualcast+1","Conserve Battery","Machine Learning","Ball Lightning","Biased Cognition+1","Undo","Conserve Battery","Cold Snap","Capacitor","Steam Power+1"],"relics":["Cracked Core","NeowsBlessing","Ancient Tea Set","Juzu Bracelet","Anchor","Regal Pillow","Sozu","Pen Nib","Lantern","Pear"],"potions_floor_usage":[6,16],"damage_taken":[{"damage":0,"enemies":"Cultist","floor":1,"turns":1},{"damage":0,"enemies":"2 Louse","floor":2,"turns":1},{"damage":0,"enemies":"Jaw Worm","floor":5,"turns":1},{"damage":33,"enemies":"3 Sentries","floor":6,"turns":8},{"damage":8,"enemies":"Large Slime","floor":11,"turns":5},{"damage":0,"enemies":"Exordium Thugs","floor":12,"turns":4},{"damage":9,"enemies":"2 Fungi Beasts","floor":13,"turns":3},{"damage":43,"enemies":"Hexaghost","floor":16,"turns":8},{"damage":4,"enemies":"Spheric Guardian","floor":18,"turns":3},{"damage":10,"enemies":"2 Thieves","floor":19,"turns":3},{"damage":0,"enemies":"Cultist and Chosen","floor":21,"turns":4},{"damage":15,"enemies":"Snake Plant","floor":22,"turns":3},{"damage":4,"enemies":"Sentry and Sphere","floor":24,"turns":4},{"damage":17,"enemies":"Shelled Parasite and Fungi","floor":28,"turns":4},{"damage":22,"enemies":"Slavers","floor":29,"turns":6},{"damage":6,"enemies":"Colosseum Slavers","floor":31,"turns":4},{"damage":55,"enemies":"Colosseum Nobs","floor":31,"turns":3}],"seed_played":"2378322279393256413","potions_obtained":[{"floor":2,"key":"SteroidPotion"},{"floor":3,"key":"FairyPotion"},{"floor":3,"key":"LiquidBronze"},{"floor":6,"key":"FocusPotion"},{"floor":13,"key":"Energy Potion"}],"is_trial":false,"path_per_floor":["M","M","?","?","M","E","R","$","T","R","M","M","M","?","R","B",null,"M","M","?","M","M","R","M","R","T","$","M","E","R"],"character_chosen":"DEFECT","items_purchased":["Juzu Bracelet","Lantern"],"campfire_rested":3,"item_purchase_floors":[8,27],"current_hp_per_floor":[75,75,75,68,68,35,35,35,35,57,49,49,40,33,70,27,75,71,61,61,61,46,46,42,42,42,42,25,13,53,0],"gold":93,"neow_bonus":"THREE_ENEMY_KILL","is_prod":false,"is_daily":false,"chose_seed":false,"campfire_upgraded":3,"win_rate":0,"timestamp":1535901489,"path_taken":["M","M","?","?","M","E","R","$","T","R","M","M","M","?","R","BOSS","M","M","?","M","M","R","M","R","T","$","M","E","R","?"],"build_version":"2018-08-30","purchased_purges":1,"victory":false,"max_hp_per_floor":[75,75,75,75,75,75,75,75,75,75,75,75,75,75,75,75,75,75,75,75,75,75,75,75,75,75,75,75,85,85,85],"card_choices":[{"not_picked":["Coolheaded","Static Discharge"],"picked":"Conserve Battery","floor":1},{"not_picked":["Compile Driver","Streamline","Stack"],"picked":"SKIP","floor":2},{"not_picked":["Gash","Streamline","Hologram"],"picked":"SKIP","floor":5},{"not_picked":["Reinforced Body","Gash"],"picked":"Machine Learning","floor":6},{"not_picked":["Coolheaded","Reinforced Body","Hologram"],"picked":"SKIP","floor":11},{"not_picked":["Aggregate","Redo"],"picked":"Ball Lightning","floor":12},{"not_picked":["Recycle","Rebound","Barrage"],"picked":"SKIP","floor":13},{"not_picked":["Seek","Buffer"],"picked":"Biased Cognition","floor":16},{"not_picked":["Compile Driver+1","Rebound+1"],"picked":"Undo","floor":18},{"not_picked":["Redo","Meteor Strike"],"picked":"Conserve Battery","floor":19},{"not_picked":["Compile Driver","Streamline","Beam Cell"],"picked":"SKIP","floor":21},{"not_picked":["Rip and Tear","Barrage"],"picked":"Cold Snap","floor":22},{"not_picked":["Stack","Turbo"],"picked":"Capacitor","floor":24},{"not_picked":["Beam Cell+1","Stack"],"picked":"Steam Power+1","floor":28},{"not_picked":["Core Surge","Gash","Stack"],"picked":"SKIP","floor":29}],"player_experience":203652,"relics_obtained":[{"floor":6,"key":"Ancient Tea Set"},{"floor":9,"key":"Anchor"},{"floor":26,"key":"Pen Nib"},{"floor":29,"key":"Pear"}],"event_choices":[{"event_name":"The Lab","player_choice":"Got Potions","floor":3,"damage_taken":0},{"event_name":"Golden Wing","player_choice":"Card Removal","floor":4,"damage_taken":0},{"event_name":"Scrap Ooze","player_choice":"success","floor":14,"damage_taken":7},{"event_name":"Back to Basics","player_choice":"Simplicity","floor":20,"damage_taken":0},{"event_name":"Colosseum","player_choice":"Fight","floor":31,"damage_taken":0},{"event_name":"Colosseum","player_choice":"Fought Nobs","floor":31,"damage_taken":0}],"is_beta":false,"boss_relics":[{"not_picked":["Tiny House","Orrery"],"picked":"Sozu"}],"items_purged_floors":[27],"is_endless":false,"potions_floor_spawned":[2,6,11,13,22,28,29,31],"killed_by":"Colosseum Nobs","ascension_level":3}