{"gold_per_floor":[111,111,121,20,20,20,20,48,71,85,95,95,107,141,141,240,240,256,270,230,240,103,103,103,120,145,162,189,189,189,206,206,304,304,322,322,322,340,8,37,37,50,50,50,69,69,88,105,105,105],"floor_reached":51,"playtime":9839,"items_purged":["Strike_G","Strike_G"],"score":684,"play_id":"5dc69277-25cf-4fea-a80d-d2e8bf4754c0","local_time":"20190512083225","is_ascension_mode":false,"campfire_choices":[{"data":"Noxious Fumes","floor":6.0,"key":"SMITH"},{"floor":12.0,"key":"REST"},{"data":"Footwork","floor":15.0,"key":"SMITH"},{"data":"Dagger Spray","floor":23.0,"key":"SMITH"},{"floor":29.0,"key":"REST"},{"data":"Caltrops","floor":32.0,"key":"SMITH"},{"floor":41.0,"key":"REST"},{"floor":44.0,"key":"REST"},{"floor":46.0,"key":"REST"},{"floor":49,"key":"REST"}],"neow_cost":"NONE","seed_source_timestamp":0,"circlet_count":0,"master_deck":["Defend_G","Defend_G","Defend_G","Defend_G","Defend_G","Strike_G","Strike_G","Survivor","Neutralize","Noxious Fumes+1","Caltrops+1","Dodge and Roll+1","Crippling Poison","All Out Attack","Flying Knee","Backflip","Footwork+1","After Image+1","Sucker Punch+1","Outmaneuver+1","Dagger Spray+1","Well Laid Plans","Sucker Punch+1","Bane+1","Backflip+1","Escape Plan+1","Flying Knee+1","Well Laid Plans+1","Leg Sweep+1","PiercingWail+1"],"special_seed":0,"relics":["Ring of the Snake","Bag of Marbles","Happy Flower","Oddly Smooth Stone","WristBlade","Omamori","Pear","Sozu","Toxic Egg 2","StoneCalendar","Mercury Hourglass"],"potions_floor_usage":[],"damage_taken":[{"damage":2.0,"enemies":"Jaw Worm","floor":1.0,"turns":7.0},{"damage":0.0,"enemies":"2 Louse","floor":3.0,"turns":4.0},{"damage":50.0,"enemies":"Gremlin Nob","floor":8.0,"turns":6.0},{"damage":2.0,"enemies":"Small Slimes","floor":10.0,"turns":3.0},{"damage":1.0,"enemies":"Exordium Thugs","floor":11.0,"turns":4.0},{"damage":0.0,"enemies":"Red Slaver","floor":13.0,"turns":5.0},{"damage":7.0,"enemies":"Lagavulin","floor":14.0,"turns":7.0},{"damage":11.0,"enemies":"Slime Boss","floor":16.0,"turns":13.0},{"damage":5.0,"enemies":"Spheric Guardian","floor":18.0,"turns":5.0},{"damage":0.0,"enemies":"Shell Parasite","floor":19.0,"turns":7.0},{"damage":0.0,"enemies":"Shelled Parasite and Fungi","floor":21.0,"turns":7.0},{"damage":8.0,"enemies":"Cultist and Chosen","floor":25.0,"turns":8.0},{"damage":7.0,"enemies":"Sentry and Sphere","floor":27.0,"turns":6.0},{"damage":13.0,"enemies":"Gremlin Leader","floor":28.0,"turns":6.0},{"damage":0.0,"enemies":"Centurion and Healer","floor":31.0,"turns":9.0},{"damage":11.0,"enemies":"Champ","floor":33.0,"turns":16.0},{"damage":1.0,"enemies":"3 Shapes","floor":35.0,"turns":5.0},{"damage":13.0,"enemies":"3 Darklings","floor":38.0,"turns":5.0},{"damage":41.0,"enemies":"Giant Head","floor":40.0,"turns":14.0},{"damage":41.0,"enemies":"Sphere and 2 Shapes","floor":42.0,"turns":6.0},{"damage":11.0,"enemies":"Maw","floor":45.0,"turns":8.0},{"damage":0.0,"enemies":"3 Darklings","floor":47.0,"turns":5.0},{"damage":13.0,"enemies":"Jaw Worm Horde","floor":48.0,"turns":5.0},{"damage":36,"enemies":"Awakened One","floor":50,"turns":18}],"seed_played":"-2149697584854935305","potions_obtained":[{"floor":1.0,"key":"PowerPotion"},{"floor":10.0,"key":"SpeedPotion"},{"floor":14.0,"key":"SteroidPotion"},{"floor":16.0,"key":"Poison Potion"},{"floor":19.0,"key":"Explosive Potion"},{"floor":21.0,"key":"SkillPotion"},{"floor":33.0,"key":"GamblersBrew"}],"is_trial":false,"path_per_floor":["M","?","M","$","?","R","?","E","T","M","M","R","M","E","R","B",null,"M","M","?","M","$","R","?","M","T","M","E","R","?","M","R","B",null,"M","?","?","M","$","E","R","M","T","R","M","R","M","M","R","B",null],"character_chosen":"THE_SILENT","items_purchased":["Dodge and Roll","Well Laid Plans","Toxic Egg 2","Escape Plan+1"],"campfire_rested":6,"item_purchase_floors":[4,22,39,39],"current_hp_per_floor":[75,75,75,75,80,80,80,30,30,28,27,51,51,44,44,33,82,77,77,77,77,77,77,77,69,69,62,59,86,86,86,86,75,92,91,91,91,78,78,37,64,23,23,50,39,66,66,53,80,44],"gold":105,"neow_bonus":"TEN_PERCENT_HP_BONUS","is_prod":false,"is_daily":false,"chose_seed":false,"campfire_upgraded":4,"win_rate":0,"timestamp":1557642745,"path_taken":["M","?","M","$","?","R","?","E","T","M","M","R","M","E","R","BOSS","M","M","?","?","?","R","?","M","T","M","E","R","?","M","R","BOSS","M","?","?","?","$","E","R","M","T","R","M","R","M","M","R","BOSS"],"build_version":"2019-01-23","purchased_purges":2,"victory":true,"max_hp_per_floor":[77,77,77,77,82,82,82,82,82,82,82,82,82,82,82,82,82,82,82,82,82,82,82,82,82,82,82,92,92,92,92,92,92,92,92,92,92,92,92,92,92,92,92,92,92,92,92,92,92,92],"card_choices":[{"not_picked":["Dodge and Roll","Catalyst"],"picked":"Noxious Fumes","floor":1.0},{"not_picked":["Slice","Bane"],"picked":"Caltrops","floor":3.0},{"not_picked":["Tactician","Riddle With Holes"],"picked":"Crippling Poison","floor":8.0},{"not_picked":["Backflip","Dagger Spray"],"picked":"All Out Attack","floor":10.0},{"not_picked":["Deflect","Reflex"],"picked":"Flying Knee","floor":11.0},{"not_picked":["Skewer","Predator"],"picked":"Backflip","floor":13.0},{"not_picked":["Deflect","All Out Attack"],"picked":"Footwork","floor":14.0},{"not_picked":["Unload","Wraith Form v2"],"picked":"After Image","floor":16.0},{"not_picked":["Deadly Poison","Outmaneuver"],"picked":"Sucker Punch+1","floor":18.0},{"not_picked":["Poisoned Stab+1","Corpse Explosion"],"picked":"Outmaneuver+1","floor":19.0},{"not_picked":["Outmaneuver+1","Calculated Gamble"],"picked":"Dagger Spray","floor":21.0},{"not_picked":["Outmaneuver","PiercingWail"],"picked":"Sucker Punch+1","floor":25.0},{"not_picked":["Expertise","Bane","Backstab"],"picked":"SKIP","floor":27.0},{"not_picked":["Bane","Corpse Explosion","Underhanded Strike"],"picked":"SKIP","floor":28.0},{"not_picked":["Quick Slash","Dagger Spray","Prepared"],"picked":"SKIP","floor":31.0},{"not_picked":["Dagger Throw","Backflip+1"],"picked":"Bane+1","floor":35.0},{"not_picked":["Prepared","Deadly Poison+1"],"picked":"Backflip+1","floor":38.0},{"not_picked":["Envenom","Choke","Flying Knee"],"picked":"SKIP","floor":40.0},{"not_picked":["Bane","Underhanded Strike+1"],"picked":"Flying Knee+1","floor":42.0},{"not_picked":["Bane","Underhanded Strike+1"],"picked":"Well Laid Plans+1","floor":45.0},{"not_picked":["Expertise+1","Finisher"],"picked":"Leg Sweep+1","floor":47.0},{"not_picked":["Prepared+1","Deflect+1"],"picked":"PiercingWail+1","floor":48.0}],"player_experience":103395,"relics_obtained":[{"floor":8.0,"key":"Bag of Marbles"},{"floor":9.0,"key":"Happy Flower"},{"floor":14.0,"key":"Oddly Smooth Stone"},{"floor":26.0,"key":"Omamori"},{"floor":28.0,"key":"Pear"},{"floor":40.0,"key":"StoneCalendar"},{"floor":43.0,"key":"Mercury Hourglass"}],"event_choices":[{"damage_healed":0.0,"max_hp_gain":0.0,"max_hp_loss":0.0,"gold_gain":0.0,"event_name":"Liars Game","player_choice":"Ignored","floor":2.0,"gold_loss":0.0,"damage_taken":0.0},{"damage_healed":0.0,"max_hp_gain":5.0,"max_hp_loss":0.0,"gold_gain":0.0,"event_name":"Big Fish","player_choice":"Donut","floor":5.0,"gold_loss":0.0,"damage_taken":0.0},{"damage_healed":0.0,"max_hp_gain":0.0,"max_hp_loss":0.0,"gold_gain":0.0,"event_name":"Golden Idol","player_choice":"Ignored","floor":7.0,"gold_loss":0.0,"damage_taken":0.0},{"damage_healed":0.0,"max_hp_gain":0.0,"max_hp_loss":0.0,"gold_gain":0.0,"event_name":"Designer","player_choice":"Upgraded Two","floor":20.0,"gold_loss":40.0,"damage_taken":0.0,"cards_upgraded":["Dodge and Roll","After Image"]},{"damage_healed":0.0,"max_hp_gain":0.0,"max_hp_loss":0.0,"gold_gain":0.0,"event_name":"Ghosts","player_choice":"Ignored","floor":24.0,"gold_loss":0.0,"damage_taken":0.0},{"damage_healed":0.0,"max_hp_gain":0.0,"max_hp_loss":0.0,"gold_gain":0.0,"event_name":"NoteForYourself","player_choice":"Ignored","floor":30.0,"gold_loss":0.0,"damage_taken":0.0},{"damage_healed":0.0,"max_hp_gain":0.0,"max_hp_loss":0.0,"gold_gain":0.0,"event_name":"Tomb of Lord Red Mask","player_choice":"Ignored","floor":36.0,"gold_loss":0.0,"damage_taken":0.0},{"cards_removed":["Strike_G"],"damage_healed":0.0,"max_hp_gain":0.0,"max_hp_loss":0.0,"gold_gain":0.0,"event_name":"Bonfire Elementals","player_choice":"Offered Basic","floor":37.0,"gold_loss":0.0,"damage_taken":0.0}],"is_beta":false,"boss_relics":[{"not_picked":["Ring of the Serpent","Busted Crown"],"picked":"WristBlade"},{"not_picked":["Eternal Feather","Fusion Hammer"],"picked":"Sozu"}],"items_purged_floors":[4,22],"is_endless":false,"potions_floor_spawned":[1,10,14,16,19,21,33,42,45,47,48],"ascension_level":0}