{"gold_per_floor":[118,129,146,421,434,434,461,461,488,488,498,508,522,61,61,163,163,175,225,244,159,188,188,201,201,226,146,146,146,70,87,87,184,184,194,104,123,134,153,153,186,186,186,186,186,215,215,215,215,215,215,215,26,26],"floor_reached":54,"playtime":3256,"items_purged":["Regret","Clumsy"],"score":849,"play_id":"89d9dead-4fcc-4f12-aeb2-531dab76afc4","local_time":"20190502162651","is_ascension_mode":true,"campfire_choices":[{"floor":6,"key":"RECALL"},{"floor":8,"key":"REST"},{"floor":10,"key":"REST"},{"floor":15,"key":"DIG"},{"floor":23,"key":"REST"},{"floor":25,"key":"DIG"},{"floor":32,"key":"DIG"},{"floor":40,"key":"REST"},{"floor":42,"key":"REST"},{"floor":44,"key":"DIG"},{"floor":49,"key":"REST"},{"floor":52,"key":"DIG"}],"neow_cost":"NONE","seed_source_timestamp":1456466715508160,"circlet_count":0,"master_deck":["Defend_G","Defend_G","Defend_G","Strike_G","Strike_G","Survivor","Neutralize","Backflip+1","PiercingWail","Dagger Spray","Dodge and Roll","Sucker Punch","Deadly Poison","Noxious Fumes","Well Laid Plans","Bandage Up","Venomology","Bouncing Flask+1","Cloak And Dagger+1","Poisoned Stab+1","Prepared+1","Blur","Catalyst","Footwork","Noxious Fumes","Acrobatics","Bullet Time","Bouncing Flask","Quick Slash+1","Distraction","Dodge and Roll","Deflect+1","Madness","Madness","Clumsy","Distraction+1"],"relics":["Fusion Hammer","Bag of Marbles","Shovel","Regal Pillow","Astrolabe","Kunai","Red Mask","Centennial Puzzle","Potion Belt","Pocketwatch","Cursed Key","Sundial","Ninja Scroll","Mercury Hourglass","Singing Bowl","Toxic Egg 2","Pantograph"],"potions_floor_usage":[7,16,22,22,33,33,38,41,46,46,46,50,50,54,54],"damage_taken":[{"damage":7,"enemies":"2 Louse","floor":1,"turns":3},{"damage":1,"enemies":"Cultist","floor":2,"turns":3},{"damage":2,"enemies":"Small Slimes","floor":3,"turns":4},{"damage":7,"enemies":"Gremlin Gang","floor":5,"turns":4},{"damage":29,"enemies":"Lagavulin","floor":7,"turns":9},{"damage":2,"enemies":"Looter","floor":11,"turns":3},{"damage":7,"enemies":"2 Fungi Beasts","floor":12,"turns":3},{"damage":4,"enemies":"Large Slime","floor":13,"turns":6},{"damage":21,"enemies":"Hexaghost","floor":16,"turns":10},{"damage":0,"enemies":"Chosen","floor":18,"turns":4},{"damage":0,"enemies":"3 Byrds","floor":20,"turns":5},{"damage":46,"enemies":"Masked Bandits","floor":22,"turns":5},{"damage":6,"enemies":"Snake Plant","floor":24,"turns":5},{"damage":3,"enemies":"Cultist and Chosen","floor":31,"turns":5},{"damage":22,"enemies":"Automaton","floor":33,"turns":9},{"damage":7,"enemies":"3 Shapes","floor":35,"turns":5},{"damage":23,"enemies":"3 Darklings","floor":37,"turns":6},{"damage":20,"enemies":"Jaw Worm Horde","floor":38,"turns":5},{"damage":21,"enemies":"Sphere and 2 Shapes","floor":39,"turns":5},{"damage":26,"enemies":"Giant Head","floor":41,"turns":7},{"damage":55,"enemies":"Reptomancer","floor":46,"turns":9},{"damage":86,"enemies":"Time Eater","floor":50,"turns":11},{"damage":87,"enemies":"Shield and Spear","floor":54,"turns":5}],"seed_played":"1377869921975031064","potions_obtained":[{"floor":2,"key":"Weak Potion"},{"floor":5,"key":"PowerPotion"},{"floor":12,"key":"Swift Potion"},{"floor":13,"key":"PowerPotion"},{"floor":24,"key":"SkillPotion"},{"floor":33,"key":"Fire Potion"},{"floor":37,"key":"SteroidPotion"},{"floor":41,"key":"AttackPotion"},{"floor":46,"key":"Block Potion"}],"is_trial":false,"path_per_floor":["M","M","M","?","M","R","E","R","T","R","M","M","M","$","R","B",null,"M","?","M","?","?","R","M","R","T","$","?","?","$","M","R","B",null,"M","?","M","M","M","R","E","R","T","R","?","E","?","T","R","B",null,"R","$","E"],"character_chosen":"THE_SILENT","items_purchased":["Bandage Up","Shovel","Footwork","Noxious Fumes","Distraction+1","SkillPotion"],"campfire_rested":6,"item_purchase_floors":[14,14,27,30,53,53],"current_hp_per_floor":[63,62,60,60,53,53,24,45,45,66,64,57,53,53,53,36,70,70,70,70,70,24,60,58,58,58,58,58,45,45,46,46,28,75,72,72,53,37,20,57,35,72,72,72,63,28,28,28,66,7,77,77,77,0],"gold":26,"neow_bonus":"BOSS_RELIC","is_prod":false,"is_daily":false,"chose_seed":false,"campfire_upgraded":0,"win_rate":0,"timestamp":1556771211,"path_taken":["M","M","M","?","M","R","E","R","T","R","M","?","?","$","R","BOSS","M","?","?","?","?","R","M","R","T","$","?","?","?","M","R","BOSS","M","?","?","M","M","R","E","R","T","R","?","E","?","?","R","BOSS","R","$","E"],"build_version":"2019-01-23","purchased_purges":2,"victory":false,"max_hp_per_floor":[70,70,70,70,70,70,70,70,70,70,70,70,70,70,70,70,70,70,70,70,70,70,70,70,70,70,70,70,75,75,75,75,75,75,75,75,75,75,75,75,75,75,75,75,75,77,77,77,77,77,77,77,77,77],"card_choices":[{"not_picked":["Dagger Throw","Finisher"],"picked":"Backflip","floor":1},{"not_picked":["Prepared","Setup"],"picked":"PiercingWail","floor":2},{"not_picked":["Flying Knee","Infinite Blades"],"picked":"Dagger Spray","floor":3},{"not_picked":["Dagger Throw","Sucker Punch"],"picked":"Dodge and Roll","floor":5},{"not_picked":["Accuracy","Predator"],"picked":"Sucker Punch","floor":7},{"not_picked":["Acrobatics","Blur"],"picked":"Deadly Poison","floor":11},{"not_picked":["Footwork","Setup"],"picked":"Noxious Fumes","floor":12},{"not_picked":["Dagger Spray","Flechettes"],"picked":"Well Laid Plans","floor":13},{"not_picked":["Bullet Time","Adrenaline"],"picked":"Venomology","floor":16},{"not_picked":["Cloak And Dagger+1","Poisoned Stab"],"picked":"Prepared+1","floor":18},{"not_picked":["Heel Hook+1","Slice"],"picked":"Blur","floor":20},{"not_picked":["Dodge and Roll","Sucker Punch"],"picked":"Catalyst","floor":22},{"not_picked":["Setup","Flechettes","Sucker Punch"],"picked":"SKIP","floor":24},{"not_picked":["Dagger Spray","Sucker Punch"],"picked":"Acrobatics","floor":31},{"not_picked":["Grand Finale","Storm of Steel"],"picked":"Bullet Time","floor":33},{"not_picked":["Reflex+1","Slice+1"],"picked":"Bouncing Flask","floor":35},{"not_picked":["Concentrate","Dagger Spray"],"picked":"Quick Slash+1","floor":37},{"not_picked":["Slice","Backflip"],"picked":"Distraction","floor":38},{"not_picked":["Choke+1","Cloak And Dagger+1"],"picked":"Dodge and Roll","floor":39},{"not_picked":["Die Die Die","Skewer+1"],"picked":"Deflect+1","floor":41},{"not_picked":["Underhanded Strike","Heel Hook+1","Flying Knee+1"],"picked":"Singing Bowl","floor":46}],"player_experience":152003,"relics_obtained":[{"floor":7,"key":"Bag of Marbles"},{"floor":15,"key":"Regal Pillow"},{"floor":22,"key":"Red Mask"},{"floor":25,"key":"Centennial Puzzle"},{"floor":26,"key":"Potion Belt"},{"floor":32,"key":"Pocketwatch"},{"floor":41,"key":"Sundial"},{"floor":43,"key":"Ninja Scroll"},{"floor":44,"key":"Mercury Hourglass"},{"floor":46,"key":"Singing Bowl"},{"floor":48,"key":"Toxic Egg 2"},{"floor":52,"key":"Pantograph"}],"event_choices":[{"damage_healed":0,"gold_gain":275,"player_choice":"Desecrate","damage_taken":0,"max_hp_gain":0,"max_hp_loss":0,"event_name":"Golden Shrine","floor":4,"gold_loss":0,"cards_obtained":["Regret"]},{"damage_healed":0,"gold_gain":100,"player_choice":"Bet on Murderer","damage_taken":0,"max_hp_gain":0,"max_hp_loss":0,"event_name":"The Joust","floor":19,"gold_loss":50},{"damage_healed":0,"gold_gain":0,"player_choice":"Obtained Relic","damage_taken":0,"relics_obtained":["Kunai"],"max_hp_gain":0,"max_hp_loss":0,"event_name":"Addict","floor":21,"gold_loss":85},{"damage_healed":0,"gold_gain":0,"player_choice":"Fought Bandits","damage_taken":0,"max_hp_gain":0,"max_hp_loss":0,"event_name":"Masked Bandits","floor":22,"gold_loss":0},{"cards_removed":["Strike_G"],"damage_healed":0,"gold_gain":0,"player_choice":"Elegance","damage_taken":0,"max_hp_gain":0,"max_hp_loss":0,"event_name":"Back to Basics","floor":28,"gold_loss":0},{"damage_healed":0,"gold_gain":0,"player_choice":"Shed Blood","damage_taken":18,"max_hp_gain":5,"max_hp_loss":0,"event_name":"Forgotten Altar","floor":29,"gold_loss":0},{"cards_removed":["Defend_G"],"damage_healed":0,"gold_gain":0,"player_choice":"Upgrade and Remove","damage_taken":0,"max_hp_gain":0,"max_hp_loss":0,"event_name":"Designer","floor":36,"gold_loss":90,"cards_upgraded":["Backflip"]},{"damage_healed":0,"gold_gain":0,"player_choice":"Embrace Madness","damage_taken":9,"max_hp_gain":0,"max_hp_loss":0,"event_name":"Winding Halls","floor":45,"gold_loss":0,"cards_obtained":["Madness","Madness"]},{"damage_healed":0,"gold_gain":0,"player_choice":"Ignored","damage_taken":0,"max_hp_gain":0,"max_hp_loss":0,"event_name":"The Moai Head","floor":47,"gold_loss":0}],"is_beta":false,"boss_relics":[{"not_picked":["Tiny House","WristBlade"],"picked":"Astrolabe"},{"not_picked":["Philosopher\u0027s Stone","Sozu"],"picked":"Cursed Key"}],"items_purged_floors":[14,53],"is_endless":false,"potions_floor_spawned":[2,5,12,13,20,24,33,37,41,46],"killed_by":"Shield and Spear","ascension_level":3}