{"gold_per_floor":[118,134,134,150,150,150,150,162,162,50,50,64,64,64,64,161,161,161,161,161,161,161,161,161,161,161,161,61,61,61,61,61,61,61,61,61,61,61,21,21,21,21,21,21,21,21,21,21,21,21],"floor_reached":51,"playtime":5196,"items_purged":["Strike_G","Strike_G"],"score":690,"play_id":"5b5b7997-a76e-4c02-b9bd-906f193c8278","local_time":"20180909021819","is_ascension_mode":false,"campfire_choices":[{"data":"Footwork","floor":6,"key":"SMITH"},{"data":"Noxious Fumes","floor":11,"key":"SMITH"},{"data":"Noxious Fumes","floor":13,"key":"SMITH"},{"data":"Survivor","floor":15,"key":"SMITH"},{"data":"Prepared","floor":23,"key":"SMITH"},{"data":"Tools of the Trade","floor":27,"key":"SMITH"},{"data":"Crippling Poison","floor":29,"key":"SMITH"},{"data":"Deflect","floor":32,"key":"SMITH"},{"data":"Strike_G","floor":40,"key":"PURGE"},{"data":"Strike_G","floor":42,"key":"PURGE"},{"floor":45,"key":"REST"},{"data":"Burst","floor":49,"key":"SMITH"}],"neow_cost":"","seed_source_timestamp":5647414179031,"circlet_count":0,"master_deck":["Defend_G","Defend_G+1","Defend_G","Defend_G","Strike_G","Survivor+1","Neutralize+1","Footwork+1","Backflip","Deflect+1","Dagger Spray","Noxious Fumes+1","Noxious Fumes+1","Tools of the Trade+1","Blur+1","Prepared+1","Crippling Poison+1","Burst+1","Deflect+1","Flechettes+1","Deflect+1"],"relics":["Ring of the Snake","The Specimen","Mercury Hourglass","Ectoplasm","Red Mask","Letter Opener","Question Card","Busted Crown","Peace Pipe","Frozen Egg 2","Boot","War Paint"],"potions_floor_usage":[19,20,25,38,46,50,50,50],"damage_taken":[{"damage":0,"enemies":"Jaw Worm","floor":1,"turns":5},{"damage":0,"enemies":"Small Slimes","floor":2,"turns":3},{"damage":0,"enemies":"Cultist","floor":4,"turns":7},{"damage":4,"enemies":"Looter","floor":8,"turns":4},{"damage":0,"enemies":"Exordium Wildlife","floor":12,"turns":4},{"damage":16,"enemies":"Hexaghost","floor":16,"turns":10},{"damage":1,"enemies":"3 Byrds","floor":18,"turns":4},{"damage":1,"enemies":"Spheric Guardian","floor":19,"turns":6},{"damage":3,"floor":20,"turns":4},{"damage":9,"enemies":"Snake Plant","floor":21,"turns":6},{"damage":0,"enemies":"Book of Stabbing","floor":24,"turns":7},{"damage":0,"enemies":"Chosen and Byrds","floor":25,"turns":5},{"damage":4,"enemies":"3 Cultists","floor":31,"turns":4},{"damage":5,"enemies":"Automaton","floor":33,"turns":8},{"damage":6,"enemies":"Flame Bruiser 1 Orb","floor":35,"turns":5},{"damage":7,"enemies":"Orb Walker","floor":36,"turns":4},{"damage":2,"floor":38,"turns":4},{"damage":4,"enemies":"Nemesis","floor":41,"turns":9},{"damage":7,"enemies":"4 Shapes","floor":44,"turns":3},{"damage":1,"enemies":"Sphere and 2 Shapes","floor":46,"turns":3},{"damage":7,"enemies":"Giant Head","floor":47,"turns":11},{"damage":16,"enemies":"Flame Bruiser 2 Orb","floor":48,"turns":4},{"damage":5,"enemies":"Awakened One","floor":50,"turns":15}],"seed_played":"-6651200545652211875","potions_obtained":[{"floor":1,"key":"Block Potion"},{"floor":2,"key":"GhostInAJar"},{"floor":16,"key":"Swift Potion"},{"floor":20,"key":"SteroidPotion"},{"floor":24,"key":"Explosive Potion"},{"floor":25,"key":"SpeedPotion"},{"floor":33,"key":"Explosive Potion"},{"floor":39,"key":"LiquidBronze"},{"floor":41,"key":"SkillPotion"},{"floor":44,"key":"Poison Potion"},{"floor":47,"key":"Fire Potion"}],"is_trial":false,"path_per_floor":["M","M","?","M","?","R","?","M","T","$","R","M","R","?","R","B",null,"M","M","?","M","?","R","E","M","T","R","$","R","?","M","R","B",null,"M","M","$","?","?","R","E","R","T","M","R","M","E","M","R","B"],"character_chosen":"THE_SILENT","items_purchased":["Noxious Fumes"],"campfire_rested":1,"item_purchase_floors":[10],"current_hp_per_floor":[70,70,70,70,67,67,60,56,56,56,56,56,56,56,56,40,70,69,68,65,56,56,56,56,56,56,56,56,56,70,66,66,61,70,64,57,57,55,55,55,51,51,51,44,65,64,57,41,41,36],"gold":21,"neow_bonus":"","is_prod":false,"is_daily":false,"chose_seed":false,"campfire_upgraded":9,"win_rate":0.0,"timestamp":1536430699,"path_taken":["M","M","?","?","?","R","?","M","T","?","R","?","R","?","R","BOSS","M","M","?","M","?","R","E","M","T","R","$","R","?","M","R","BOSS","M","M","$","?","?","R","E","R","T","M","R","?","E","M","R","BOSS"],"build_version":"2018-08-16","purchased_purges":2,"victory":true,"max_hp_per_floor":[70,70,70,70,70,70,70,70,70,70,70,70,70,70,70,70,70,70,70,70,70,70,70,70,70,70,70,70,70,70,70,70,70,70,70,70,70,70,70,70,70,70,70,70,70,70,70,70,70,70],"card_choices":[{"not_picked":["Choke","Finisher"],"picked":"Footwork","floor":1},{"not_picked":["Outmaneuver","Dodge and Roll"],"picked":"Backflip","floor":2},{"not_picked":["Prepared","Quick Slash"],"picked":"Deflect","floor":4},{"not_picked":["Acrobatics","Riddle With Holes"],"picked":"Dagger Spray","floor":8},{"not_picked":["Expertise","Burst"],"picked":"Noxious Fumes","floor":12},{"not_picked":["Unload","Doppelganger"],"picked":"Tools of the Trade","floor":16},{"not_picked":["Infinite Blades","Underhanded Strike"],"picked":"Blur","floor":18},{"not_picked":["Outmaneuver+1","Tactician","Deadly Poison"],"picked":"SKIP","floor":19},{"not_picked":["Sucker Punch+1","Deadly Poison"],"picked":"Prepared","floor":21},{"not_picked":["Backstab+1","Skewer+1","Calculated Gamble"],"picked":"SKIP","floor":24},{"not_picked":["Quick Slash","Dodge and Roll"],"picked":"Crippling Poison","floor":25},{"not_picked":["Bane","Poisoned Stab","Slice","Finisher"],"picked":"SKIP","floor":31},{"not_picked":["Wraith Form v2","Die Die Die","Tools of the Trade"],"picked":"Burst","floor":33},{"not_picked":["Crippling Poison","Backstab"],"picked":"SKIP","floor":35},{"not_picked":["Prepared+1","Sucker Punch"],"picked":"SKIP","floor":36},{"not_picked":["Backstab"],"picked":"Deflect+1","floor":38},{"not_picked":["Reflex+1"],"picked":"Flechettes+1","floor":41},{"not_picked":["Glass Knife","Prepared"],"picked":"SKIP","floor":44},{"not_picked":["Outmaneuver","Dagger Spray+1"],"picked":"SKIP","floor":46},{"not_picked":["Dagger Spray","Blade Dance+1"],"picked":"SKIP","floor":47},{"not_picked":["Dagger Throw"],"picked":"Deflect+1","floor":48}],"player_experience":4962,"relics_obtained":[{"floor":9,"key":"Mercury Hourglass"},{"floor":20,"key":"Red Mask"},{"floor":24,"key":"Letter Opener"},{"floor":26,"key":"Question Card"},{"floor":38,"key":"Peace Pipe"},{"floor":41,"key":"Frozen Egg 2"},{"floor":43,"key":"Boot"},{"floor":47,"key":"War Paint"}],"event_choices":[{"event_name":"Liars Game","player_choice":"disagreed","floor":3,"damage_taken":0},{"event_name":"Scrap Ooze","player_choice":"success","floor":5,"damage_taken":3},{"event_name":"Golden Wing","player_choice":"Card Removal","floor":7,"damage_taken":0},{"event_name":"Living Wall","player_choice":"Grow","floor":14,"damage_taken":0},{"event_name":"Masked Bandits","player_choice":"Fought Bandits","floor":20,"damage_taken":0},{"event_name":"Vampires","player_choice":"Ignored","floor":22,"damage_taken":0},{"event_name":"The Library","player_choice":"Heal","floor":30,"damage_taken":0},{"event_name":"Mysterious Sphere","player_choice":"Fight","floor":38,"damage_taken":0},{"event_name":"The Woman in Blue","player_choice":"Bought 3 Potions","floor":39,"damage_taken":0}],"is_beta":false,"boss_relics":[{"not_picked":["Coffee Dripper","White Beast Statue"],"picked":"Ectoplasm"},{"not_picked":["Fusion Hammer","HoveringKite"],"picked":"Busted Crown"}],"items_purged_floors":[10,28],"is_endless":false,"potions_floor_spawned":[1,2,16,20,24,25,31,33,35,41,44,47,48],"ascension_level":0}