{"gold_per_floor":[114,114,130,149,149,181,195,195,222,253,264,56,72,88,88,190,190,207,207,207,222,142,142,142,174,174,174,191,191,13,43,43,142,142,158,178,194,194,148,148,179,179],"floor_reached":42,"playtime":2937,"items_purged":[],"score":576,"play_id":"35e0f0e0-80fa-43a1-a149-9427c5bef32e","local_time":"20180706040233","is_ascension_mode":false,"campfire_choices":[{"floor":8,"key":"REST"},{"floor":15,"key":"REST"},{"floor":23,"key":"REST"},{"data":"Poisoned Stab","floor":27,"key":"SMITH"},{"floor":32,"key":"REST"},{"floor":40,"key":"REST"}],"neow_cost":"NONE","seed_source_timestamp":115323915764952,"circlet_count":0,"master_deck":["Defend_G","Defend_G","Defend_G","Defend_G","Defend_G","Neutralize","Poisoned Stab+1","Deadly Poison","Escape Plan","Deadly Poison","Dodge and Roll","Backstab","Quick Slash","Deadly Poison","Master of Strategy","Dodge and Roll","Bane","Backstab","Poisoned Stab+1","Deflect","Noxious Fumes","Deadly Poison+1","Poisoned Stab","All Out Attack","Bite","Bite","Bite","Bite","Bite","Magnetism","PiercingWail","Backflip+1","Wraith Form v2","Leg Sweep+1","Footwork","Blur","Backflip","Prepared"],"relics":["Ring of the Snake","Bag of Marbles","Bronze Scales","Dream Catcher","Happy Flower","Mercury Hourglass","Bird Faced Urn","Centennial Puzzle","Ninja Scroll","Blood Vial"],"potions_floor_usage":[10,16,25,31,33,33,41],"damage_taken":[{"damage":1,"enemies":"Jaw Worm","floor":1,"turns":6},{"damage":0,"enemies":"Small Slimes","floor":3,"turns":3},{"damage":0,"enemies":"Cultist","floor":4,"turns":3},{"damage":30,"enemies":"Lagavulin","floor":6,"turns":7},{"damage":4,"enemies":"Blue Slaver","floor":7,"turns":3},{"damage":19,"enemies":"3 Sentries","floor":10,"turns":9},{"damage":2,"enemies":"Exordium Thugs","floor":11,"turns":4},{"damage":0,"enemies":"3 Louse","floor":13,"turns":2},{"damage":5,"enemies":"2 Fungi Beasts","floor":14,"turns":2},{"damage":20,"enemies":"Hexaghost","floor":16,"turns":7},{"damage":0,"enemies":"3 Byrds","floor":18,"turns":3},{"damage":12,"enemies":"Spheric Guardian","floor":21,"turns":4},{"damage":0,"enemies":"Gremlin Leader","floor":25,"turns":5},{"damage":6,"enemies":"Cultist and Chosen","floor":28,"turns":4},{"damage":31,"enemies":"Slavers","floor":31,"turns":5},{"damage":49,"enemies":"Collector","floor":33,"turns":8},{"damage":0,"enemies":"Orb Walker","floor":35,"turns":1},{"damage":0,"enemies":"3 Shapes","floor":36,"turns":2},{"damage":37,"enemies":"Sphere and 2 Shapes","floor":37,"turns":8},{"damage":38,"enemies":"Nemesis","floor":41,"turns":9},{"damage":12,"enemies":"Maw","floor":42,"turns":2}],"seed_played":"7309664006739037709","potions_obtained":[{"floor":1,"key":"SkillPotion"},{"floor":3,"key":"SkillPotion"},{"floor":10,"key":"SkillPotion"},{"floor":11,"key":"GhostInAJar"},{"floor":19,"key":"Explosive Potion"},{"floor":28,"key":"Dexterity Potion"},{"floor":31,"key":"PowerPotion"},{"floor":33,"key":"Poison Potion"},{"floor":37,"key":"Weak Potion"},{"floor":41,"key":"Poison Potion"}],"is_trial":false,"path_per_floor":["M","?","M","M","?","E","M","R","T","E","M","$","M","M","R","B",null,"M","?","?","M","$","R","?","E","T","R","M","?","$","E","R","B",null,"M","M","M","?","$","R","E"],"character_chosen":"THE_SILENT","items_purchased":["Master of Strategy","Noxious Fumes","Magnetism","Backflip"],"campfire_rested":5,"item_purchase_floors":[12,22,30,39],"current_hp_per_floor":[69,66,66,66,66,36,32,53,53,34,32,32,32,27,48,28,70,70,70,70,58,58,70,70,70,70,70,64,49,49,28,42,3,49,49,49,24,20,20,34,6,0],"gold":179,"neow_bonus":"RANDOM_COMMON_RELIC","is_prod":false,"is_daily":false,"chose_seed":false,"campfire_upgraded":1,"win_rate":0.0,"timestamp":1530817353,"path_taken":["M","?","?","M","?","E","M","R","T","E","M","?","M","M","R","BOSS","M","?","?","M","$","R","?","E","T","R","M","?","$","E","R","BOSS","M","M","M","?","$","R","E","M"],"build_version":"2018-06-28","purchased_purges":0,"victory":false,"max_hp_per_floor":[70,70,70,70,70,70,70,70,70,70,70,70,70,70,70,70,70,70,70,70,70,70,70,70,70,70,70,70,49,49,49,49,49,49,49,49,49,49,49,49,49,49],"card_choices":[{"not_picked":["Deadly Poison","Caltrops"],"picked":"Poisoned Stab","floor":1},{"not_picked":["Prepared","Caltrops"],"picked":"Deadly Poison","floor":3},{"not_picked":["Predator","Skewer"],"picked":"Escape Plan","floor":4},{"not_picked":["Unload","Malaise"],"picked":"Deadly Poison","floor":6},{"not_picked":["Quick Slash","Backflip"],"picked":"Dodge and Roll","floor":7},{"not_picked":["Deflect","Predator"],"picked":"Backstab","floor":8},{"not_picked":["Blade Dance","Underhanded Strike"],"picked":"Quick Slash","floor":10},{"not_picked":["Dodge and Roll","Outmaneuver"],"picked":"Deadly Poison","floor":11},{"not_picked":["Underhanded Strike","Masterful Stab"],"picked":"Dodge and Roll","floor":13},{"not_picked":["Heel Hook","All Out Attack"],"picked":"Bane","floor":14},{"not_picked":["Dagger Throw","Quick Slash"],"picked":"Backstab","floor":15},{"not_picked":["Deflect","Expertise+1"],"picked":"Poisoned Stab+1","floor":18},{"not_picked":["Dodge and Roll","Dagger Throw"],"picked":"Deflect","floor":21},{"not_picked":["Bane","Reflex+1"],"picked":"Deadly Poison+1","floor":23},{"not_picked":["Flying Knee+1","Heel Hook"],"picked":"Poisoned Stab","floor":25},{"not_picked":["Flying Knee","Distraction"],"picked":"All Out Attack","floor":28},{"not_picked":["Dagger Throw+1","Flying Knee"],"picked":"PiercingWail","floor":31},{"not_picked":["Skewer+1","Masterful Stab"],"picked":"Backflip+1","floor":32},{"not_picked":["Doppelganger","Unload"],"picked":"Wraith Form v2","floor":33},{"not_picked":["Acrobatics+1","Slice+1"],"picked":"Leg Sweep+1","floor":35},{"not_picked":["Dash+1","Prepared"],"picked":"Footwork","floor":36},{"not_picked":["Footwork","Expertise+1"],"picked":"Blur","floor":37},{"not_picked":["Terror+1","Malaise+1"],"picked":"Prepared","floor":41}],"player_experience":25143,"relics_obtained":[{"floor":6,"key":"Dream Catcher"},{"floor":9,"key":"Happy Flower"},{"floor":10,"key":"Mercury Hourglass"},{"floor":25,"key":"Bird Faced Urn"},{"floor":26,"key":"Centennial Puzzle"},{"floor":31,"key":"Ninja Scroll"},{"floor":41,"key":"Blood Vial"}],"event_choices":[{"event_name":"Scrap Ooze","player_choice":"success","floor":2,"damage_taken":3},{"event_name":"Golden Wing","player_choice":"Ignored","floor":5,"damage_taken":0},{"event_name":"The Lab","player_choice":"Got Potions","floor":19,"damage_taken":0},{"event_name":"Bonfire Elementals","player_choice":"BASIC","floor":20,"damage_taken":0},{"event_name":"Drug Dealer","player_choice":"Ignored","floor":24,"damage_taken":0},{"event_name":"Vampires","player_choice":"Became a vampire","floor":29,"damage_taken":0},{"event_name":"Wheel of Change","player_choice":"Damage","floor":38,"damage_taken":0}],"boss_relics":[{"not_picked":["Runic Pyramid","Philosopher\u0027s Stone","Sozu"]},{"not_picked":["Runic Dome","Busted Crown","Fusion Hammer"]}],"items_purged_floors":[],"is_endless":false,"potions_floor_spawned":[1,3,10,11,14,28,31,33,37,41],"killed_by":"Maw","ascension_level":0}