{"gold_per_floor":[113,113,127,127,142,142,169,169,169,182,182,23,33,50,50,146,146,146],"floor_reached":18,"playtime":457,"items_purged":[],"score":162,"play_id":"e855689d-cd60-4fc3-bee0-20c39bf8636c","local_time":"20190131220824","is_ascension_mode":false,"campfire_choices":[{"data":"Streamline","floor":6,"key":"SMITH"},{"data":"Dualcast","floor":8,"key":"SMITH"},{"data":"Consume","floor":11,"key":"SMITH"},{"data":"Go for the Eyes","floor":15,"key":"SMITH"}],"neow_cost":"NONE","seed_source_timestamp":210104698767553,"circlet_count":0,"master_deck":["Strike_B","Strike_B","Strike_B","Strike_B","Defend_B","Defend_B","Defend_B","Defend_B","Dualcast+1","Streamline+1","Cold Snap","Beam Cell","Consume+1","Barrage","Core Surge","Go for the Eyes+1","FTL","Amplify"],"relics":["Cracked Core","NeowsBlessing","Bag of Marbles","Bottled Lightning","Cursed Key"],"potions_floor_usage":[],"damage_taken":[{"damage":0,"enemies":"Small Slimes","floor":1,"turns":1},{"damage":0,"enemies":"Cultist","floor":3,"turns":1},{"damage":0,"enemies":"2 Louse","floor":5,"turns":1},{"damage":11,"enemies":"3 Sentries","floor":7,"turns":7},{"damage":0,"enemies":"Looter","floor":10,"turns":3},{"damage":1,"enemies":"2 Fungi Beasts","floor":13,"turns":3},{"damage":0,"enemies":"Exordium Thugs","floor":14,"turns":3},{"damage":33,"enemies":"The Guardian","floor":16,"turns":12},{"damage":0,"enemies":"Spheric Guardian","floor":18,"turns":1}],"seed_played":"3851865027585187579","potions_obtained":[{"floor":10,"key":"FearPotion"},{"floor":14,"key":"SneckoOil"},{"floor":16,"key":"Dexterity Potion"}],"is_trial":false,"path_per_floor":["M","?","M","?","M","R","E","R","T","M","R","$","M","M","R","B",null,"M"],"character_chosen":"DEFECT","items_purchased":["Core Surge"],"campfire_rested":0,"item_purchase_floors":[12],"current_hp_per_floor":[75,75,75,75,75,75,64,64,64,64,64,64,63,63,63,30,75,75],"gold":146,"neow_bonus":"THREE_ENEMY_KILL","is_prod":false,"is_daily":false,"chose_seed":false,"campfire_upgraded":4,"win_rate":0,"timestamp":1548940104,"path_taken":["M","?","?","?","?","R","E","R","T","M","R","$","M","M","R","BOSS","M"],"build_version":"2019-01-23","purchased_purges":0,"victory":false,"max_hp_per_floor":[75,75,75,75,75,75,75,75,75,75,75,75,75,75,75,75,75,75],"card_choices":[{"not_picked":["Gash","Compile Driver"],"picked":"Streamline","floor":1},{"not_picked":["Gash","Turbo"],"picked":"Cold Snap","floor":3},{"not_picked":["Coolheaded","Redo"],"picked":"Beam Cell","floor":5},{"not_picked":["Hello World","Storm"],"picked":"Consume","floor":7},{"not_picked":["Steam","Conserve Battery"],"picked":"Barrage","floor":10},{"not_picked":["Hologram","Aggregate"],"picked":"Go for the Eyes","floor":13},{"not_picked":["Compile Driver","Darkness"],"picked":"FTL","floor":14},{"not_picked":["Rainbow","Meteor Strike"],"picked":"Amplify","floor":16}],"player_experience":573253,"relics_obtained":[{"floor":7,"key":"Bag of Marbles"},{"floor":9,"key":"Bottled Lightning"}],"event_choices":[{"cards_removed":["Zap"],"damage_healed":0,"gold_gain":0,"player_choice":"Purged","damage_taken":0,"max_hp_gain":0,"max_hp_loss":0,"event_name":"Purifier","floor":2,"gold_loss":0},{"damage_healed":0,"gold_gain":0,"player_choice":"Bought 0 Potions","damage_taken":0,"max_hp_gain":0,"max_hp_loss":0,"event_name":"The Woman in Blue","floor":4,"gold_loss":0}],"is_beta":false,"boss_relics":[{"not_picked":["Runic Dome","Empty Cage"],"picked":"Cursed Key"}],"items_purged_floors":[],"is_endless":false,"potions_floor_spawned":[10,14,16],"killed_by":"Spheric Guardian","ascension_level":0}