{"gold_per_floor":[115,190,465,62,76,76,101,101,158,178,192,220,75,250,250,355,355,372,372,372,224,224],"floor_reached":22,"playtime":740,"items_purged":["Regret","Doubt"],"score":190,"play_id":"bf55fe19-1a00-4e08-89be-4b8ace3bc365","local_time":"20190505120709","is_ascension_mode":false,"campfire_choices":[{"data":"Neutralize","floor":6,"key":"SMITH"},{"data":"Leg Sweep","floor":8,"key":"SMITH"},{"floor":15,"key":"REST"}],"neow_cost":"NONE","seed_source_timestamp":1702640294160238,"circlet_count":0,"master_deck":["Defend_G","Defend_G","Defend_G","Defend_G","Defend_G","Strike_G","Strike_G","Strike_G","Strike_G","Strike_G","Survivor","Neutralize+1","Flying Knee","Caltrops","PiercingWail","Leg Sweep+1","Escape Plan","Parasite","Deflect","Dagger Spray","Dodge and Roll","A Thousand Cuts","Caltrops+1","RitualDagger","PiercingWail"],"relics":["Cursed Key","Paper Crane","Question Card","Tiny Chest","Lantern","Bronze Scales","Sozu"],"potions_floor_usage":[22,22],"damage_taken":[{"damage":2,"enemies":"Cultist","floor":1,"turns":4},{"damage":1,"enemies":"Jaw Worm","floor":5,"turns":5},{"damage":13,"enemies":"Lagavulin","floor":7,"turns":14},{"damage":0,"enemies":"2 Louse","floor":10,"turns":3},{"damage":0,"enemies":"Large Slime","floor":11,"turns":10},{"damage":24,"enemies":"Gremlin Nob","floor":12,"turns":7},{"damage":1,"enemies":"The Guardian","floor":16,"turns":16},{"damage":0,"enemies":"3 Byrds","floor":18,"turns":2},{"damage":8,"enemies":"Colosseum Slavers","floor":22,"turns":5},{"damage":49,"enemies":"Colosseum Nobs","floor":22,"turns":4}],"seed_played":"3901558975213293394","potions_obtained":[{"floor":7,"key":"Swift Potion"},{"floor":11,"key":"SkillPotion"},{"floor":12,"key":"Ancient Potion"}],"is_trial":false,"path_per_floor":["M","?","?","$","M","R","E","R","T","M","M","E","$","?","R","B",null,"M","?","?","$","?"],"character_chosen":"THE_SILENT","items_purchased":["Caltrops","PiercingWail","Paper Crane","Bronze Scales","PiercingWail"],"campfire_rested":1,"item_purchase_floors":[4,4,4,13,21],"current_hp_per_floor":[68,57,57,57,56,56,43,43,43,43,43,19,19,19,40,39,70,70,64,51,51,0],"gold":224,"neow_bonus":"BOSS_RELIC","is_prod":false,"is_daily":false,"chose_seed":false,"campfire_upgraded":2,"win_rate":0,"timestamp":1557014829,"path_taken":["M","?","?","$","M","R","E","R","T","?","M","E","$","?","R","BOSS","M","?","?","$","?"],"build_version":"2019-01-23","purchased_purges":2,"victory":false,"max_hp_per_floor":[70,70,70,70,70,70,70,70,70,70,70,70,70,70,70,70,70,70,70,75,75,75],"card_choices":[{"not_picked":["Sucker Punch","Dagger Throw"],"picked":"Flying Knee","floor":1},{"not_picked":["Poisoned Stab","Dagger Throw"],"picked":"Leg Sweep","floor":5},{"not_picked":["Leg Sweep","Heel Hook"],"picked":"Escape Plan","floor":7},{"not_picked":["Choke","Finisher","PiercingWail"],"picked":"Deflect","floor":10},{"not_picked":["Calculated Gamble","Reflex","Quick Slash"],"picked":"Dagger Spray","floor":11},{"not_picked":["Backstab","Distraction","Masterful Stab"],"picked":"Dodge and Roll","floor":12},{"not_picked":["Tools of the Trade","Wraith Form v2","Storm of Steel"],"picked":"A Thousand Cuts","floor":16},{"not_picked":["Backflip","Blade Dance","Underhanded Strike"],"picked":"Caltrops+1","floor":18}],"player_experience":188814,"relics_obtained":[{"floor":7,"key":"Question Card"},{"floor":9,"key":"Tiny Chest"},{"floor":12,"key":"Lantern"}],"event_choices":[{"damage_healed":0,"gold_gain":75,"player_choice":"Gather Gold","damage_taken":11,"max_hp_gain":0,"max_hp_loss":0,"event_name":"World of Goop","floor":2,"gold_loss":0},{"damage_healed":0,"gold_gain":275,"player_choice":"Desecrate","damage_taken":0,"max_hp_gain":0,"max_hp_loss":0,"event_name":"Golden Shrine","floor":3,"gold_loss":0,"cards_obtained":["Regret"]},{"damage_healed":0,"gold_gain":175,"player_choice":"AGREE","damage_taken":0,"max_hp_gain":0,"max_hp_loss":0,"event_name":"Liars Game","floor":14,"gold_loss":0,"cards_obtained":["Doubt"]},{"damage_healed":0,"gold_gain":0,"player_choice":"Joined the Cult","damage_taken":6,"max_hp_gain":0,"max_hp_loss":0,"event_name":"Nest","floor":19,"gold_loss":0,"cards_obtained":["RitualDagger"]},{"damage_healed":0,"gold_gain":0,"player_choice":"Shed Blood","damage_taken":18,"max_hp_gain":5,"max_hp_loss":0,"event_name":"Forgotten Altar","floor":20,"gold_loss":0},{"damage_healed":0,"gold_gain":0,"player_choice":"Fight","damage_taken":0,"max_hp_gain":0,"max_hp_loss":0,"event_name":"Colosseum","floor":22,"gold_loss":0},{"damage_healed":0,"gold_gain":0,"player_choice":"Fought Nobs","damage_taken":0,"max_hp_gain":0,"max_hp_loss":0,"event_name":"Colosseum","floor":22,"gold_loss":0}],"is_beta":false,"boss_relics":[{"not_picked":["White Beast Statue","Pandora\u0027s Box"],"picked":"Sozu"}],"items_purged_floors":[4,21],"is_endless":false,"potions_floor_spawned":[7,11,12,18],"killed_by":"Colosseum Nobs","ascension_level":0}