{"gold_per_floor":[113,124,141,90,109,138,138,157,157,157,167,167,57,92,92,92],"floor_reached":16,"playtime":1500,"items_purged":["Defend_R"],"score":112,"play_id":"76855379-3b49-4893-b66e-460ce6d22b28","local_time":"20180706221133","is_ascension_mode":false,"campfire_choices":[{"floor":7,"key":"REST"},{"floor":10,"key":"REST"},{"floor":15,"key":"REST"}],"neow_cost":"NONE","seed_source_timestamp":2428530155266,"circlet_count":0,"master_deck":["Strike_R","Strike_R","Strike_R","Strike_R","Defend_R","Defend_R","Defend_R","Bash","Warcry","Armaments","Whirlwind","Clothesline","Dropkick","Body Slam+1","Clothesline","Fire Breathing+1"],"relics":["Burning Blood","Potion Belt","Frozen Egg 2","Letter Opener"],"potions_floor_usage":[6,6,14,16],"damage_taken":[{"damage":7,"enemies":"2 Louse","floor":1,"turns":3},{"damage":5,"enemies":"Jaw Worm","floor":2,"turns":6},{"damage":1,"enemies":"Cultist","floor":3,"turns":4},{"damage":33,"enemies":"Gremlin Gang","floor":5,"turns":8},{"damage":49,"enemies":"Lagavulin","floor":6,"turns":14},{"damage":19,"enemies":"Exordium Thugs","floor":8,"turns":4},{"damage":15,"enemies":"Red Slaver","floor":11,"turns":4},{"damage":34,"enemies":"3 Sentries","floor":14,"turns":7},{"damage":32,"enemies":"Slime Boss","floor":16,"turns":8}],"seed_played":"7050076361575811558","potions_obtained":[{"floor":1,"key":"Swift Potion"},{"floor":5,"key":"GamblersBrew"},{"floor":6,"key":"Ancient Potion"},{"floor":8,"key":"AttackPotion"}],"is_trial":false,"path_per_floor":["M","M","M","$","M","E","R","M","T","R","M","?","$","E","R"],"character_chosen":"IRONCLAD","items_purchased":["Clothesline","Fire Breathing+1"],"campfire_rested":3,"item_purchase_floors":[4,13],"current_hp_per_floor":[79,80,80,80,53,10,34,21,21,45,36,36,36,8,32,0],"gold":92,"neow_bonus":"TRANSFORM_CARD","is_prod":false,"is_daily":false,"chose_seed":false,"campfire_upgraded":0,"win_rate":0.0,"timestamp":1530882693,"path_taken":["M","M","M","$","M","E","R","M","T","R","M","?","$","E","R","BOSS"],"build_version":"2018-07-05","purchased_purges":1,"victory":false,"max_hp_per_floor":[80,80,80,80,80,80,80,80,80,80,80,80,80,80,80,80],"card_choices":[{"not_picked":["Metallicize","Clash"],"picked":"Armaments","floor":1},{"not_picked":["Fire Breathing","Seeing Red","Corruption"],"picked":"SKIP","floor":2},{"not_picked":["Feel No Pain","Headbutt"],"picked":"Whirlwind","floor":3},{"not_picked":["Clash","Uppercut"],"picked":"Dropkick","floor":5},{"not_picked":["Iron Wave","Cleave"],"picked":"Body Slam","floor":6},{"not_picked":["Power Through","Perfected Strike","Flex"],"picked":"SKIP","floor":8},{"not_picked":["Entrench","True Grit"],"picked":"Clothesline","floor":11},{"not_picked":["Battle Trance","Seeing Red","Anger"],"picked":"SKIP","floor":14}],"player_experience":33932,"relics_obtained":[{"floor":6,"key":"Potion Belt"},{"floor":9,"key":"Frozen Egg 2"},{"floor":14,"key":"Letter Opener"}],"event_choices":[{"event_name":"Living Wall","player_choice":"Grow","floor":12,"damage_taken":0}],"boss_relics":[],"items_purged_floors":[13],"is_endless":false,"potions_floor_spawned":[1,5,6,8],"killed_by":"Slime Boss","ascension_level":0}