{"gold_per_floor":[117,136,136,136,154,154,235,269,324,324,342,342,2,26,26,145,145,164,114,114,114,124,124,151,151,177,177,102,26,38,49,49,149,149,164,164,183,193,145,145,171,171,171,171,190,219,219,229,229,229],"floor_reached":50,"playtime":3426,"items_purged":["Injury","Strike_G"],"score":648,"play_id":"2f891560-d48c-487a-b2e8-e98a687a344a","local_time":"20180919223256","is_ascension_mode":true,"campfire_choices":[{"data":"Neutralize","floor":6,"key":"SMITH"},{"data":"Footwork","floor":10,"key":"SMITH"},{"data":"Cloak And Dagger","floor":12,"key":"SMITH"},{"floor":15,"key":"REST"},{"data":"Bullet Time","floor":23,"key":"SMITH"},{"data":"Noxious Fumes","floor":25,"key":"SMITH"},{"data":"Infinite Blades","floor":32,"key":"SMITH"},{"floor":40,"key":"REST"},{"data":"After Image","floor":42,"key":"SMITH"},{"data":"Phantasmal Killer","floor":44,"key":"SMITH"},{"data":"Infinite Blades","floor":47,"key":"SMITH"},{"floor":49,"key":"REST"}],"neow_cost":"NONE","seed_source_timestamp":315208148661215,"circlet_count":0,"master_deck":["Defend_G","Defend_G","Defend_G","Defend_G","Defend_G","Survivor","Neutralize+1","Escape Plan","Footwork+1","Cloak And Dagger+1","Blade Dance","Noxious Fumes","Backflip","Bullet Time+1","Infinite Blades+1","Accuracy","Backflip","Noxious Fumes+1","Infinite Blades+1","Phantasmal Killer+1","Flechettes+1","Bullet Time+1","After Image+1","PiercingWail","After Image+1","Deflect","Backflip"],"relics":["Ring of the Snake","Pen Nib","Smiling Mask","Bloody Idol","Bronze Scales","Incense Burner","Happy Flower","Lantern","Eternal Feather","Sundial","Omamori","Regal Pillow","Astrolabe","Anchor","Blue Candle","PreservedInsect"],"potions_floor_usage":[7,7,8,16,16,22,33,41,45,46,46,48],"damage_taken":[{"damage":7,"enemies":"Cultist","floor":1,"turns":5},{"damage":0,"enemies":"Small Slimes","floor":2,"turns":4},{"damage":0,"enemies":"Jaw Worm","floor":5,"turns":4},{"damage":28,"enemies":"Gremlin Nob","floor":7,"turns":5},{"damage":9,"enemies":"3 Sentries","floor":8,"turns":11},{"damage":0,"enemies":"3 Louse","floor":11,"turns":4},{"damage":0,"enemies":"2 Fungi Beasts","floor":14,"turns":2},{"damage":4,"enemies":"Hexaghost","floor":16,"turns":12},{"damage":2,"enemies":"Chosen","floor":18,"turns":6},{"damage":3,"enemies":"Spheric Guardian","floor":22,"turns":3},{"damage":11,"enemies":"Book of Stabbing","floor":24,"turns":8},{"damage":6,"enemies":"Centurion and Healer","floor":30,"turns":6},{"damage":21,"enemies":"Chosen and Byrds","floor":31,"turns":6},{"damage":27,"enemies":"Automaton","floor":33,"turns":10},{"damage":11,"enemies":"3 Darklings","floor":35,"turns":4},{"damage":18,"enemies":"3 Shapes","floor":37,"turns":5},{"damage":27,"enemies":"Spire Growth","floor":38,"turns":5},{"damage":17,"enemies":"Nemesis","floor":41,"turns":7},{"damage":15,"enemies":"Reptomancer","floor":45,"turns":6},{"damage":30,"enemies":"2 Orb Walkers","floor":46,"turns":6},{"damage":43,"enemies":"Transient","floor":48,"turns":5},{"damage":75,"enemies":"Time Eater","floor":50,"turns":12}],"seed_played":"-2842256808880674692","potions_obtained":[{"floor":1,"key":"PowerPotion"},{"floor":5,"key":"SteroidPotion"},{"floor":7,"key":"SteroidPotion"},{"floor":8,"key":"Weak Potion"},{"floor":11,"key":"EssenceOfSteel"},{"floor":18,"key":"Fire Potion"},{"floor":24,"key":"SpeedPotion"},{"floor":33,"key":"FearPotion"},{"floor":38,"key":"AttackPotion"},{"floor":41,"key":"Weak Potion"},{"floor":45,"key":"Block Potion"}],"is_trial":false,"path_per_floor":["M","M","?","?","M","R","?","E","T","R","M","R","$","M","R","B",null,"M","$","?","?","M","R","E","R","T","?","?","$","M","M","R","B",null,"M","?","M","M","$","R","E","R","T","R","M","E","R","M","R"],"character_chosen":"THE_SILENT","items_purchased":["Noxious Fumes","Lantern","Dagger Spray","Infinite Blades","Block Potion"],"campfire_rested":3,"item_purchase_floors":[13,13,13,29,39],"current_hp_per_floor":[63,63,56,56,56,56,28,19,19,19,19,19,19,19,40,36,62,60,60,60,60,62,70,64,70,70,70,70,70,69,53,65,43,63,57,57,44,22,22,70,58,70,70,70,60,35,50,12,63,0],"gold":229,"neow_bonus":"RANDOM_COMMON_RELIC","is_prod":false,"is_daily":false,"chose_seed":false,"campfire_upgraded":9,"win_rate":0,"timestamp":1537363976,"path_taken":["M","?","?","?","M","R","?","E","T","R","M","R","?","M","R","BOSS","M","$","?","?","?","R","E","R","T","?","?","?","M","M","R","BOSS","M","?","M","M","$","R","E","R","T","R","M","E","R","M","R","BOSS"],"build_version":"2018-09-06","purchased_purges":2,"victory":false,"max_hp_per_floor":[70,70,70,70,70,70,70,70,70,70,70,70,70,70,70,70,70,70,70,70,70,70,70,70,70,70,70,70,70,70,70,70,70,70,70,70,70,70,70,70,70,70,70,70,70,70,70,70,70,70],"card_choices":[{"not_picked":["Reflex","Outmaneuver"],"picked":"Escape Plan","floor":1},{"not_picked":["Dash","Predator","Crippling Poison"],"picked":"SKIP","floor":2},{"not_picked":["Crippling Poison","Sucker Punch"],"picked":"Footwork","floor":5},{"not_picked":["Underhanded Strike","Bane"],"picked":"Cloak And Dagger","floor":8},{"not_picked":["Bane","A Thousand Cuts"],"picked":"Blade Dance","floor":11},{"not_picked":["Acrobatics","Bane"],"picked":"Backflip","floor":14},{"not_picked":["Venomology","A Thousand Cuts"],"picked":"Bullet Time","floor":16},{"not_picked":["Dodge and Roll+1","Dagger Throw+1"],"picked":"Infinite Blades","floor":18},{"not_picked":["Noxious Fumes","Poisoned Stab"],"picked":"Backflip","floor":22},{"not_picked":["Slice","Dodge and Roll+1"],"picked":"Noxious Fumes","floor":24},{"not_picked":["Finisher","Malaise","Bouncing Flask+1"],"picked":"SKIP","floor":30},{"not_picked":["Predator","Sucker Punch+1","Bane"],"picked":"SKIP","floor":31},{"not_picked":["Corpse Explosion","Glass Knife"],"picked":"Phantasmal Killer","floor":33},{"not_picked":["Caltrops","Endless Agony+1"],"picked":"PiercingWail","floor":35},{"not_picked":["Leg Sweep","Poisoned Stab","Masterful Stab+1"],"picked":"SKIP","floor":37},{"not_picked":["Dagger Spray+1","Underhanded Strike","Deadly Poison"],"picked":"SKIP","floor":38},{"not_picked":["Deflect","Calculated Gamble"],"picked":"After Image","floor":41},{"not_picked":["Expertise+1","Acrobatics+1"],"picked":"Deflect","floor":45},{"not_picked":["Dagger Spray+1","Acrobatics+1","Choke"],"picked":"SKIP","floor":46},{"not_picked":["Leg Sweep","Finisher+1"],"picked":"Backflip","floor":48}],"player_experience":288125,"relics_obtained":[{"floor":7,"key":"Bronze Scales"},{"floor":8,"key":"Incense Burner"},{"floor":9,"key":"Happy Flower"},{"floor":24,"key":"Sundial"},{"floor":26,"key":"Omamori"},{"floor":41,"key":"Anchor"},{"floor":43,"key":"Blue Candle"},{"floor":46,"key":"PreservedInsect"}],"event_choices":[{"event_name":"Scrap Ooze","player_choice":"success","floor":3,"damage_taken":7},{"event_name":"Golden Idol","player_choice":"Take Wound","floor":4,"damage_taken":0},{"event_name":"Dead Adventurer","player_choice":"Searched \u00271\u0027 times","floor":7,"damage_taken":0},{"event_name":"The Library","player_choice":"Read","floor":20,"damage_taken":0},{"event_name":"Forgotten Altar","player_choice":"Gave Idol","floor":21,"damage_taken":0},{"event_name":"The Mausoleum","player_choice":"Yes","floor":27,"damage_taken":0},{"event_name":"Beggar","player_choice":"Gave Gold","floor":28,"damage_taken":0},{"event_name":"Falling","player_choice":"Removed Attack","floor":36,"damage_taken":0}],"is_beta":false,"boss_relics":[{"not_picked":["Orrery","White Beast Statue"],"picked":"Eternal Feather"},{"not_picked":["Coffee Dripper","Philosopher\u0027s Stone"],"picked":"Astrolabe"}],"items_purged_floors":[13,19],"is_endless":false,"potions_floor_spawned":[1,5,7,8,11,18,24,33,38,41,45],"killed_by":"Time Eater","ascension_level":5}