{"gold_per_floor":[115,115,140,153,167,167,206,230,257,257,281,281,281,299,299,419,419,444,444],"floor_reached":19,"playtime":1472,"items_purged":[],"score":205,"play_id":"f9cb0cd8-a599-428d-b1fe-f17fb53a6d1c","local_time":"20180913092236","is_ascension_mode":true,"campfire_choices":[{"data":"Neutralize","floor":6,"key":"SMITH"},{"data":"Footwork","floor":10,"key":"SMITH"},{"data":"After Image","floor":13,"key":"SMITH"},{"data":"Deadly Poison","floor":15,"key":"SMITH"}],"neow_cost":"NONE","seed_source_timestamp":2123609417031309,"circlet_count":0,"master_deck":["Defend_G","Defend_G","Strike_G","Strike_G","Strike_G","Strike_G","Survivor","Neutralize+1","Footwork+1","Backstab","Backflip","Bane","Deadly Poison+1","PiercingWail","PiercingWail","After Image+1","Well Laid Plans","Burst","Prepared+1","Bane+1","Noxious Fumes+1","Distraction"],"relics":["Ring of the Snake","Golden Idol","Vajra","Oddly Smooth Stone","Astrolabe"],"potions_floor_usage":[5,16,16,19,19],"damage_taken":[{"damage":0,"enemies":"2 Louse","floor":1,"turns":4},{"damage":0,"enemies":"Small Slimes","floor":3,"turns":3},{"damage":4,"enemies":"Cultist","floor":4,"turns":6},{"damage":1,"enemies":"Gremlin Gang","floor":5,"turns":8},{"damage":17,"enemies":"Lagavulin","floor":7,"turns":8},{"damage":2,"enemies":"2 Fungi Beasts","floor":8,"turns":3},{"damage":0,"enemies":"Looter","floor":11,"turns":3},{"damage":0,"enemies":"Red Slaver","floor":14,"turns":3},{"damage":29,"enemies":"Slime Boss","floor":16,"turns":19},{"damage":3,"enemies":"Chosen","floor":18,"turns":5},{"damage":0,"enemies":"Colosseum Slavers","floor":19,"turns":6},{"damage":68,"enemies":"Colosseum Nobs","floor":19,"turns":6}],"seed_played":"-5004214724447369079","potions_obtained":[{"floor":1,"key":"GhostInAJar"},{"floor":4,"key":"Energy Potion"},{"floor":8,"key":"Explosive Potion"},{"floor":11,"key":"FearPotion"},{"floor":14,"key":"SkillPotion"},{"floor":18,"key":"GamblersBrew"}],"is_trial":false,"path_per_floor":["M","?","M","M","M","R","E","M","T","R","M","?","R","M","R","B",null,"M"],"character_chosen":"THE_SILENT","items_purchased":[],"campfire_rested":0,"item_purchase_floors":[],"current_hp_per_floor":[70,70,70,66,65,65,48,46,46,46,46,39,39,39,39,10,70,67,0],"gold":444,"neow_bonus":"TRANSFORM_CARD","is_prod":false,"is_daily":false,"chose_seed":false,"campfire_upgraded":4,"win_rate":0,"timestamp":1536798156,"path_taken":["M","?","M","?","?","R","E","M","T","R","M","?","R","M","R","BOSS","M","?"],"build_version":"2018-09-06","purchased_purges":0,"victory":false,"max_hp_per_floor":[70,70,70,70,70,70,70,70,70,70,70,70,70,70,70,70,70,70,70],"card_choices":[{"not_picked":["Sucker Punch","Dagger Spray"],"picked":"Backstab","floor":1},{"not_picked":["Blade Dance","Riddle With Holes"],"picked":"Backflip","floor":3},{"not_picked":["Dodge and Roll","Catalyst"],"picked":"Bane","floor":4},{"not_picked":["Escape Plan","Blade Dance"],"picked":"Deadly Poison","floor":5},{"not_picked":["Dash","Backflip"],"picked":"PiercingWail","floor":7},{"not_picked":["Outmaneuver","Dagger Spray"],"picked":"PiercingWail","floor":8},{"not_picked":["Quick Slash","Flying Knee"],"picked":"After Image","floor":11},{"not_picked":["Slice","Outmaneuver"],"picked":"Well Laid Plans","floor":14},{"not_picked":["Night Terror","Corpse Explosion"],"picked":"Burst","floor":16},{"not_picked":["Underhanded Strike+1","Sucker Punch"],"picked":"Distraction","floor":18}],"player_experience":256761,"relics_obtained":[{"floor":7,"key":"Vajra"},{"floor":9,"key":"Oddly Smooth Stone"}],"event_choices":[{"event_name":"Golden Idol","player_choice":"Take Wound","floor":2,"damage_taken":0},{"event_name":"Golden Wing","player_choice":"Card Removal","floor":12,"damage_taken":0},{"event_name":"Colosseum","player_choice":"Fight","floor":19,"damage_taken":0},{"event_name":"Colosseum","player_choice":"Fought Nobs","floor":19,"damage_taken":0}],"is_beta":false,"boss_relics":[{"not_picked":["Orrery","Ectoplasm"],"picked":"Astrolabe"}],"items_purged_floors":[],"is_endless":false,"potions_floor_spawned":[1,4,8,11,14,18],"killed_by":"Colosseum Nobs","ascension_level":4}