{"gold_per_floor":[117,67,142,41,54,54,72,72,123,123,123,139,157,227,227,352,352,366,281,294,39,63,63,96,96,120,86,129,145,163,198,198,322,322,340,163,179,179,179,179,197,197,251,251,274,289,310,532,532,532,532,532,39,80,80],"floor_reached":55,"playtime":3188,"items_purged":["Strike_B","Strike_B","Defend_B","Defend_B"],"score":732,"play_id":"503013b8-e53f-43dd-9dcf-cac2b87276b0","local_time":"20190131231707","is_ascension_mode":false,"campfire_choices":[{"data":"Streamline","floor":6,"key":"SMITH"},{"data":"Dualcast","floor":8,"key":"SMITH"},{"data":"Genetic Algorithm","floor":10,"key":"SMITH"},{"data":"Hologram","floor":15,"key":"SMITH"},{"data":"Defragment","floor":23,"key":"SMITH"},{"data":"Defragment","floor":25,"key":"SMITH"},{"data":"Force Field","floor":32,"key":"SMITH"},{"data":"Double Energy","floor":40,"key":"SMITH"},{"data":"Glacier","floor":42,"key":"SMITH"},{"floor":44,"key":"RECALL"},{"data":"Loop","floor":49,"key":"SMITH"},{"data":"Seek","floor":52,"key":"SMITH"}],"neow_cost":"NONE","seed_source_timestamp":211495554076525,"circlet_count":0,"master_deck":["Defend_B+1","Defend_B+1","Zap","Dualcast+1","Defragment+1","Streamline+1","Beam Cell","Genetic Algorithm+1","Hologram+1","Defragment+1","All For One+1","Machine Learning","Go for the Eyes+1","Coolheaded","Sweeping Beam+1","Double Energy+1","Seek+1","Force Field+1","Glacier+1","Core Surge","Self Repair","Conserve Battery","FTL","Loop+1","Parasite","Cold Snap+1"],"relics":["Cracked Core","NeowsBlessing","Anchor","Golden Idol","Tiny Chest","Nuclear Battery","Centennial Puzzle","DataDisk","War Paint","Whetstone","PreservedInsect","Red Mask","Sozu","Sling","Boot","Bronze Scales"],"potions_floor_usage":[14,16,24,24,31,31,54],"damage_taken":[{"damage":0,"enemies":"Jaw Worm","floor":1,"turns":1},{"damage":0,"enemies":"Small Slimes","floor":5,"turns":1},{"damage":0,"enemies":"2 Louse","floor":7,"turns":1},{"damage":0,"enemies":"Looter","floor":12,"turns":3},{"damage":0,"enemies":"Blue Slaver","floor":13,"turns":2},{"damage":19,"enemies":"3 Sentries","floor":14,"turns":8},{"damage":49,"enemies":"The Guardian","floor":16,"turns":10},{"damage":15,"enemies":"2 Thieves","floor":18,"turns":4},{"damage":15,"enemies":"3 Byrds","floor":20,"turns":5},{"damage":1,"enemies":"Cultist and Chosen","floor":22,"turns":7},{"damage":8,"enemies":"Gremlin Leader","floor":24,"turns":13},{"damage":0,"enemies":"Book of Stabbing","floor":28,"turns":6},{"damage":7,"enemies":"Sentry and Sphere","floor":29,"turns":4},{"damage":4,"enemies":"Snake Plant","floor":30,"turns":4},{"damage":0,"enemies":"Masked Bandits","floor":31,"turns":3},{"damage":2,"enemies":"Automaton","floor":33,"turns":13},{"damage":0,"enemies":"Orb Walker","floor":35,"turns":4},{"damage":31,"enemies":"3 Darklings","floor":37,"turns":8},{"damage":0,"enemies":"Spire Growth","floor":41,"turns":7},{"damage":0,"enemies":"Maw","floor":45,"turns":9},{"damage":0,"enemies":"Writhing Mass","floor":46,"turns":8},{"damage":3,"enemies":"Sphere and 2 Shapes","floor":47,"turns":6},{"damage":28,"enemies":"Awakened One","floor":50,"turns":20},{"damage":0,"enemies":"Shield and Spear","floor":54,"turns":11},{"damage":74,"enemies":"The Heart","floor":55,"turns":11}],"seed_played":"6877607752487239557","potions_obtained":[{"floor":1,"key":"Weak Potion"},{"floor":5,"key":"Regen Potion"},{"floor":12,"key":"FocusPotion"},{"floor":20,"key":"EntropicBrew"},{"floor":28,"key":"FocusPotion"}],"is_trial":false,"path_per_floor":["M","?","?","$","M","R","M","R","T","R","?","M","M","E","R","B",null,"M","?","M","$","M","R","E","R","T","$","E","M","M","?","R","B",null,"M","$","M","?","?","R","M","R","T","R","M","M","M","?","R","B",null,"R","$","E","B"],"character_chosen":"DEFECT","items_purchased":["Streamline","DataDisk","Double Energy","Conserve Battery","Sling","Boot"],"campfire_rested":0,"item_purchase_floors":[4,21,27,36,53,53],"current_hp_per_floor":[75,75,64,64,64,64,64,64,64,64,64,64,64,56,56,7,69,54,54,39,39,38,38,30,30,30,30,30,23,19,19,19,17,69,69,69,45,45,45,45,52,52,52,52,59,66,69,69,69,48,69,69,69,69,0],"gold":80,"neow_bonus":"THREE_ENEMY_KILL","is_prod":false,"is_daily":false,"chose_seed":false,"campfire_upgraded":11,"win_rate":0,"timestamp":1548944227,"path_taken":["M","?","?","?","M","R","?","R","T","R","?","M","M","E","R","BOSS","M","?","M","$","M","R","E","R","T","$","E","M","M","?","R","BOSS","M","$","M","?","?","R","M","R","T","R","M","M","M","?","R","BOSS","R","$","E","BOSS"],"build_version":"2019-01-23","purchased_purges":4,"victory":false,"max_hp_per_floor":[75,75,75,75,75,75,75,75,75,75,69,69,69,69,69,69,69,69,69,69,69,69,69,69,69,69,69,69,69,69,69,69,69,69,69,69,69,69,69,69,69,69,69,69,69,69,69,69,69,69,69,69,69,69,69],"card_choices":[{"not_picked":["Redo","Sunder"],"picked":"Defragment","floor":1},{"not_picked":["Doom and Gloom","Stack"],"picked":"Beam Cell","floor":5},{"not_picked":["Beam Cell","Leap"],"picked":"Genetic Algorithm","floor":7},{"not_picked":["Go for the Eyes","Turbo"],"picked":"Hologram","floor":12},{"not_picked":["Self Repair","Turbo"],"picked":"Defragment","floor":13},{"not_picked":["Reprogram","Stack"],"picked":"All For One","floor":14},{"not_picked":["Creative AI","Hyperbeam"],"picked":"Machine Learning","floor":16},{"not_picked":["Turbo+1","Leap"],"picked":"Go for the Eyes+1","floor":18},{"not_picked":["Leap","Beam Cell"],"picked":"Coolheaded","floor":20},{"not_picked":["Stack","Gash","Hologram"],"picked":"SKIP","floor":22},{"not_picked":["Compile Driver+1","Coolheaded"],"picked":"Sweeping Beam+1","floor":24},{"not_picked":["Reinforced Body+1","Sweeping Beam","Double Energy"],"picked":"SKIP","floor":28},{"not_picked":["Rebound","Go for the Eyes"],"picked":"Seek","floor":29},{"not_picked":["Turbo","Hologram"],"picked":"Force Field","floor":30},{"not_picked":["Streamline+1","Amplify"],"picked":"Glacier","floor":31},{"not_picked":["All For One","Buffer"],"picked":"Core Surge","floor":33},{"not_picked":["Streamline+1","Melter"],"picked":"Self Repair","floor":35},{"not_picked":["Storm+1","Turbo+1"],"picked":"FTL","floor":37},{"not_picked":["Tempest","Ball Lightning+1"],"picked":"Loop","floor":41},{"not_picked":["Lockon+1","Go for the Eyes","Chaos"],"picked":"SKIP","floor":45},{"not_picked":["Barrage","Go for the Eyes+1","Coolheaded"],"picked":"SKIP","floor":46},{"not_picked":["Double Energy","Barrage","Sweeping Beam+1"],"picked":"SKIP","floor":47},{"not_picked":["Hologram","All For One"],"picked":"Cold Snap+1","floor":54}],"player_experience":574623,"relics_obtained":[{"floor":9,"key":"Anchor"},{"floor":14,"key":"Tiny Chest"},{"floor":24,"key":"War Paint"},{"floor":26,"key":"Whetstone"},{"floor":28,"key":"PreservedInsect"},{"floor":31,"key":"Red Mask"},{"floor":54,"key":"Bronze Scales"}],"event_choices":[{"cards_removed":["Strike_B"],"damage_healed":0,"gold_gain":0,"player_choice":"Card Removal","damage_taken":0,"max_hp_gain":0,"max_hp_loss":0,"event_name":"The Cleric","floor":2,"gold_loss":50},{"damage_healed":0,"gold_gain":75,"player_choice":"Gather Gold","damage_taken":11,"max_hp_gain":0,"max_hp_loss":0,"event_name":"World of Goop","floor":3,"gold_loss":0},{"damage_healed":0,"gold_gain":0,"player_choice":"Lose Max HP","damage_taken":0,"relics_obtained":["Golden Idol"],"max_hp_gain":0,"max_hp_loss":6,"event_name":"Golden Idol","floor":11,"gold_loss":0},{"damage_healed":0,"gold_gain":0,"player_choice":"Obtained Relic","damage_taken":0,"relics_obtained":["Centennial Puzzle"],"max_hp_gain":0,"max_hp_loss":0,"event_name":"Addict","floor":19,"gold_loss":85},{"damage_healed":0,"gold_gain":0,"player_choice":"Fought Bandits","damage_taken":0,"max_hp_gain":0,"max_hp_loss":0,"event_name":"Masked Bandits","floor":31,"gold_loss":0},{"cards_removed":["Strike_B"],"damage_healed":0,"gold_gain":0,"player_choice":"Removed Attack","damage_taken":0,"max_hp_gain":0,"max_hp_loss":0,"event_name":"Falling","floor":38,"gold_loss":0},{"damage_healed":0,"gold_gain":0,"player_choice":"Ignored","damage_taken":0,"max_hp_gain":0,"max_hp_loss":0,"event_name":"The Moai Head","floor":39,"gold_loss":0},{"damage_healed":0,"gold_gain":222,"player_choice":"Wore Mask","damage_taken":0,"max_hp_gain":0,"max_hp_loss":0,"event_name":"Tomb of Lord Red Mask","floor":48,"gold_loss":0}],"is_beta":false,"boss_relics":[{"not_picked":["Eternal Feather","Calling Bell"],"picked":"Nuclear Battery"},{"not_picked":["Runic Dome","Runic Pyramid"],"picked":"Sozu"}],"items_purged_floors":[4,21,36,53],"is_endless":false,"potions_floor_spawned":[1,5,12,20,28,30,35,46,47],"killed_by":"The Heart","ascension_level":0}