{"gold_per_floor":[117,133,308,308,324,324,339,339,339,355,355,355,55,72,72,171,171,187,18,53,67,67,84,84,95,95,95,122,142,142,158,158,256,256,275,290,290,300,300,300,326,326,326,339,372,392,402,624,624,624,624,624,43,75,75],"floor_reached":55,"playtime":1592,"items_purged":["Strike_B","Doubt"],"score":796,"play_id":"01ee655f-3e61-4ccc-bbd6-cc2905164761","local_time":"20181208124042","is_ascension_mode":false,"campfire_choices":[{"data":"Zap","floor":6,"key":"SMITH"},{"data":"Dualcast","floor":8,"key":"SMITH"},{"data":"Sweeping Beam","floor":11,"key":"SMITH"},{"data":"Electrodynamics","floor":15,"key":"SMITH"},{"data":"Apotheosis","floor":24,"key":"SMITH"},{"data":"Creative AI","floor":27,"key":"SMITH"},{"data":"Defragment","floor":30,"key":"SMITH"},{"floor":32,"key":"REST"},{"floor":40,"key":"RECALL"},{"data":"Echo Form","floor":42,"key":"SMITH"},{"floor":49,"key":"REST"},{"data":"Storm","floor":52,"key":"SMITH"}],"neow_cost":"NONE","seed_source_timestamp":2019421486243279,"circlet_count":0,"master_deck":["Zap+1","Dualcast+1","Sweeping Beam+1","Conserve Battery","Defragment+1","Go for the Eyes","Electrodynamics+1","Melter","Conserve Battery","Creative AI+1","Stack","Apotheosis+1","Defragment+1","Storm+1","Barrage","Echo Form+1","Reinforced Body","Gash","Conserve Battery","Hologram","Reinforced Body","Ball Lightning+1","Self Repair+1","Ball Lightning+1","Conserve Battery+1","Double Energy+1","Static Discharge","Lockon","Undo","Leap","Electrodynamics"],"relics":["Cracked Core","NeowsBlessing","FaceOfCleric","Mummified Hand","Inserter","Red Mask","MutagenicStrength","Art of War","Pandora\u0027s Box","DataDisk","Pen Nib","Dream Catcher","Lantern","Bottled Lightning"],"potions_floor_usage":[16,28,28,29,33,38,41,45,54,55],"damage_taken":[{"damage":0,"enemies":"Jaw Worm","floor":1,"turns":1},{"damage":0,"enemies":"Small Slimes","floor":2,"turns":1},{"damage":0,"enemies":"Cultist","floor":5,"turns":1},{"damage":0,"enemies":"2 Fungi Beasts","floor":7,"turns":2},{"damage":8,"enemies":"Exordium Wildlife","floor":10,"turns":5},{"damage":0,"enemies":"Large Slime","floor":14,"turns":3},{"damage":41,"enemies":"Hexaghost","floor":16,"turns":10},{"damage":8,"enemies":"2 Thieves","floor":18,"turns":3},{"damage":3,"enemies":"Masked Bandits","floor":20,"turns":2},{"damage":4,"enemies":"Shell Parasite","floor":21,"turns":4},{"damage":1,"enemies":"Sentry and Sphere","floor":23,"turns":4},{"damage":0,"enemies":"Cultist and Chosen","floor":25,"turns":4},{"damage":13,"enemies":"Slavers","floor":28,"turns":3},{"damage":6,"enemies":"Centurion and Healer","floor":29,"turns":4},{"damage":23,"enemies":"3 Cultists","floor":31,"turns":5},{"damage":39,"enemies":"Collector","floor":33,"turns":7},{"damage":11,"enemies":"3 Shapes","floor":35,"turns":3},{"damage":4,"enemies":"Orb Walker","floor":36,"turns":3},{"damage":2,"enemies":"4 Shapes","floor":38,"turns":4},{"damage":21,"enemies":"Nemesis","floor":41,"turns":5},{"damage":0,"enemies":"Transient","floor":44,"turns":5},{"damage":30,"enemies":"Giant Head","floor":45,"turns":6},{"damage":14,"enemies":"Jaw Worm Horde","floor":46,"turns":3},{"damage":10,"enemies":"Maw","floor":47,"turns":5},{"damage":46,"enemies":"Donu and Deca","floor":50,"turns":5},{"damage":58,"enemies":"Shield and Spear","floor":54,"turns":5},{"damage":82,"enemies":"The Heart","floor":55,"turns":3}],"seed_played":"-7938995813204004809","potions_obtained":[{"floor":5,"key":"SpeedPotion"},{"floor":7,"key":"AttackPotion"},{"floor":10,"key":"SmokeBomb"},{"floor":18,"key":"Weak Potion"},{"floor":25,"key":"Energy Potion"},{"floor":28,"key":"FocusPotion"},{"floor":29,"key":"FocusPotion"},{"floor":35,"key":"AttackPotion"},{"floor":38,"key":"PowerPotion"},{"floor":45,"key":"SteroidPotion"},{"floor":54,"key":"AttackPotion"}],"is_trial":false,"path_per_floor":["M","M","?","?","M","R","M","R","T","M","R","?","$","M","R","B",null,"M","$","?","M","?","M","R","M","T","R","E","M","R","M","R","B",null,"M","M","?","M","?","R","E","R","T","M","E","M","M","?","R","B",null,"R","$","E","B"],"character_chosen":"DEFECT","items_purchased":["Electrodynamics","Melter","Apotheosis","Lockon","Lantern","Undo","Leap","Energy Potion","Electrodynamics"],"campfire_rested":2,"item_purchase_floors":[13,13,19,53,53,53,53,53,53],"current_hp_per_floor":[75,75,75,75,76,76,77,77,77,70,70,63,63,64,64,24,80,73,73,71,68,68,68,68,69,69,69,57,52,52,30,56,18,89,79,76,76,75,75,75,55,55,55,66,47,34,35,35,62,37,93,93,93,56,0],"gold":75,"neow_bonus":"THREE_ENEMY_KILL","is_prod":false,"is_daily":false,"chose_seed":false,"campfire_upgraded":9,"win_rate":0,"timestamp":1544240442,"path_taken":["M","M","?","?","?","R","M","R","T","M","R","?","?","M","R","BOSS","M","$","?","M","?","M","R","M","T","R","E","M","R","M","R","BOSS","M","M","?","M","?","R","E","R","T","M","E","M","M","?","R","BOSS","R","$","E","BOSS"],"build_version":"2018-12-06","purchased_purges":2,"victory":false,"max_hp_per_floor":[75,75,75,75,76,76,77,77,77,78,78,78,78,79,79,80,80,81,81,82,83,83,84,84,85,85,85,86,87,87,88,88,89,89,90,91,91,92,87,87,88,88,88,89,90,91,92,92,92,93,93,93,93,94,94],"card_choices":[{"not_picked":["Streamline","Sunder","Gash"],"picked":"SKIP","floor":1},{"not_picked":["Redo","Coolheaded"],"picked":"Sweeping Beam","floor":2},{"not_picked":["Darkness","Coolheaded"],"picked":"Conserve Battery","floor":5},{"not_picked":["Darkness","Go for the Eyes"],"picked":"Defragment","floor":7},{"not_picked":["Scrape","Genetic Algorithm"],"picked":"Go for the Eyes","floor":10},{"not_picked":["Multi-Cast","Hello World"],"picked":"Conserve Battery","floor":14},{"not_picked":["Electrodynamics","Core Surge"],"picked":"Creative AI","floor":16},{"not_picked":["Rip and Tear+1","Streamline"],"picked":"Stack","floor":18},{"not_picked":["Steam Power","Capacitor"],"picked":"Defragment+1","floor":20},{"not_picked":["Hologram","Recycle"],"picked":"Storm","floor":21},{"not_picked":["Skim","Leap","Conserve Battery"],"picked":"SKIP","floor":23},{"not_picked":["Meteor Strike","Leap","Turbo"],"picked":"SKIP","floor":25},{"not_picked":["Compile Driver","Beam Cell","Stack"],"picked":"SKIP","floor":28},{"not_picked":["Undo","Capacitor"],"picked":"Barrage","floor":29},{"not_picked":["Sunder","Beam Cell","Melter"],"picked":"SKIP","floor":31},{"not_picked":["Multi-Cast","Electrodynamics"],"picked":"Echo Form","floor":33},{"not_picked":["Chill","Cold Snap","Rebound"],"picked":"SKIP","floor":35},{"not_picked":["Sweeping Beam+1","Steam","Rip and Tear"],"picked":"SKIP","floor":36},{"not_picked":["Turbo","Steam+1"],"picked":"Ball Lightning+1","floor":38},{"not_picked":["Redo+1","Fusion+1"],"picked":"Self Repair+1","floor":41},{"not_picked":["Darkness","Beam Cell"],"picked":"Ball Lightning+1","floor":44},{"not_picked":["Chaos+1","Ball Lightning+1"],"picked":"Conserve Battery+1","floor":45},{"not_picked":["Steam","Redo"],"picked":"Double Energy+1","floor":46},{"not_picked":["Ball Lightning+1","Scrape+1","Conserve Battery"],"picked":"SKIP","floor":47},{"not_picked":["Force Field+1","Cold Snap"],"picked":"Static Discharge","floor":49},{"not_picked":["Compile Driver+1","Turbo","Static Discharge"],"picked":"SKIP","floor":54}],"player_experience":525702,"relics_obtained":[{"floor":9,"key":"Mummified Hand"},{"floor":20,"key":"Red Mask"},{"floor":28,"key":"Art of War"},{"floor":41,"key":"DataDisk"},{"floor":43,"key":"Pen Nib"},{"floor":45,"key":"Dream Catcher"},{"floor":54,"key":"Bottled Lightning"}],"event_choices":[{"damage_healed":0,"gold_gain":175,"player_choice":"AGREE","damage_taken":0,"max_hp_gain":0,"max_hp_loss":0,"event_name":"Liars Game","floor":3,"gold_loss":0,"cards_obtained":["Doubt"]},{"damage_healed":0,"gold_gain":0,"player_choice":"Trade","damage_taken":0,"relics_obtained":["FaceOfCleric"],"max_hp_gain":0,"max_hp_loss":0,"event_name":"FaceTrader","floor":4,"gold_loss":0},{"cards_removed":["Strike_B"],"damage_healed":0,"gold_gain":0,"player_choice":"Card Removal","damage_taken":7,"max_hp_gain":0,"max_hp_loss":0,"event_name":"Golden Wing","floor":12,"gold_loss":0},{"damage_healed":0,"gold_gain":0,"player_choice":"Fought Bandits","damage_taken":0,"max_hp_gain":0,"max_hp_loss":0,"event_name":"Masked Bandits","floor":20,"gold_loss":0},{"damage_healed":0,"gold_gain":0,"player_choice":"Inject Mutagens","damage_taken":0,"relics_obtained":["MutagenicStrength"],"max_hp_gain":0,"max_hp_loss":0,"event_name":"Drug Dealer","floor":22,"gold_loss":0},{"cards_removed":["Rebound"],"damage_healed":0,"gold_gain":0,"player_choice":"Removed Attack","damage_taken":0,"max_hp_gain":0,"max_hp_loss":0,"event_name":"Falling","floor":37,"gold_loss":0},{"damage_healed":0,"gold_gain":0,"player_choice":"Max HP","damage_taken":0,"max_hp_gain":0,"max_hp_loss":5,"event_name":"Winding Halls","floor":39,"gold_loss":0},{"damage_healed":0,"gold_gain":222,"player_choice":"Wore Mask","damage_taken":0,"max_hp_gain":0,"max_hp_loss":0,"event_name":"Tomb of Lord Red Mask","floor":48,"gold_loss":0}],"is_beta":false,"boss_relics":[{"not_picked":["Lizard Tail","Black Star"],"picked":"Inserter"},{"not_picked":["Empty Cage","Coffee Dripper"],"picked":"Pandora\u0027s Box"}],"items_purged_floors":[13,53],"is_endless":false,"potions_floor_spawned":[5,7,10,18,25,28,29,35,38,45,54],"killed_by":"The Heart","ascension_level":0}