{"gold_per_floor":[116,116,116,132,147,147,147,171,197,221,237,237,262,105,105,224,224,245,263,188,209,209,209,209],"floor_reached":24,"playtime":1167,"items_purged":["Zap"],"score":190,"play_id":"e4d38432-9e4b-45e7-89aa-3c3432e237ce","local_time":"20190422210024","is_ascension_mode":false,"campfire_choices":[{"data":"Chill","floor":6,"key":"SMITH"},{"floor":12,"key":"REST"},{"floor":15,"key":"RECALL"},{"floor":23,"key":"REST"}],"neow_cost":"CURSE","seed_source_timestamp":611021522373917,"circlet_count":0,"master_deck":["Strike_B","Strike_B","Strike_B","Strike_B","Defend_B","Defend_B","Defend_B","Dualcast","Core Surge","Genetic Algorithm","Chill+1","Redo+1","Conserve Battery","Cold Snap","Glacier","FTL","Echo Form","Capacitor","Barrage","Streamline"],"relics":["Cracked Core","Golden Idol","White Beast Statue"],"potions_floor_usage":[16,16,16],"damage_taken":[{"damage":2,"enemies":"Small Slimes","floor":1,"turns":2},{"damage":0,"enemies":"2 Louse","floor":4,"turns":2},{"damage":1,"enemies":"Cultist","floor":5,"turns":3},{"damage":0,"enemies":"3 Louse","floor":8,"turns":3},{"damage":1,"enemies":"Looter","floor":10,"turns":3},{"damage":4,"enemies":"Large Slime","floor":11,"turns":5},{"damage":0,"enemies":"Exordium Wildlife","floor":13,"turns":4},{"damage":57,"enemies":"The Guardian","floor":16,"turns":29},{"damage":14,"enemies":"3 Byrds","floor":18,"turns":8},{"damage":19,"enemies":"Chosen","floor":19,"turns":8},{"damage":24,"enemies":"3 Cultists","floor":21,"turns":9},{"damage":46,"enemies":"Gremlin Leader","floor":24,"turns":6}],"seed_played":"-6793286628233534306","potions_obtained":[{"floor":4,"key":"SpeedPotion"},{"floor":8,"key":"SkillPotion"},{"floor":10,"key":"Poison Potion"},{"floor":18,"key":"LiquidBronze"},{"floor":19,"key":"SteroidPotion"},{"floor":21,"key":"Ancient Potion"}],"is_trial":false,"path_per_floor":["M","?","?","M","M","R","?","M","T","M","M","R","M","$","R","B",null,"M","M","?","M","?","R","E"],"character_chosen":"DEFECT","items_purchased":["FTL"],"campfire_rested":2,"item_purchase_floors":[14],"current_hp_per_floor":[73,78,58,58,57,57,57,57,57,56,52,76,76,76,76,19,80,66,47,47,23,23,46,0],"gold":209,"neow_bonus":"THREE_RARE_CARDS","is_prod":false,"is_daily":false,"chose_seed":false,"campfire_upgraded":1,"win_rate":0,"timestamp":1555923624,"path_taken":["M","?","?","M","M","R","?","M","T","M","M","R","M","$","R","BOSS","M","M","?","M","?","R","E"],"build_version":"2019-01-23","purchased_purges":1,"victory":false,"max_hp_per_floor":[75,80,80,80,80,80,80,80,80,80,80,80,80,80,80,80,80,80,80,80,80,77,77,77],"card_choices":[{"not_picked":["Rainbow","Fission"],"picked":"Core Surge","floor":0},{"not_picked":["Tempest","Auto Shields"],"picked":"Genetic Algorithm","floor":1},{"not_picked":["Fusion","Hologram"],"picked":"Chill","floor":4},{"not_picked":["Steam","Chaos"],"picked":"Redo","floor":5},{"not_picked":["Compile Driver","Double Energy"],"picked":"Conserve Battery","floor":8},{"not_picked":["Barrage","Steam"],"picked":"Cold Snap","floor":10},{"not_picked":["Beam Cell","Storm"],"picked":"Glacier","floor":11},{"not_picked":["Consume","Reprogram","Steam"],"picked":"SKIP","floor":13},{"not_picked":["Electrodynamics","Rainbow"],"picked":"Echo Form","floor":16},{"not_picked":["Double Energy+1","Turbo"],"picked":"Capacitor","floor":18},{"not_picked":["Glacier","Ball Lightning"],"picked":"Barrage","floor":19},{"not_picked":["Sunder","Storm"],"picked":"Streamline","floor":21}],"player_experience":56156,"relics_obtained":[],"event_choices":[{"damage_healed":0,"gold_gain":0,"player_choice":"Donut","damage_taken":0,"max_hp_gain":5,"max_hp_loss":0,"event_name":"Big Fish","floor":2,"gold_loss":0},{"damage_healed":0,"gold_gain":0,"player_choice":"Take Damage","damage_taken":20,"relics_obtained":["Golden Idol"],"max_hp_gain":0,"max_hp_loss":0,"event_name":"Golden Idol","floor":3,"gold_loss":0},{"damage_healed":0,"gold_gain":0,"player_choice":"Upgraded","damage_taken":0,"max_hp_gain":0,"max_hp_loss":0,"event_name":"Upgrade Shrine","floor":7,"gold_loss":0,"cards_upgraded":["Redo"]},{"cards_removed":["Defend_B"],"damage_healed":0,"gold_gain":0,"player_choice":"Gave Gold","damage_taken":0,"max_hp_gain":0,"max_hp_loss":0,"event_name":"Beggar","floor":20,"gold_loss":75},{"cards_removed":["Parasite"],"damage_healed":0,"gold_gain":0,"player_choice":"Elegance","damage_taken":0,"max_hp_gain":0,"max_hp_loss":0,"event_name":"Back to Basics","floor":22,"gold_loss":0}],"is_beta":false,"boss_relics":[{"not_picked":["Lizard Tail","Black Star"],"picked":"White Beast Statue"}],"items_purged_floors":[14],"is_endless":false,"potions_floor_spawned":[4,8,10,18,19,21],"killed_by":"Gremlin Leader","ascension_level":0}