{"gold_per_floor":[110,210,226,226,4,4,17,17,42,69,88,88,118,118,118,218,218,232,157,58,75,75,75,90,90,90,90,108,135,135,155,155,257,257,275,275,275,275,288,306,326,326,350,350,361,379,393,408,408,408],"floor_reached":51,"playtime":1519,"items_purged":[],"score":849,"play_id":"f0bf464e-3397-45cc-bf66-ea0c14aa4e4e","local_time":"20181208110613","is_ascension_mode":true,"campfire_choices":[{"data":"Dualcast","floor":6,"key":"SMITH"},{"data":"Ball Lightning","floor":8,"key":"SMITH"},{"data":"Defragment","floor":12,"key":"SMITH"},{"data":"White Noise","floor":15,"key":"SMITH"},{"data":"Creative AI","floor":23,"key":"SMITH"},{"data":"Defragment","floor":25,"key":"SMITH"},{"data":"Defragment","floor":27,"key":"SMITH"},{"data":"Auto Shields","floor":30,"key":"SMITH"},{"data":"Conserve Battery","floor":32,"key":"SMITH"},{"data":"Conserve Battery","floor":44,"key":"SMITH"},{"data":"Chaos","floor":49,"key":"SMITH"}],"neow_cost":"NONE","seed_source_timestamp":2014051505904229,"circlet_count":0,"master_deck":["Zap+1","Dualcast+1","BootSequence","White Noise+1","Ball Lightning+1","Defragment+1","FTL+1","Creative AI+1","Melter+1","Auto Shields+1","Cold Snap+1","Defragment+1","Conserve Battery+1","Chaos+1","Lockon+1","Conserve Battery+1","Defragment+1","Self Repair","Sweeping Beam+1","Ball Lightning+1","Barrage+1","Lockon+1","Deep Breath","Defragment+1","Go for the Eyes+1","Steam+1","Leap+1"],"relics":["Cracked Core","NeowsBlessing","Lantern","Bag of Marbles","Molten Egg 2","Strawberry","Pandora\u0027s Box","Unceasing Top","Bronze Scales","Nuclear Battery","Orichalcum"],"potions_floor_usage":[18,29,33,33,41,50],"damage_taken":[{"damage":0,"enemies":"Cultist","floor":1,"turns":1},{"damage":0,"enemies":"Jaw Worm","floor":3,"turns":1},{"damage":0,"enemies":"2 Louse","floor":7,"turns":1},{"damage":5,"enemies":"3 Sentries","floor":10,"turns":5},{"damage":0,"enemies":"Large Slime","floor":11,"turns":4},{"damage":58,"enemies":"Hexaghost","floor":16,"turns":8},{"damage":0,"enemies":"3 Byrds","floor":18,"turns":3},{"damage":1,"enemies":"Shell Parasite","floor":21,"turns":3},{"damage":6,"enemies":"3 Cultists","floor":24,"turns":4},{"damage":2,"enemies":"Snecko","floor":28,"turns":5},{"damage":22,"enemies":"Book of Stabbing","floor":29,"turns":4},{"damage":0,"enemies":"Snake Plant","floor":31,"turns":3},{"damage":21,"enemies":"Champ","floor":33,"turns":6},{"damage":10,"enemies":"3 Shapes","floor":35,"turns":3},{"damage":6,"enemies":"Orb Walker","floor":39,"turns":2},{"damage":0,"enemies":"4 Shapes","floor":40,"turns":2},{"damage":2,"enemies":"Jaw Worm Horde","floor":41,"turns":3},{"damage":14,"enemies":"Spire Growth","floor":45,"turns":3},{"damage":8,"enemies":"3 Darklings","floor":46,"turns":3},{"damage":0,"enemies":"Maw","floor":47,"turns":5},{"damage":1,"enemies":"4 Shapes","floor":48,"turns":4},{"damage":6,"enemies":"Donu and Deca","floor":50,"turns":5}],"seed_played":"4932102392819164795","potions_obtained":[{"floor":16,"key":"EssenceOfSteel"},{"floor":21,"key":"PowerPotion"},{"floor":28,"key":"SkillPotion"},{"floor":31,"key":"Regen Potion"},{"floor":35,"key":"Poison Potion"},{"floor":39,"key":"SpeedPotion"},{"floor":47,"key":"Energy Potion"}],"is_trial":false,"path_per_floor":["M","?","M","?","$","R","M","R","T","E","M","R","?","?","R","B",null,"M","?","$","M","?","R","M","R","T","R","M","E","R","M","R","B",null,"M","?","?","?","M","M","M","?","T","R","M","M","M","M","R","B",null],"character_chosen":"DEFECT","items_purchased":["Lantern","White Noise","Conserve Battery","Defragment"],"campfire_rested":0,"item_purchase_floors":[5,5,20,20],"current_hp_per_floor":[75,75,75,75,75,75,75,75,75,70,70,70,77,82,82,24,71,71,71,71,70,70,70,71,71,71,71,76,54,54,54,54,55,79,76,76,76,76,70,77,82,82,82,82,75,74,81,83,83,83],"gold":408,"neow_bonus":"THREE_ENEMY_KILL","is_prod":false,"is_daily":false,"chose_seed":false,"campfire_upgraded":11,"win_rate":0,"timestamp":1544234773,"path_taken":["M","?","?","?","$","R","?","R","T","E","M","R","?","?","R","BOSS","M","?","$","M","?","R","M","R","T","R","M","E","R","M","R","BOSS","M","?","?","?","M","M","M","?","T","R","M","M","M","?","R","BOSS"],"build_version":"2018-12-06","purchased_purges":0,"victory":true,"max_hp_per_floor":[75,75,75,75,75,75,75,75,75,75,75,75,82,87,87,87,87,87,87,87,87,87,87,87,87,87,87,87,87,87,87,87,87,87,87,87,83,83,83,83,83,83,83,83,83,83,83,83,83,83],"card_choices":[{"not_picked":["Coolheaded","Stack","Hello World"],"picked":"SKIP","floor":1},{"not_picked":["Beam Cell","Cold Snap"],"picked":"BootSequence","floor":3},{"not_picked":["Auto Shields","Streamline"],"picked":"Ball Lightning","floor":7},{"not_picked":["Static Discharge","Ball Lightning"],"picked":"Defragment","floor":10},{"not_picked":["Turbo","Streamline+1"],"picked":"FTL+1","floor":11},{"not_picked":["All For One+1","Hyperbeam+1"],"picked":"Creative AI","floor":16},{"not_picked":["Cold Snap+1","Fusion"],"picked":"Lockon+1","floor":18},{"not_picked":["Rebound+1","Scrape+1"],"picked":"Self Repair","floor":21},{"not_picked":["Blizzard+1","Rebound+1"],"picked":"Sweeping Beam+1","floor":24},{"not_picked":["Barrage+1","Steam"],"picked":"Ball Lightning+1","floor":28},{"not_picked":["Force Field","Turbo"],"picked":"Barrage+1","floor":29},{"not_picked":["Chaos","All For One+1"],"picked":"Lockon+1","floor":31},{"not_picked":["Genetic Algorithm","Chaos+1","Skim+1"],"picked":"SKIP","floor":35},{"not_picked":["Discovery","Swift Strike+1"],"picked":"Deep Breath","floor":36},{"not_picked":["Gash+1","Heatsinks"],"picked":"Defragment+1","floor":39},{"not_picked":["Barrage+1","Gash+1","Cold Snap+1"],"picked":"SKIP","floor":40},{"not_picked":["Redo+1","Stack+1","Sweeping Beam+1"],"picked":"SKIP","floor":41},{"not_picked":["Streamline+1","Rainbow"],"picked":"Go for the Eyes+1","floor":45},{"not_picked":["Hologram+1","Coolheaded"],"picked":"Steam+1","floor":46},{"not_picked":["Go for the Eyes+1","Coolheaded","Compile Driver+1"],"picked":"SKIP","floor":47},{"not_picked":["Turbo","Fusion"],"picked":"Leap+1","floor":48}],"player_experience":520574,"relics_obtained":[{"floor":9,"key":"Bag of Marbles"},{"floor":10,"key":"Molten Egg 2"},{"floor":26,"key":"Unceasing Top"},{"floor":29,"key":"Bronze Scales"},{"floor":43,"key":"Orichalcum"}],"event_choices":[{"damage_healed":0,"gold_gain":100,"player_choice":"Pray","damage_taken":0,"max_hp_gain":0,"max_hp_loss":0,"event_name":"Golden Shrine","floor":2,"gold_loss":0},{"damage_healed":0,"gold_gain":0,"player_choice":"Upgraded","damage_taken":0,"max_hp_gain":0,"max_hp_loss":0,"event_name":"Upgrade Shrine","floor":4,"gold_loss":0,"cards_upgraded":["Zap"]},{"damage_healed":0,"gold_gain":30,"player_choice":"Searched \u00272\u0027 times","damage_taken":0,"relics_obtained":["Strawberry"],"max_hp_gain":0,"max_hp_loss":0,"event_name":"Dead Adventurer","floor":13,"gold_loss":0},{"damage_healed":0,"gold_gain":0,"player_choice":"Donut","damage_taken":0,"max_hp_gain":5,"max_hp_loss":0,"event_name":"Big Fish","floor":14,"gold_loss":0},{"cards_removed":["Blizzard"],"damage_healed":0,"gold_gain":0,"player_choice":"Gave Gold","damage_taken":0,"max_hp_gain":0,"max_hp_loss":0,"event_name":"Beggar","floor":19,"gold_loss":75},{"damage_healed":0,"gold_gain":0,"player_choice":"Ignored","damage_taken":0,"max_hp_gain":0,"max_hp_loss":0,"event_name":"Ghosts","floor":22,"gold_loss":0},{"damage_healed":0,"gold_gain":0,"player_choice":"Memory 1","damage_taken":0,"max_hp_gain":0,"max_hp_loss":0,"event_name":"SensoryStone","floor":36,"gold_loss":0},{"damage_healed":0,"gold_gain":0,"player_choice":"Max HP","damage_taken":0,"max_hp_gain":0,"max_hp_loss":4,"event_name":"Winding Halls","floor":37,"gold_loss":0},{"cards_removed":["Gash"],"damage_healed":0,"gold_gain":0,"player_choice":"Removed Attack","damage_taken":0,"max_hp_gain":0,"max_hp_loss":0,"event_name":"Falling","floor":38,"gold_loss":0},{"damage_healed":0,"gold_gain":0,"player_choice":"Ignored","damage_taken":0,"max_hp_gain":0,"max_hp_loss":0,"event_name":"SecretPortal","floor":42,"gold_loss":0}],"is_beta":false,"boss_relics":[{"not_picked":["Runic Dome","Velvet Choker"],"picked":"Pandora\u0027s Box"},{"not_picked":["Black Star","Empty Cage"],"picked":"Nuclear Battery"}],"items_purged_floors":[],"is_endless":false,"potions_floor_spawned":[16,21,28,31,35,39,47],"ascension_level":5}