{"gold_per_floor":[116,131,131,146,146,146,174,174],"floor_reached":8,"playtime":257,"items_purged":[],"score":62,"play_id":"95464835-2597-403c-8034-a15af6b7f0b1","local_time":"20190427153647","is_ascension_mode":true,"campfire_choices":[{"floor":6,"key":"REST"}],"neow_cost":"PERCENT_DAMAGE","seed_source_timestamp":1024513501015172,"circlet_count":0,"master_deck":["Defend_G+1","Defend_G","Defend_G","Defend_G+1","Defend_G","Strike_G","Strike_G","Strike_G","Strike_G","Strike_G","Survivor","Neutralize+1","Deflect","Dodge and Roll","Deflect","Caltrops"],"relics":["Ring of the Snake","Omamori"],"potions_floor_usage":[],"damage_taken":[{"damage":0,"enemies":"2 Louse","floor":1,"turns":3},{"damage":4,"enemies":"Jaw Worm","floor":2,"turns":7},{"damage":2,"enemies":"Cultist","floor":4,"turns":4},{"damage":53,"enemies":"Gremlin Nob","floor":7,"turns":9},{"damage":22,"enemies":"Exordium Thugs","floor":8,"turns":4}],"seed_played":"7829760819635397839","potions_obtained":[{"floor":7,"key":"GamblersBrew"}],"is_trial":false,"path_per_floor":["M","M","?","M","?","R","E","M"],"character_chosen":"THE_SILENT","items_purchased":[],"campfire_rested":1,"item_purchase_floors":[],"current_hp_per_floor":[63,59,42,40,40,65,12,0],"gold":174,"neow_bonus":"TWENTY_PERCENT_HP_BONUS","is_prod":false,"is_daily":false,"chose_seed":false,"campfire_upgraded":0,"win_rate":0,"timestamp":1556336207,"path_taken":["M","M","?","M","?","R","E","M"],"build_version":"2019-01-23","purchased_purges":0,"victory":false,"max_hp_per_floor":[84,84,84,84,84,84,84,84],"card_choices":[{"not_picked":["Dagger Throw","Blade Dance"],"picked":"Deflect","floor":1},{"not_picked":["Deflect","Backflip"],"picked":"Dodge and Roll","floor":2},{"not_picked":["Bane","Masterful Stab"],"picked":"Deflect","floor":4},{"not_picked":["Die Die Die","Dodge and Roll"],"picked":"Caltrops","floor":7}],"player_experience":94261,"relics_obtained":[{"floor":7,"key":"Omamori"}],"event_choices":[{"damage_healed":0,"gold_gain":0,"player_choice":"Entered Light","damage_taken":17,"max_hp_gain":0,"max_hp_loss":0,"event_name":"Shining Light","floor":3,"gold_loss":0,"cards_upgraded":["Defend_G","Defend_G"]},{"damage_healed":0,"gold_gain":0,"player_choice":"Grow","damage_taken":0,"max_hp_gain":0,"max_hp_loss":0,"event_name":"Living Wall","floor":5,"gold_loss":0,"cards_upgraded":["Neutralize"]}],"is_beta":false,"boss_relics":[],"items_purged_floors":[],"is_endless":false,"potions_floor_spawned":[7],"killed_by":"Exordium Thugs","ascension_level":2}