{"gold_per_floor":[112,37,53,71,82,82,115,115,115,136,147,147,163,163,163,163],"floor_reached":16,"playtime":882,"items_purged":["Strike_G"],"score":128,"play_id":"c6c968e5-bfcf-4cc9-8292-8a847f64fffd","local_time":"20180920191302","is_ascension_mode":true,"campfire_choices":[{"data":"Neutralize","floor":6,"key":"SMITH"},{"data":"Envenom","floor":8,"key":"SMITH"},{"data":"Blade Dance","floor":12,"key":"SMITH"},{"floor":15,"key":"REST"}],"neow_cost":"NONE","seed_source_timestamp":392155710185807,"circlet_count":0,"master_deck":["Defend_G","Defend_G","Defend_G","Defend_G","Defend_G","Strike_G","Strike_G","Strike_G","Strike_G","Survivor","Neutralize+1","Blade Dance+1","Accuracy","Deflect","Envenom+1","Backflip","Dagger Spray"],"relics":["Ring of the Snake","Ginger","Nunchaku","Odd Mushroom"],"potions_floor_usage":[7,10,11],"damage_taken":[{"damage":0,"enemies":"Jaw Worm","floor":1,"turns":6},{"damage":0,"enemies":"2 Louse","floor":3,"turns":4},{"damage":1,"enemies":"Small Slimes","floor":4,"turns":6},{"damage":4,"enemies":"Looter","floor":5,"turns":5},{"damage":26,"enemies":"3 Sentries","floor":7,"turns":11},{"damage":19,"enemies":"The Mushroom Lair","floor":10,"turns":5},{"damage":0,"enemies":"Gremlin Gang","floor":11,"turns":3},{"damage":0,"enemies":"2 Fungi Beasts","floor":13,"turns":4},{"damage":24,"enemies":"Hexaghost","floor":16,"turns":9}],"seed_played":"1424477777277630008","potions_obtained":[{"floor":4,"key":"Energy Potion"},{"floor":5,"key":"LiquidBronze"},{"floor":10,"key":"Explosive Potion"}],"is_trial":false,"path_per_floor":["M","$","M","M","M","R","E","R","T","?","M","R","M","?","R"],"character_chosen":"THE_SILENT","items_purchased":[],"campfire_rested":1,"item_purchase_floors":[],"current_hp_per_floor":[70,70,70,69,65,65,39,39,39,20,20,20,20,20,41,17],"gold":163,"neow_bonus":"THREE_CARDS","is_prod":false,"is_daily":false,"chose_seed":false,"campfire_upgraded":3,"win_rate":0,"timestamp":1537438382,"path_taken":["M","$","M","M","M","R","E","R","T","?","M","R","?","?","R","BOSS"],"build_version":"2018-09-06","purchased_purges":1,"victory":false,"max_hp_per_floor":[70,70,70,70,70,70,70,70,70,70,70,70,70,70,70,70],"card_choices":[{"not_picked":["Dagger Spray","Slice"],"picked":"Blade Dance","floor":0},{"not_picked":["Dagger Throw","Leg Sweep","Flying Knee"],"picked":"SKIP","floor":1},{"not_picked":["Prepared","Outmaneuver","Underhanded Strike"],"picked":"SKIP","floor":3},{"not_picked":["Deadly Poison","Backflip"],"picked":"Accuracy","floor":4},{"not_picked":["Sucker Punch","Prepared"],"picked":"Deflect","floor":5},{"not_picked":["Outmaneuver","Eviscerate"],"picked":"Envenom","floor":7},{"not_picked":["Dodge and Roll","Escape Plan"],"picked":"Backflip","floor":10},{"not_picked":["Bouncing Flask","Dagger Throw","Caltrops"],"picked":"SKIP","floor":11},{"not_picked":["Slice","Flying Knee"],"picked":"Dagger Spray","floor":13}],"player_experience":296924,"relics_obtained":[{"floor":7,"key":"Ginger"},{"floor":9,"key":"Nunchaku"},{"floor":10,"key":"Odd Mushroom"}],"event_choices":[{"event_name":"Mushrooms","player_choice":"Fought Mushrooms","floor":10,"damage_taken":0},{"event_name":"Shining Light","player_choice":"Ignored","floor":14,"damage_taken":0}],"is_beta":false,"boss_relics":[],"items_purged_floors":[2],"is_endless":false,"potions_floor_spawned":[4,5,10],"killed_by":"Hexaghost","ascension_level":5}