{"gold_per_floor":[116,7,25,25,25,25,36,36,36,54,74,74,84,114,114,216,216,229,229,65,65,65,65,0,0,26,46,46,46,62,80,80,185,185,199,217,217,94,110,110,110,110,110,110,110,128,144,19,19,19],"floor_reached":50,"playtime":2675,"items_purged":["Shame","Shame","Strike_G+1"],"score":625,"play_id":"63f39738-9cca-4305-b2f8-5e9c0a8932ac","local_time":"20180920185809","is_ascension_mode":true,"campfire_choices":[{"data":"Neutralize","floor":6,"key":"SMITH"},{"data":"Noxious Fumes","floor":8,"key":"SMITH"},{"data":"Noxious Fumes","floor":12,"key":"SMITH"},{"data":"Deadly Poison","floor":15,"key":"SMITH"},{"data":"After Image","floor":23,"key":"SMITH"},{"data":"Bullet Time","floor":25,"key":"SMITH"},{"data":"Poisoned Stab","floor":29,"key":"SMITH"},{"data":"Deadly Poison","floor":32,"key":"SMITH"},{"data":"Backflip","floor":40,"key":"SMITH"},{"data":"Poisoned Stab","floor":42,"key":"SMITH"},{"data":"Survivor","floor":44,"key":"SMITH"},{"floor":49,"key":"REST"}],"neow_cost":"CURSE","seed_source_timestamp":389470462444952,"circlet_count":0,"master_deck":["Defend_G+1","Defend_G+1","Defend_G+1","Defend_G+1","Defend_G+1","Strike_G+1","Strike_G+1","Strike_G+1","Survivor+1","Neutralize+1","Backflip+1","Noxious Fumes+1","Noxious Fumes+1","Bane","Deadly Poison+1","Bullet Time+1","Deflect+1","After Image+1","Poisoned Stab+1","Noxious Fumes+1","Deadly Poison+1","PiercingWail","Burst","Deflect+1","Well Laid Plans+1","Bane","Backflip+1","Poisoned Stab+1","Noxious Fumes+1","Master of Strategy","PiercingWail","Backflip"],"relics":["Ring of the Snake","Pocketwatch","NlothsMask","Black Star","Frozen Egg 2","Orichalcum","Orrery","FossilizedHelix"],"potions_floor_usage":[16,16,18,30,39,50],"damage_taken":[{"damage":2,"enemies":"Small Slimes","floor":1,"turns":5},{"damage":0,"enemies":"2 Louse","floor":3,"turns":4},{"damage":0,"enemies":"Cultist","floor":7,"turns":4},{"damage":24,"enemies":"Lots of Slimes","floor":10,"turns":4},{"damage":3,"enemies":"Large Slime","floor":11,"turns":6},{"damage":1,"enemies":"Blue Slaver","floor":13,"turns":4},{"damage":0,"enemies":"Hexaghost","floor":16,"turns":8},{"damage":9,"enemies":"Shell Parasite","floor":18,"turns":5},{"damage":1,"enemies":"Chosen","floor":27,"turns":5},{"damage":4,"enemies":"Snake Plant","floor":30,"turns":5},{"damage":8,"enemies":"Snecko","floor":31,"turns":5},{"damage":19,"enemies":"Champ","floor":33,"turns":10},{"damage":3,"enemies":"Orb Walker","floor":35,"turns":5},{"damage":14,"enemies":"3 Shapes","floor":36,"turns":6},{"damage":12,"enemies":"Sphere and 2 Shapes","floor":39,"turns":6},{"damage":0,"enemies":"Spire Growth","floor":46,"turns":6},{"damage":1,"enemies":"3 Darklings","floor":47,"turns":5},{"damage":49,"enemies":"Awakened One","floor":50,"turns":3}],"seed_played":"-8048978498615349515","potions_obtained":[{"floor":1,"key":"Swift Potion"},{"floor":10,"key":"EssenceOfSteel"},{"floor":11,"key":"AttackPotion"},{"floor":16,"key":"Weak Potion"},{"floor":33,"key":"Ancient Potion"},{"floor":36,"key":"SpeedPotion"},{"floor":47,"key":"Strength Potion"}],"is_trial":false,"path_per_floor":["M","$","M","?","?","R","M","R","T","M","M","R","M","?","R","B",null,"M","?","$","?","$","R","?","R","T","M","?","R","M","M","R","B",null,"M","M","?","$","M","R","?","R","T","R","$","M","M","$","R"],"character_chosen":"THE_SILENT","items_purchased":["Noxious Fumes","After Image","Poisoned Stab"],"campfire_rested":1,"item_purchase_floors":[2,20,38],"current_hp_per_floor":[68,68,68,68,68,68,68,68,68,44,41,41,40,40,40,40,63,54,54,54,54,54,54,54,54,54,53,53,53,49,41,41,22,58,55,41,41,41,29,29,29,29,29,29,29,29,28,28,49,0],"gold":19,"neow_bonus":"ONE_RARE_RELIC","is_prod":false,"is_daily":false,"chose_seed":false,"campfire_upgraded":11,"win_rate":0,"timestamp":1537437489,"path_taken":["M","$","M","?","?","R","M","R","T","M","M","R","M","?","R","BOSS","M","?","?","?","$","R","?","R","T","M","?","R","M","M","R","BOSS","M","?","?","$","M","R","?","R","T","R","$","M","M","?","R","BOSS"],"build_version":"2018-09-06","purchased_purges":3,"victory":false,"max_hp_per_floor":[70,70,70,70,70,70,70,70,70,70,70,70,70,70,70,70,70,70,70,70,70,70,70,70,70,70,70,70,70,70,70,70,70,70,70,70,70,70,70,70,70,70,70,70,70,70,70,70,70,70],"card_choices":[{"not_picked":["Outmaneuver","Underhanded Strike"],"picked":"Backflip","floor":1},{"not_picked":["Deflect","Endless Agony","Prepared"],"picked":"SKIP","floor":3},{"not_picked":["PiercingWail","Blade Dance"],"picked":"Noxious Fumes","floor":7},{"not_picked":["Concentrate","Eviscerate","Sucker Punch"],"picked":"SKIP","floor":10},{"not_picked":["Deflect","Sucker Punch"],"picked":"Bane","floor":11},{"not_picked":["Tactician","Eviscerate"],"picked":"Deadly Poison","floor":13},{"not_picked":["Night Terror","Corpse Explosion"],"picked":"Bullet Time","floor":16},{"not_picked":["Prepared","Blade Dance"],"picked":"Deflect+1","floor":18},{"not_picked":["Bouncing Flask","All Out Attack"],"picked":"Poisoned Stab","floor":27},{"not_picked":["Skewer","PiercingWail"],"picked":"Deadly Poison","floor":30},{"not_picked":["Crippling Poison","Poisoned Stab"],"picked":"PiercingWail","floor":31},{"not_picked":["Storm of Steel","Bullet Time"],"picked":"Burst","floor":33},{"not_picked":["Dagger Throw","Underhanded Strike"],"picked":"Deflect+1","floor":34},{"not_picked":["Sucker Punch+1","Deflect"],"picked":"Well Laid Plans+1","floor":34},{"not_picked":["Blade Dance+1","Flying Knee"],"picked":"Bane","floor":34},{"not_picked":["Dagger Spray","Escape Plan"],"picked":"Backflip+1","floor":34},{"not_picked":["Dagger Spray","Accuracy+1","Doppelganger"],"picked":"SKIP","floor":35},{"not_picked":["Sucker Punch","Tactician+1","Expertise+1"],"picked":"SKIP","floor":36},{"not_picked":["Finisher+1","Outmaneuver+1"],"picked":"Noxious Fumes+1","floor":39},{"not_picked":["Forethought","Violence"],"picked":"Master of Strategy","floor":41},{"not_picked":["Sucker Punch+1","Slice+1"],"picked":"PiercingWail","floor":46},{"not_picked":["Acrobatics+1","Infinite Blades+1"],"picked":"Backflip","floor":47}],"player_experience":294249,"relics_obtained":[{"floor":26,"key":"Orichalcum"},{"floor":43,"key":"FossilizedHelix"}],"event_choices":[{"event_name":"The Cleric","player_choice":"Leave","floor":4,"damage_taken":0},{"event_name":"FaceTrader","player_choice":"Trade","floor":5,"damage_taken":0},{"event_name":"Dead Adventurer","player_choice":"Searched \u00272\u0027 times","floor":14,"damage_taken":0},{"event_name":"Back to Basics","player_choice":"Simplicity","floor":19,"damage_taken":0},{"event_name":"Addict","player_choice":"Stole Relic","floor":21,"damage_taken":0},{"event_name":"Masked Bandits","player_choice":"Paid Fearfully","floor":24,"damage_taken":0},{"event_name":"Match and Keep!","player_choice":"1 cards matched","floor":28,"damage_taken":0},{"event_name":"Falling","player_choice":"Removed Attack","floor":37,"damage_taken":0},{"event_name":"SensoryStone","player_choice":"Memory 1","floor":41,"damage_taken":0}],"is_beta":false,"boss_relics":[{"not_picked":["Lizard Tail","Tiny House"],"picked":"Black Star"},{"not_picked":["WristBlade","Fusion Hammer"],"picked":"Orrery"}],"items_purged_floors":[2,38,48],"is_endless":false,"potions_floor_spawned":[1,10,11,16,33,36,47],"killed_by":"Awakened One","ascension_level":5}