{"gold_per_floor":[110,122,122,137,4,38,38,65,140,157,232,264,276,136,136,232,232,247,261,261,261,271,297,315,315,315,345,363,363,377,66,66,169,169,169,169,179,198,208,240,240,254,281,281,281,297,297,28,28,28],"floor_reached":51,"playtime":5940,"items_purged":["Strike_G","Strike_G"],"score":863,"play_id":"7831cfcd-e0c3-419e-a6c0-3c5ce2ae3a70","local_time":"20190514212722","is_ascension_mode":true,"campfire_choices":[{"data":"Glass Knife","floor":7,"key":"SMITH"},{"data":"Trip","floor":15,"key":"SMITH"},{"floor":25,"key":"REST"},{"data":"Neutralize","floor":29,"key":"SMITH"},{"floor":32,"key":"REST"},{"floor":41,"key":"REST"},{"floor":47,"key":"REST"},{"data":"Noxious Fumes","floor":49,"key":"SMITH"}],"neow_cost":"NONE","seed_source_timestamp":783391620800,"circlet_count":0,"master_deck":["Defend_G","Defend_G","Defend_G","Defend_G","Defend_G","Strike_G","Survivor","Neutralize+1","Quick Slash","Dash","Unload","Endless Agony","Trip+1","Glass Knife+1","Backflip","Backstab","Deflect","Leg Sweep","Adrenaline","Dash","Well Laid Plans","Cloak And Dagger","Adrenaline","Cloak And Dagger+1","Noxious Fumes+1","Dark Shackles","Bullet Time","Backflip+1","Dodge and Roll+1","Catalyst+1","Leg Sweep+1","Parasite","Poisoned Stab+1","Clumsy","Secret Technique","Blade Dance+1","Bouncing Flask","Infinite Blades"],"relics":["Ring of the Snake","Du-Vu Doll","Lantern","Bottled Lightning","MawBank","Cursed Key","Ginger","Molten Egg 2","Unceasing Top","Potion Belt","Calling Bell","Torii","The Courier","Art of War","Happy Flower","Anchor"],"potions_floor_usage":[33,35,40,50,50],"damage_taken":[{"damage":0,"enemies":"2 Louse","floor":1,"turns":3},{"damage":0,"enemies":"Small Slimes","floor":2,"turns":3},{"damage":0,"enemies":"Jaw Worm","floor":4,"turns":4},{"damage":17,"enemies":"Gremlin Nob","floor":6,"turns":4},{"damage":3,"enemies":"Lagavulin","floor":8,"turns":3},{"damage":0,"enemies":"Large Slime","floor":10,"turns":3},{"damage":4,"enemies":"3 Sentries","floor":12,"turns":5},{"damage":0,"enemies":"Slime Boss","floor":16,"turns":4},{"damage":0,"enemies":"Chosen","floor":18,"turns":2},{"damage":0,"enemies":"3 Byrds","floor":19,"turns":4},{"damage":0,"enemies":"Centurion and Healer","floor":22,"turns":5},{"damage":44,"enemies":"Gremlin Leader","floor":23,"turns":9},{"damage":5,"enemies":"3 Cultists","floor":24,"turns":5},{"damage":0,"enemies":"Slavers","floor":27,"turns":3},{"damage":0,"enemies":"Snecko","floor":28,"turns":3},{"damage":0,"enemies":"Centurion and Healer","floor":30,"turns":2},{"damage":16,"enemies":"Champ","floor":33,"turns":12},{"damage":0,"enemies":"3 Darklings","floor":35,"turns":1},{"damage":1,"enemies":"3 Shapes","floor":37,"turns":3},{"damage":15,"enemies":"Spire Growth","floor":38,"turns":5},{"damage":2,"enemies":"Sphere and 2 Shapes","floor":39,"turns":5},{"damage":35,"enemies":"Giant Head","floor":40,"turns":10},{"damage":26,"enemies":"Writhing Mass","floor":42,"turns":10},{"damage":9,"enemies":"4 Shapes","floor":46,"turns":10},{"damage":32,"enemies":"Time Eater","floor":50,"turns":10}],"seed_played":"-7923968504482961189","potions_obtained":[{"floor":0,"key":"SmokeBomb"},{"floor":0,"key":"EntropicBrew"},{"floor":0,"key":"SneckoOil"},{"floor":2,"key":"FairyPotion"},{"floor":38,"key":"FairyPotion"},{"floor":39,"key":"Dexterity Potion"}],"is_trial":false,"path_per_floor":["M","M","?","M","$","E","R","E","T","M","?","E","?","$","R","B",null,"M","M","?","?","M","E","M","R","T","E","M","R","M","$","R","B",null,"M","?","M","M","M","E","R","M","T","?","?","M","R","$","R","B",null],"character_chosen":"THE_SILENT","items_purchased":["Endless Agony","Trip","Leg Sweep","Noxious Fumes","Potion Belt","PowerPotion","Dark Shackles","Bouncing Flask","SteroidPotion","Ancient Potion","Infinite Blades"],"campfire_rested":4,"item_purchase_floors":[5,5,14,31,31,31,31,48,48,48,48],"current_hp_per_floor":[70,70,63,63,63,46,46,43,43,43,32,28,45,45,45,45,70,70,70,70,70,70,26,21,42,42,42,42,42,42,42,63,47,70,70,67,66,51,49,14,34,8,8,59,54,45,59,59,59,27],"gold":28,"neow_bonus":"THREE_SMALL_POTIONS","is_prod":false,"is_daily":false,"chose_seed":false,"campfire_upgraded":4,"win_rate":0,"timestamp":1557883642,"path_taken":["M","M","?","M","$","E","R","E","T","M","?","E","?","?","R","BOSS","M","M","?","?","M","E","?","R","T","E","M","R","M","$","R","BOSS","M","?","?","M","?","E","R","M","T","?","?","M","R","$","R","BOSS"],"build_version":"2019-01-23","purchased_purges":2,"victory":true,"max_hp_per_floor":[70,70,70,70,70,70,70,70,70,70,70,70,70,70,70,70,70,70,70,70,70,70,70,70,70,70,70,70,70,70,70,70,70,70,70,67,67,67,67,67,67,67,67,59,59,59,59,59,59,59],"card_choices":[{"not_picked":["Blade Dance","Distraction"],"picked":"Quick Slash","floor":1},{"not_picked":["Deadly Poison","Quick Slash"],"picked":"Dash","floor":2},{"not_picked":["Escape Plan","Cloak And Dagger"],"picked":"Unload","floor":4},{"not_picked":["Blade Dance","Flying Knee"],"picked":"Glass Knife","floor":6},{"not_picked":["Heel Hook","Masterful Stab"],"picked":"Backflip","floor":8},{"not_picked":["Noxious Fumes","Choke"],"picked":"Backstab","floor":10},{"not_picked":["Tactician","Skewer"],"picked":"Deflect","floor":12},{"not_picked":["Storm of Steel","Venomology"],"picked":"Adrenaline","floor":16},{"not_picked":["Poisoned Stab+1","Dagger Spray","Slice"],"picked":"SKIP","floor":18},{"not_picked":["Dagger Throw","Acrobatics"],"picked":"Dash","floor":19},{"not_picked":["Dagger Spray","Slice"],"picked":"Cloak And Dagger","floor":22},{"not_picked":["Unload","Slice+1","Tactician"],"picked":"SKIP","floor":23},{"not_picked":["Poisoned Stab","Quick Slash","Backflip"],"picked":"SKIP","floor":24},{"not_picked":["Bane+1","Backflip"],"picked":"Adrenaline","floor":27},{"not_picked":["Dodge and Roll+1","Poisoned Stab+1"],"picked":"Cloak And Dagger+1","floor":28},{"not_picked":["Dagger Spray+1","Quick Slash+1","Flying Knee+1"],"picked":"SKIP","floor":30},{"not_picked":["Phantasmal Killer","Adrenaline"],"picked":"Bullet Time","floor":33},{"not_picked":["Quick Slash+1","Dodge and Roll"],"picked":"Backflip+1","floor":37},{"not_picked":["Eviscerate+1","Acrobatics"],"picked":"Dodge and Roll+1","floor":38},{"not_picked":["Skewer+1","All Out Attack+1"],"picked":"Catalyst+1","floor":39},{"not_picked":["Bane+1","Outmaneuver+1"],"picked":"Leg Sweep+1","floor":40},{"not_picked":["Distraction","Grand Finale+1"],"picked":"Poisoned Stab+1","floor":42},{"not_picked":["Mayhem","Panacea"],"picked":"Secret Technique","floor":45},{"not_picked":["Slice+1","Deflect+1"],"picked":"Blade Dance+1","floor":46}],"player_experience":246529,"relics_obtained":[{"floor":6,"key":"Du-Vu Doll"},{"floor":8,"key":"Lantern"},{"floor":9,"key":"Bottled Lightning"},{"floor":12,"key":"MawBank"},{"floor":23,"key":"Ginger"},{"floor":26,"key":"Molten Egg 2"},{"floor":27,"key":"Unceasing Top"},{"floor":34,"key":"Torii"},{"floor":34,"key":"The Courier"},{"floor":34,"key":"Art of War"},{"floor":40,"key":"Happy Flower"},{"floor":43,"key":"Anchor"}],"event_choices":[{"cards_removed":["Strike_G"],"damage_healed":0,"gold_gain":0,"player_choice":"Card Removal","damage_taken":7,"max_hp_gain":0,"max_hp_loss":0,"event_name":"Golden Wing","floor":3,"gold_loss":0},{"damage_healed":0,"gold_gain":75,"player_choice":"Gather Gold","damage_taken":11,"max_hp_gain":0,"max_hp_loss":0,"event_name":"World of Goop","floor":11,"gold_loss":0},{"damage_healed":17,"gold_gain":0,"player_choice":"Healed and dodged fight","damage_taken":0,"max_hp_gain":0,"max_hp_loss":0,"event_name":"Mushrooms","floor":13,"gold_loss":0,"cards_obtained":["Parasite"]},{"damage_healed":0,"gold_gain":0,"player_choice":"Read","damage_taken":0,"max_hp_gain":0,"max_hp_loss":0,"event_name":"The Library","floor":20,"gold_loss":0,"cards_obtained":["Well Laid Plans"]},{"cards_removed":["Strike_G"],"damage_healed":0,"gold_gain":0,"player_choice":"Offered Basic","damage_taken":0,"max_hp_gain":0,"max_hp_loss":0,"event_name":"Bonfire Elementals","floor":21,"gold_loss":0},{"cards_removed":["Regret","Doubt","Normality","Clumsy","Parasite"],"damage_healed":0,"gold_gain":0,"player_choice":"Removed Curses","damage_taken":0,"max_hp_gain":0,"max_hp_loss":0,"event_name":"Fountain of Cleansing","floor":36,"gold_loss":0},{"damage_healed":59,"gold_gain":0,"player_choice":"Heal","damage_taken":0,"max_hp_gain":0,"max_hp_loss":8,"event_name":"The Moai Head","floor":44,"gold_loss":0},{"damage_healed":0,"gold_gain":0,"player_choice":"Memory 2","damage_taken":5,"max_hp_gain":0,"max_hp_loss":0,"event_name":"SensoryStone","floor":45,"gold_loss":0}],"is_beta":false,"boss_relics":[{"not_picked":["Busted Crown","Orrery"],"picked":"Cursed Key"},{"not_picked":["Ring of the Serpent","Pandora\u0027s Box"],"picked":"Calling Bell"}],"items_purged_floors":[14,48],"is_endless":false,"potions_floor_spawned":[1,2,6,16,19,23,27,30,38,39],"ascension_level":2}