{"gold_per_floor":[124,156,168,199,231,243,4,21,44,44,77,27,27,44,44,149,149,169,169,169,186,186],"floor_reached":22,"playtime":1174,"items_purged":[],"score":230,"play_id":"f5032be2-3a56-45e4-a4dc-ed95c2bb1954","local_time":"20180917144054","is_ascension_mode":true,"campfire_choices":[{"data":"Armaments","floor":6,"key":"SMITH"},{"data":"Whirlwind","floor":10,"key":"SMITH"},{"data":"Bash","floor":13,"key":"SMITH"},{"data":"Pommel Strike","floor":15,"key":"SMITH"}],"neow_cost":"NONE","seed_source_timestamp":116335540536243,"circlet_count":0,"master_deck":["Defend_R","Defend_R","Defend_R","Defend_R","Bash+1","Wild Strike","Armaments+1","Wild Strike","Whirlwind+1","Power Through+1","Pommel Strike+1","Fiend Fire+1","Pommel Strike","Rage+1","Warcry+1","Bite","Bite","Bite","Bite","Bite","Flame Barrier+1"],"relics":["Burning Blood","MawBank","Toxic Egg 2","Anchor","Dream Catcher","Orrery"],"potions_floor_usage":[11,16,18,22],"damage_taken":[{"damage":5,"enemies":"Small Slimes","floor":1,"turns":4},{"damage":6,"enemies":"Cultist","floor":2,"turns":3},{"damage":7,"enemies":"Jaw Worm","floor":4,"turns":3},{"damage":11,"enemies":"Blue Slaver","floor":5,"turns":3},{"damage":2,"enemies":"Gremlin Gang","floor":8,"turns":2},{"damage":5,"enemies":"3 Sentries","floor":11,"turns":5},{"damage":0,"enemies":"Large Slime","floor":14,"turns":3},{"damage":76,"enemies":"Slime Boss","floor":16,"turns":13},{"damage":32,"enemies":"Spheric Guardian","floor":18,"turns":6},{"damage":25,"enemies":"3 Byrds","floor":21,"turns":6},{"damage":35,"enemies":"Shelled Parasite and Fungi","floor":22,"turns":9}],"seed_played":"-5931136788418067555","potions_obtained":[{"floor":4,"key":"EssenceOfSteel"},{"floor":5,"key":"Poison Potion"},{"floor":8,"key":"LiquidBronze"},{"floor":14,"key":"EssenceOfSteel"},{"floor":16,"key":"Block Potion"},{"floor":21,"key":"FairyPotion"}],"is_trial":false,"path_per_floor":["M","M","?","M","M","R","$","M","T","R","E","?","R","M","R","B",null,"M","?","?","M"],"character_chosen":"IRONCLAD","items_purchased":["Toxic Egg 2"],"campfire_rested":0,"item_purchase_floors":[7],"current_hp_per_floor":[80,80,80,79,74,74,74,78,78,78,79,79,79,80,80,10,80,54,54,54,43,26],"gold":186,"neow_bonus":"RANDOM_COMMON_RELIC","is_prod":false,"is_daily":false,"chose_seed":false,"campfire_upgraded":4,"win_rate":0,"timestamp":1537162854,"path_taken":["M","M","?","?","M","R","$","M","T","R","E","?","R","?","R","BOSS","M","?","?","?","M"],"build_version":"2018-09-06","purchased_purges":0,"victory":false,"max_hp_per_floor":[80,80,80,80,80,80,80,80,80,80,80,80,80,80,80,80,80,80,56,56,56,56],"card_choices":[{"not_picked":["Anger","Shockwave"],"picked":"Wild Strike","floor":1},{"not_picked":["Havoc","Wild Strike"],"picked":"Armaments","floor":2},{"not_picked":["Armaments","Second Wind"],"picked":"Wild Strike","floor":4},{"not_picked":["Shockwave","Cleave"],"picked":"Whirlwind","floor":5},{"not_picked":["Barricade","Dropkick"],"picked":"Power Through+1","floor":8},{"not_picked":["Blood for Blood","Iron Wave","Flame Barrier+1"],"picked":"SKIP","floor":11},{"not_picked":["Shockwave+1","Clash"],"picked":"Pommel Strike","floor":14},{"not_picked":["Juggernaut","Brutality"],"picked":"Fiend Fire","floor":16},{"not_picked":["Rampage","Twin Strike"],"picked":"Pommel Strike","floor":17},{"not_picked":["True Grit+1","Inflame"],"picked":"Rage+1","floor":17},{"not_picked":["Feel No Pain","Pommel Strike"],"picked":"Warcry+1","floor":18},{"not_picked":["Warcry+1","Armaments+1"],"picked":"Flame Barrier+1","floor":21}],"player_experience":278772,"relics_obtained":[{"floor":9,"key":"Anchor"},{"floor":11,"key":"Dream Catcher"}],"event_choices":[{"event_name":"Bonfire Elementals","player_choice":"BASIC","floor":3,"damage_taken":0},{"event_name":"The Cleric","player_choice":"Card Removal","floor":12,"damage_taken":0},{"event_name":"Vampires","player_choice":"Became a vampire","floor":19,"damage_taken":0},{"event_name":"Upgrade Shrine","player_choice":"Upgraded","floor":20,"damage_taken":0}],"is_beta":false,"boss_relics":[{"not_picked":["Philosopher\u0027s Stone","Snecko Eye"],"picked":"Orrery"}],"items_purged_floors":[],"is_endless":false,"potions_floor_spawned":[4,5,8,14,16,21],"killed_by":"Shelled Parasite and Fungi","ascension_level":2}