{"gold_per_floor":[110,129,129,141,154,154,187,187,210,210,220,220,233,248,248,353,353],"floor_reached":17,"playtime":513,"items_purged":[],"score":184,"play_id":"7bd61942-394d-42b9-9cd6-28aea5e902de","local_time":"20181208131741","is_ascension_mode":false,"campfire_choices":[{"data":"Zap","floor":6,"key":"SMITH"},{"data":"Capacitor","floor":8,"key":"SMITH"},{"data":"Dualcast","floor":10,"key":"SMITH"},{"data":"Barrage","floor":15,"key":"SMITH"}],"neow_cost":"NONE","seed_source_timestamp":2022953378626621,"circlet_count":0,"master_deck":["Strike_B","Strike_B","Strike_B","Defend_B","Defend_B","Defend_B","Defend_B","Zap+1","Dualcast+1","Undo","Double Energy+1","Consume+1","Capacitor+1","Self Repair","Barrage+1","Redo","Machine Learning"],"relics":["Cracked Core","NeowsBlessing","War Paint","Ancient Tea Set"],"potions_floor_usage":[7],"damage_taken":[{"damage":0,"enemies":"Cultist","floor":1,"turns":1},{"damage":0,"enemies":"2 Louse","floor":2,"turns":1},{"damage":0,"enemies":"Jaw Worm","floor":4,"turns":1},{"damage":2,"enemies":"3 Louse","floor":5,"turns":4},{"damage":0,"enemies":"Lagavulin","floor":7,"turns":7},{"damage":12,"enemies":"Gremlin Gang","floor":11,"turns":5},{"damage":1,"enemies":"Large Slime","floor":13,"turns":5},{"damage":2,"enemies":"2 Fungi Beasts","floor":14,"turns":4},{"damage":33,"enemies":"Slime Boss","floor":16,"turns":8}],"seed_played":"-4135964203991243379","potions_obtained":[{"floor":1,"key":"PowerPotion"},{"floor":4,"key":"SteroidPotion"},{"floor":5,"key":"Ancient Potion"},{"floor":12,"key":"EssenceOfSteel"},{"floor":12,"key":"Dexterity Potion"}],"is_trial":false,"path_per_floor":["M","M","?","M","M","R","E","R","T","R","M","?","M","M","R","B",null],"character_chosen":"DEFECT","items_purchased":[],"campfire_rested":0,"item_purchase_floors":[],"current_hp_per_floor":[75,75,75,75,73,73,73,73,73,73,61,61,67,72,72,46,46],"gold":353,"neow_bonus":"THREE_ENEMY_KILL","is_prod":false,"is_daily":false,"chose_seed":false,"campfire_upgraded":4,"win_rate":0,"timestamp":1544242661,"path_taken":["M","M","?","M","M","R","E","R","T","R","M","?","M","M","R","BOSS"],"build_version":"2018-12-06","purchased_purges":0,"victory":false,"max_hp_per_floor":[75,75,75,75,75,75,75,75,75,75,75,75,75,75,75,75,75],"card_choices":[{"not_picked":["Double Energy","Barrage"],"picked":"Undo","floor":1},{"not_picked":["Reprogram","Gash","Beam Cell"],"picked":"SKIP","floor":2},{"not_picked":["Beam Cell","Hologram"],"picked":"Double Energy","floor":4},{"not_picked":["Gash","Cold Snap"],"picked":"Consume","floor":5},{"not_picked":["Turbo","Sweeping Beam"],"picked":"Capacitor","floor":7},{"not_picked":["Sunder","Melter"],"picked":"Self Repair","floor":11},{"not_picked":["Hologram","FTL"],"picked":"Barrage","floor":13},{"not_picked":["Streamline","Meteor Strike"],"picked":"Redo","floor":14},{"not_picked":["Seek","Buffer"],"picked":"Machine Learning","floor":16}],"player_experience":528964,"relics_obtained":[{"floor":7,"key":"War Paint"},{"floor":9,"key":"Ancient Tea Set"}],"event_choices":[{"cards_removed":["Strike_B"],"damage_healed":0,"gold_gain":0,"player_choice":"Forget","damage_taken":0,"max_hp_gain":0,"max_hp_loss":0,"event_name":"Living Wall","floor":3,"gold_loss":0},{"damage_healed":0,"gold_gain":0,"player_choice":"Got Potions","damage_taken":0,"max_hp_gain":0,"max_hp_loss":0,"event_name":"Lab","floor":12,"gold_loss":0}],"is_beta":false,"boss_relics":[],"items_purged_floors":[],"is_endless":false,"potions_floor_spawned":[1,4,5,14],"ascension_level":0}