{"gold_per_floor":[114,114,289,303,317,317,345,68,68,68,68],"floor_reached":11,"playtime":1146,"items_purged":["Doubt"],"score":96,"play_id":"21d26326-5404-49b9-a24d-a69c1949d5d6","local_time":"20180923142026","is_ascension_mode":true,"campfire_choices":[{"data":"Phantasmal Killer","floor":6,"key":"SMITH"},{"data":"Neutralize","floor":10,"key":"SMITH"}],"neow_cost":"TEN_PERCENT_HP_LOSS","seed_source_timestamp":633531744492354,"circlet_count":0,"master_deck":["Defend_G","Defend_G","Defend_G","Defend_G","Defend_G","Strike_G","Strike_G","Strike_G","Strike_G","Strike_G","Survivor","Neutralize+1","Phantasmal Killer+1","Footwork","Cloak And Dagger","PiercingWail","Dagger Spray"],"relics":["Ring of the Snake","NlothsMask","Pear","Lantern"],"potions_floor_usage":[5],"damage_taken":[{"damage":0,"enemies":"Small Slimes","floor":1,"turns":3},{"damage":6,"enemies":"Cultist","floor":4,"turns":5},{"damage":6,"enemies":"Jaw Worm","floor":5,"turns":6},{"damage":22,"enemies":"3 Sentries","floor":7,"turns":14},{"damage":52,"enemies":"Lagavulin","floor":11,"turns":13}],"seed_played":"-605228573095937020","potions_obtained":[{"floor":4,"key":"AttackPotion"}],"is_trial":false,"path_per_floor":["M","?","?","M","M","R","E","$","T","R"],"character_chosen":"THE_SILENT","items_purchased":["Lantern","Dagger Spray"],"campfire_rested":0,"item_purchase_floors":[8,8],"current_hp_per_floor":[63,63,63,57,51,51,39,39,39,39,0],"gold":68,"neow_bonus":"THREE_RARE_CARDS","is_prod":false,"is_daily":false,"chose_seed":false,"campfire_upgraded":2,"win_rate":0,"timestamp":1537680026,"path_taken":["M","?","?","M","M","R","E","$","T","R","E"],"build_version":"2018-09-20","purchased_purges":1,"victory":false,"max_hp_per_floor":[63,63,63,63,63,63,73,73,73,73,73],"card_choices":[{"not_picked":["Tools of the Trade","Glass Knife"],"picked":"Phantasmal Killer","floor":0},{"not_picked":["Slice","Concentrate","Dodge and Roll"],"picked":"SKIP","floor":1},{"not_picked":["PiercingWail","Underhanded Strike"],"picked":"Footwork","floor":4},{"not_picked":["Calculated Gamble","Predator"],"picked":"Cloak And Dagger","floor":5},{"not_picked":["Well Laid Plans","All Out Attack"],"picked":"PiercingWail","floor":7}],"player_experience":316518,"relics_obtained":[{"floor":7,"key":"Pear"}],"event_choices":[{"event_name":"FaceTrader","player_choice":"Trade","floor":2,"damage_taken":0},{"event_name":"Liars Game","player_choice":"agreed","floor":3,"damage_taken":0}],"is_beta":false,"boss_relics":[],"items_purged_floors":[8],"is_endless":false,"potions_floor_spawned":[4],"killed_by":"Lagavulin","ascension_level":7}