{"gold_per_floor":[111,125,125,102,118,118,43,84,84,123,123,123,373,387,387,512,512,527,527,450,450,474,474,329,362,362,5,29,44,44,58,58,58],"floor_reached":33,"playtime":1743,"items_purged":["Defend_R","Burning Pact+1","Strike_R"],"score":287,"play_id":"cdaa47a9-01b7-42d0-925b-00172db3665a","local_time":"20180711021529","is_ascension_mode":true,"campfire_choices":[{"data":"Armaments","floor":6,"key":"SMITH"},{"data":"Pommel Strike","floor":11,"key":"SMITH"},{"data":"Shrug It Off","floor":15,"key":"SMITH"},{"data":"Bash","floor":23,"key":"SMITH"},{"data":"Heavy Blade","floor":30,"key":"SMITH"},{"floor":32,"key":"REST"}],"neow_cost":"NONE","seed_source_timestamp":3005786748338,"circlet_count":0,"master_deck":["Strike_R","Strike_R","Defend_R","Defend_R+1","Bash+1","Wild Strike+1","Shrug It Off+1","Armaments+1","Pommel Strike+1","Battle Trance+1","Heavy Blade+1","Shockwave+1","Reckless Charge+1","Perfected Strike+1","Perfected Strike","Spot Weakness","Pommel Strike","Perfected Strike","Twin Strike+1","Shrug It Off"],"relics":["Burning Blood","Omamori","Golden Idol","Paper Frog","Meat on the Bone","Regal Pillow","Astrolabe","Art of War","War Paint","Smiling Mask","Matryoshka"],"potions_floor_usage":[16,25,33,33],"damage_taken":[{"damage":0,"enemies":"Small Slimes","floor":1,"turns":3},{"damage":5,"enemies":"Cultist","floor":2,"turns":4},{"damage":2,"enemies":"2 Louse","floor":5,"turns":3},{"damage":11,"enemies":"Gremlin Nob","floor":8,"turns":3},{"damage":6,"enemies":"3 Sentries","floor":10,"turns":9},{"damage":3,"enemies":"Red Slaver","floor":14,"turns":3},{"damage":43,"enemies":"The Guardian","floor":16,"turns":11},{"damage":8,"enemies":"Chosen","floor":18,"turns":6},{"damage":12,"enemies":"Shell Parasite","floor":22,"turns":6},{"damage":10,"enemies":"Book of Stabbing","floor":25,"turns":4},{"damage":21,"enemies":"Snake Plant","floor":28,"turns":2},{"damage":6,"enemies":"3 Cultists","floor":29,"turns":5},{"damage":25,"enemies":"Centurion and Healer","floor":31,"turns":5},{"damage":90,"enemies":"Collector","floor":33,"turns":9}],"seed_played":"-4279825725170176759","potions_obtained":[{"floor":8,"key":"Weak Potion"},{"floor":14,"key":"LiquidBronze"},{"floor":16,"key":"GamblersBrew"},{"floor":18,"key":"Poison Potion"},{"floor":29,"key":"Swift Potion"}],"is_trial":false,"path_per_floor":["M","M","?","$","M","R","$","E","T","E","R","?","?","M","R","B",null,"M","?","?","?","M","R","$","E","T","$","M","M","R","M","R"],"character_chosen":"IRONCLAD","items_purchased":["Armaments","Perfected Strike","Matryoshka","Pommel Strike"],"campfire_rested":1,"item_purchase_floors":[4,24,27,27],"current_hp_per_floor":[80,80,80,80,80,80,80,75,75,75,75,75,75,78,78,53,80,78,78,78,78,72,72,72,68,68,68,53,53,53,46,80,0],"gold":58,"neow_bonus":"RANDOM_COMMON_RELIC","is_prod":false,"is_daily":false,"chose_seed":false,"campfire_upgraded":5,"win_rate":0,"timestamp":1531242929,"path_taken":["M","M","?","$","M","R","?","E","T","E","R","?","?","M","R","BOSS","M","?","?","?","M","R","?","E","T","$","M","M","R","?","R","BOSS"],"build_version":"2018-07-05","purchased_purges":3,"victory":false,"max_hp_per_floor":[80,80,80,80,80,80,80,80,80,80,80,80,80,80,80,80,80,80,80,80,80,80,80,80,80,80,80,80,80,80,80,80,80],"card_choices":[{"not_picked":["Heavy Blade","Pommel Strike"],"picked":"Wild Strike","floor":1},{"not_picked":["Corruption","Iron Wave"],"picked":"Shrug It Off","floor":2},{"not_picked":["Flex","Havoc"],"picked":"Pommel Strike","floor":5},{"not_picked":["Feed","Cleave"],"picked":"Battle Trance","floor":8},{"not_picked":["Anger","Clash"],"picked":"Heavy Blade","floor":10},{"not_picked":["Combust","Warcry","Sword Boomerang"],"picked":"SKIP","floor":14},{"not_picked":["Warcry","Clash"],"picked":"Reckless Charge+1","floor":18},{"not_picked":["Sword Boomerang","Whirlwind"],"picked":"Perfected Strike+1","floor":22},{"not_picked":["Hemokinesis+1","Intimidate"],"picked":"Spot Weakness","floor":25},{"not_picked":["Flex","Ghostly Armor"],"picked":"Perfected Strike","floor":28},{"not_picked":["Thunderclap","Shrug It Off"],"picked":"Twin Strike+1","floor":29},{"not_picked":["Spot Weakness","True Grit"],"picked":"Shrug It Off","floor":31}],"player_experience":127325,"relics_obtained":[{"floor":8,"key":"Paper Frog"},{"floor":9,"key":"Meat on the Bone"},{"floor":10,"key":"Regal Pillow"},{"floor":25,"key":"War Paint"},{"floor":26,"key":"Smiling Mask"}],"event_choices":[{"event_name":"Golden Idol","player_choice":"Take Wound","floor":3,"damage_taken":0},{"event_name":"Accursed Blacksmith","player_choice":"Forge","floor":12,"damage_taken":0},{"event_name":"Golden Shrine","player_choice":"Desecrate","floor":13,"damage_taken":0},{"event_name":"Purifier","player_choice":"One Purge","floor":19,"damage_taken":0},{"event_name":"Drug Dealer","player_choice":"Got JAXXED","floor":20,"damage_taken":0},{"event_name":"Addict","player_choice":"Gave JAX","floor":21,"damage_taken":0}],"boss_relics":[{"not_picked":["Fusion Hammer","Ectoplasm"],"picked":"Astrolabe"}],"items_purged_floors":[7,24,27],"is_endless":false,"potions_floor_spawned":[8,14,16,18,29],"killed_by":"Collector","ascension_level":1}