{"gold_per_floor":[216,216,41,60,74,74,84,84,109,109,126,137,137,148,148,249,249,263,35,0,99,24,24,40,40,40,40,40,71,71,15,15,112,112,124,124,124],"floor_reached":37,"playtime":1707,"items_purged":["Strike_B"],"score":431,"play_id":"74253f46-29ac-4acf-995d-5e19f3dd713e","local_time":"20180903004655","is_ascension_mode":true,"campfire_choices":[{"data":"Zap","floor":6,"key":"SMITH"},{"data":"Dualcast","floor":8,"key":"SMITH"},{"data":"Defragment","floor":10,"key":"SMITH"},{"data":"Redo","floor":13,"key":"SMITH"},{"floor":15,"key":"REST"},{"data":"Echo Form","floor":23,"key":"SMITH"},{"floor":25,"key":"REST"},{"data":"Conserve Battery","floor":27,"key":"SMITH"},{"floor":32,"key":"REST"}],"neow_cost":"NONE","seed_source_timestamp":1228436086667748,"circlet_count":0,"master_deck":["Strike_B","Strike_B","Strike_B","Defend_B","Defend_B","Defend_B","Defend_B","Zap+1","Dualcast+1","Cold Snap","Redo+1","Defragment+1","Capacitor","Capacitor","Echo Form+1","Consume","Conserve Battery","Conserve Battery+1","BootSequence","Loop","Amplify"],"relics":["Cracked Core","Omamori","Oddly Smooth Stone","Art of War","Black Star","Blood Vial","The Courier","Dream Catcher","Regal Pillow","Inserter"],"potions_floor_usage":[16,18,35],"damage_taken":[{"damage":2,"enemies":"2 Louse","floor":1,"turns":3},{"damage":2,"enemies":"Small Slimes","floor":4,"turns":3},{"damage":0,"enemies":"Cultist","floor":5,"turns":3},{"damage":16,"enemies":"Exordium Thugs","floor":7,"turns":5},{"damage":0,"enemies":"Red Slaver","floor":11,"turns":3},{"damage":9,"enemies":"Blue Slaver","floor":12,"turns":3},{"damage":12,"enemies":"Looter","floor":14,"turns":3},{"damage":10,"enemies":"The Guardian","floor":16,"turns":11},{"damage":40,"enemies":"2 Thieves","floor":18,"turns":4},{"damage":17,"enemies":"Spheric Guardian","floor":24,"turns":6},{"damage":28,"enemies":"Book of Stabbing","floor":29,"turns":8},{"damage":28,"enemies":"Automaton","floor":33,"turns":17},{"damage":38,"enemies":"Orb Walker","floor":35,"turns":6},{"damage":55,"enemies":"3 Shapes","floor":37,"turns":3}],"seed_played":"5423047460002214859","potions_obtained":[{"floor":4,"key":"GamblersBrew"},{"floor":11,"key":"LiquidBronze"},{"floor":12,"key":"LiquidBronze"},{"floor":24,"key":"Strength Potion"},{"floor":33,"key":"SkillPotion"}],"is_trial":false,"path_per_floor":["M","?","$","M","M","R","M","R","T","R","M","M","R","M","R","B",null,"M","$","?","?","$","R","M","R","T","R","$","E","?","$","R","B",null,"M","?"],"character_chosen":"DEFECT","items_purchased":["Oddly Smooth Stone","Redo","Consume","Blood Vial","Conserve Battery","Loop"],"campfire_rested":3,"item_purchase_floors":[3,3,19,19,19,31],"current_hp_per_floor":[73,70,70,68,68,68,52,52,52,52,52,43,43,31,53,43,75,35,35,35,35,35,35,20,42,42,42,42,16,2,2,41,15,80,42,42,0],"gold":124,"neow_bonus":"HUNDRED_GOLD","is_prod":false,"is_daily":false,"chose_seed":false,"campfire_upgraded":6,"win_rate":0,"timestamp":1535903215,"path_taken":["M","?","?","M","M","R","M","R","T","R","M","M","R","?","R","BOSS","M","$","?","?","?","R","M","R","T","R","$","E","?","?","R","BOSS","M","?","?"],"build_version":"2018-08-30","purchased_purges":1,"victory":false,"max_hp_per_floor":[75,75,75,75,75,75,75,75,75,75,75,75,75,75,75,75,75,75,75,75,75,75,75,75,75,75,75,75,75,80,80,80,80,80,80,80,80],"card_choices":[{"not_picked":["Chaos","Beam Cell"],"picked":"Cold Snap","floor":1},{"not_picked":["Loop","Aggregate"],"picked":"Defragment","floor":4},{"not_picked":["Redo","Melter","Darkness"],"picked":"SKIP","floor":5},{"not_picked":["Loop","Darkness"],"picked":"Capacitor","floor":7},{"not_picked":["Hologram","Compile Driver","Double Energy"],"picked":"SKIP","floor":11},{"not_picked":["Sweeping Beam","Beam Cell","Steam"],"picked":"SKIP","floor":12},{"not_picked":["Rainbow","Force Field"],"picked":"Capacitor","floor":14},{"not_picked":["Hyperbeam","Thunder Strike"],"picked":"Echo Form","floor":16},{"not_picked":["Lockon+1","Rip and Tear","Melter+1"],"picked":"SKIP","floor":18},{"not_picked":["Leap","Blizzard"],"picked":"Conserve Battery","floor":24},{"not_picked":["Compile Driver","Beam Cell"],"picked":"BootSequence","floor":29},{"not_picked":["Multi-Cast","Core Surge"],"picked":"Amplify","floor":33},{"not_picked":["Melter+1","Beam Cell+1","Rebound+1"],"picked":"SKIP","floor":35}],"player_experience":204967,"relics_obtained":[{"floor":9,"key":"Art of War"},{"floor":26,"key":"The Courier"},{"floor":29,"key":"Dream Catcher"},{"floor":29,"key":"Regal Pillow"}],"event_choices":[{"event_name":"Scrap Ooze","player_choice":"success","floor":2,"damage_taken":3},{"event_name":"Masked Bandits","player_choice":"Paid Fearfully","floor":20,"damage_taken":0},{"event_name":"Nest","player_choice":"Stole From Cult","floor":21,"damage_taken":0},{"event_name":"Forgotten Altar","player_choice":"Shed Blood","floor":30,"damage_taken":0},{"event_name":"The Woman in Blue","player_choice":"Bought 0 Potions","floor":36,"damage_taken":0}],"is_beta":false,"boss_relics":[{"not_picked":["Ectoplasm","Coffee Dripper"],"picked":"Black Star"},{"not_picked":["Orrery","Lizard Tail"],"picked":"Inserter"}],"items_purged_floors":[22],"is_endless":false,"potions_floor_spawned":[4,11,12,24,33],"killed_by":"3 Shapes","ascension_level":3}