{"gold_per_floor":[110,124,124,124,138,138,63,88,88,98,116,116,16,91,91,195,195,209,209,9,9,9,9,36,46,46,46],"floor_reached":27,"playtime":1063,"items_purged":["Strike_R","Defend_R"],"score":252,"play_id":"62a43b03-4500-40a4-b821-6608eca14f10","local_time":"20180831060057","is_ascension_mode":true,"campfire_choices":[{"data":"Shrug It Off","floor":6,"key":"SMITH"},{"data":"Shrug It Off","floor":12,"key":"SMITH"},{"floor":15,"key":"REST"},{"data":"Heavy Blade","floor":23,"key":"SMITH"}],"neow_cost":"NONE","seed_source_timestamp":988722106684268,"circlet_count":0,"master_deck":["Strike_R+1","Strike_R+1","Strike_R+1","Strike_R+1","Defend_R+1","Defend_R+1","Defend_R+1","Bash+1","Shrug It Off+1","Twin Strike","Pommel Strike","Shrug It Off+1","Offering","Evolve","Heavy Blade+1","Wild Strike","Pommel Strike+1"],"relics":["Burning Blood","Pen Nib","Red Skull","Question Card","Blue Candle","Sozu","Vajra","Matryoshka","Juzu Bracelet","Girya"],"potions_floor_usage":[10],"damage_taken":[{"damage":18,"enemies":"Jaw Worm","floor":1,"turns":5},{"damage":8,"enemies":"2 Louse","floor":2,"turns":2},{"damage":7,"enemies":"Small Slimes","floor":5,"turns":4},{"damage":16,"enemies":"Lagavulin","floor":8,"turns":7},{"damage":4,"enemies":"Exordium Wildlife","floor":10,"turns":3},{"damage":0,"enemies":"3 Louse","floor":11,"turns":2},{"damage":45,"enemies":"Hexaghost","floor":16,"turns":12},{"damage":10,"enemies":"3 Byrds","floor":18,"turns":4},{"damage":36,"enemies":"Slavers","floor":24,"turns":5},{"damage":6,"enemies":"Spheric Guardian","floor":25,"turns":1},{"damage":49,"enemies":"Gremlin Leader","floor":27,"turns":4}],"seed_played":"5589415278252248685","potions_obtained":[{"floor":8,"key":"Dexterity Potion"}],"is_trial":false,"path_per_floor":["M","M","?","?","M","R","$","E","T","M","M","R","$","?","R","B",null,"M","?","$","?","?","R","E","M","T"],"character_chosen":"IRONCLAD","items_purchased":["Vajra","Heavy Blade"],"campfire_rested":1,"item_purchase_floors":[20,20],"current_hp_per_floor":[68,66,50,38,37,37,37,27,27,29,35,35,35,24,48,9,80,76,76,76,76,76,76,46,46,46,0],"gold":46,"neow_bonus":"RANDOM_COMMON_RELIC","is_prod":false,"is_daily":false,"chose_seed":false,"campfire_upgraded":3,"win_rate":0,"timestamp":1535662857,"path_taken":["M","M","?","?","M","R","?","E","T","M","M","R","$","?","R","BOSS","M","?","$","?","?","R","E","M","T","E"],"build_version":"2018-08-23v2","purchased_purges":2,"victory":false,"max_hp_per_floor":[80,80,80,80,80,80,80,80,80,80,80,80,80,80,80,80,80,80,80,80,80,80,80,80,80,80,80],"card_choices":[{"not_picked":["Twin Strike","Anger","Sword Boomerang"],"picked":"SKIP","floor":1},{"not_picked":["Power Through","Thunderclap"],"picked":"Shrug It Off","floor":2},{"not_picked":["Wild Strike","Havoc"],"picked":"Twin Strike","floor":5},{"not_picked":["Perfected Strike","Impervious"],"picked":"Pommel Strike","floor":8},{"not_picked":["Bloodletting","Ghostly Armor","Uppercut"],"picked":"Shrug It Off","floor":10},{"not_picked":["Uppercut","Flame Barrier","Dropkick","Blood for Blood"],"picked":"SKIP","floor":11},{"not_picked":["Bludgeon","Barricade","Fiend Fire"],"picked":"Offering","floor":16},{"not_picked":["Anger+1","Dual Wield","Entrench"],"picked":"Evolve","floor":18},{"not_picked":["Armaments+1","Infernal Blade","Corruption+1"],"picked":"Pommel Strike+1","floor":24},{"not_picked":["Dropkick","Havoc","Pommel Strike","Iron Wave"],"picked":"SKIP","floor":25}],"player_experience":179105,"relics_obtained":[{"floor":8,"key":"Question Card"},{"floor":9,"key":"Blue Candle"},{"floor":24,"key":"Matryoshka"},{"floor":26,"key":"Juzu Bracelet"},{"floor":26,"key":"Girya"}],"event_choices":[{"event_name":"Shining Light","player_choice":"Entered Light","floor":3,"damage_taken":0},{"event_name":"Scrap Ooze","player_choice":"success","floor":4,"damage_taken":12},{"event_name":"World of Goop","player_choice":"Gather Gold","floor":14,"damage_taken":0},{"event_name":"Back to Basics","player_choice":"Simplicity","floor":19,"damage_taken":0},{"event_name":"The Library","player_choice":"Read","floor":21,"damage_taken":0},{"event_name":"Ghosts","player_choice":"Ignored","floor":22,"damage_taken":0}],"is_beta":false,"boss_relics":[{"not_picked":["Pandora\u0027s Box","Snecko Eye"],"picked":"Sozu"}],"items_purged_floors":[7,13],"is_endless":false,"potions_floor_spawned":[8],"killed_by":"Gremlin Leader","ascension_level":2}