{"gold_per_floor":[412,429,27,42,59,85,85,112,137,212,272,272,272,272,272,376,376,393,393,421,450,475,487,499,531,596,621,633,670,700,156,156,156],"floor_reached":33,"playtime":2097,"items_purged":["Injury"],"score":302,"play_id":"72d66d68-aa0d-4375-aec2-9fcc01e577a8","local_time":"20190421140913","is_ascension_mode":false,"campfire_choices":[{"floor":7,"key":"REST"},{"floor":13,"key":"REST"},{"data":"Defragment","floor":15,"key":"SMITH"},{"floor":23,"key":"REST"},{"floor":28,"key":"REST"},{"floor":32,"key":"REST"}],"neow_cost":"CURSE","seed_source_timestamp":499020150314582,"circlet_count":0,"master_deck":["Strike_B+1","Strike_B","Strike_B+1","Strike_B","Defend_B","Defend_B","Defend_B","Defend_B","Zap","Dualcast","Ball Lightning","Rebound","Chill","Defragment+1","Defragment","Coolheaded","Reboot","Capacitor","Chill","Hyperbeam","Parasite","Seek","Rebound+1","Buffer","Hologram+1","Hologram","Gash","Blizzard","Beam Cell","Core Surge","Turbo"],"relics":["FrozenCore","Old Coin","DollysMirror","Mummified Hand","Smiling Mask","PreservedInsect","Whetstone","MawBank","Dream Catcher","DataDisk","Bag of Marbles","MealTicket"],"potions_floor_usage":[8,16,25,29,30,33,33,33],"damage_taken":[{"damage":6,"enemies":"Cultist","floor":1,"turns":3},{"damage":1,"enemies":"Jaw Worm","floor":2,"turns":3},{"damage":10,"enemies":"Small Slimes","floor":4,"turns":3},{"damage":12,"enemies":"3 Louse","floor":5,"turns":3},{"damage":2,"enemies":"3 Sentries","floor":6,"turns":14},{"damage":12,"enemies":"Lagavulin","floor":8,"turns":6},{"damage":14,"enemies":"Gremlin Nob","floor":11,"turns":3},{"damage":36,"enemies":"Hexaghost","floor":16,"turns":11},{"damage":52,"enemies":"3 Byrds","floor":18,"turns":6},{"damage":2,"enemies":"Chosen","floor":20,"turns":6},{"damage":13,"enemies":"Centurion and Healer","floor":21,"turns":13},{"damage":1,"enemies":"Sentry and Sphere","floor":22,"turns":8},{"damage":10,"enemies":"3 Cultists","floor":25,"turns":8},{"damage":0,"enemies":"Centurion and Healer","floor":27,"turns":11},{"damage":24,"enemies":"Slavers","floor":29,"turns":7},{"damage":16,"enemies":"Chosen and Byrds","floor":30,"turns":10},{"damage":32,"enemies":"Automaton","floor":33,"turns":18}],"seed_played":"-7936714607948085939","potions_obtained":[{"floor":2,"key":"SkillPotion"},{"floor":8,"key":"EssenceOfSteel"},{"floor":16,"key":"SpeedPotion"},{"floor":20,"key":"SkillPotion"},{"floor":22,"key":"LiquidBronze"},{"floor":27,"key":"Fire Potion"},{"floor":29,"key":"Weak Potion"}],"is_trial":false,"path_per_floor":["M","M","$","M","M","E","R","E","T","?","?","T","R","?","R","B",null,"M","?","M","M","M","R","?","M","T","M","R","E","M","$","R","B"],"character_chosen":"DEFECT","items_purchased":["Chill","Defragment","DollysMirror","Core Surge","Bag of Marbles","MealTicket","Block Potion"],"campfire_rested":5,"item_purchase_floors":[3,3,3,31,31,31,31],"current_hp_per_floor":[69,68,68,58,46,44,66,54,54,43,29,29,51,69,69,33,75,23,23,21,8,7,29,29,19,19,19,41,17,1,1,23,0],"gold":156,"neow_bonus":"ONE_RARE_RELIC","is_prod":false,"is_daily":false,"chose_seed":false,"campfire_upgraded":1,"win_rate":0,"timestamp":1555812553,"path_taken":["M","M","$","M","M","E","R","E","T","?","?","?","R","?","R","BOSS","M","?","M","M","M","R","?","M","T","?","R","E","M","$","R","BOSS"],"build_version":"2019-01-23","purchased_purges":1,"victory":false,"max_hp_per_floor":[75,75,75,75,75,75,75,75,75,75,75,75,75,75,75,75,75,75,75,75,75,75,75,75,75,75,75,75,75,75,75,75,75],"card_choices":[{"not_picked":["Steam Power","Turbo"],"picked":"Ball Lightning","floor":1},{"not_picked":["Hello World","Sweeping Beam"],"picked":"Rebound","floor":2},{"not_picked":["Conserve Battery","Sweeping Beam"],"picked":"Coolheaded","floor":4},{"not_picked":["Rebound","Conserve Battery"],"picked":"Reboot","floor":5},{"not_picked":["Ball Lightning","FTL"],"picked":"Capacitor","floor":6},{"not_picked":["Ball Lightning","Sweeping Beam"],"picked":"Chill","floor":8},{"not_picked":["Hologram","Redo"],"picked":"Hyperbeam","floor":11},{"not_picked":["Amplify","Rainbow"],"picked":"Seek","floor":16},{"not_picked":["Auto Shields","Stack"],"picked":"Rebound+1","floor":18},{"not_picked":["Steam Power+1","Stack","Sweeping Beam"],"picked":"SKIP","floor":20},{"not_picked":["Reprogram","Leap"],"picked":"Buffer","floor":21},{"not_picked":["Leap","Stack+1"],"picked":"Hologram+1","floor":22},{"not_picked":["Steam Power+1","Ball Lightning+1"],"picked":"Hologram","floor":25},{"not_picked":["Stack+1","Rebound"],"picked":"Gash","floor":27},{"not_picked":["Fusion","Redo"],"picked":"Blizzard","floor":28},{"not_picked":["Compile Driver","Consume"],"picked":"Beam Cell","floor":29},{"not_picked":["Auto Shields","Hologram+1","Undo"],"picked":"SKIP","floor":30},{"not_picked":["Compile Driver","Stack+1"],"picked":"Turbo","floor":32}],"player_experience":43343,"relics_obtained":[{"floor":6,"key":"Mummified Hand"},{"floor":8,"key":"Smiling Mask"},{"floor":9,"key":"PreservedInsect"},{"floor":11,"key":"Whetstone"},{"floor":26,"key":"Dream Catcher"},{"floor":29,"key":"DataDisk"}],"event_choices":[{"damage_healed":0,"gold_gain":75,"player_choice":"Gather Gold","damage_taken":11,"max_hp_gain":0,"max_hp_loss":0,"event_name":"World of Goop","floor":10,"gold_loss":0},{"damage_healed":0,"gold_gain":0,"player_choice":"Searched \u00271\u0027 times","damage_taken":0,"max_hp_gain":0,"max_hp_loss":0,"event_name":"Dead Adventurer","floor":11,"gold_loss":0},{"damage_healed":18,"gold_gain":0,"player_choice":"Healed and dodged fight","damage_taken":0,"max_hp_gain":0,"max_hp_loss":0,"event_name":"Mushrooms","floor":14,"gold_loss":0,"cards_obtained":["Parasite"]},{"damage_healed":0,"gold_gain":0,"player_choice":"Opened","damage_taken":0,"relics_obtained":["MawBank"],"max_hp_gain":0,"max_hp_loss":0,"event_name":"The Mausoleum","floor":19,"gold_loss":0,"cards_obtained":["Writhe"]},{"cards_removed":["Writhe"],"damage_healed":0,"gold_gain":0,"player_choice":"Elegance","damage_taken":0,"max_hp_gain":0,"max_hp_loss":0,"event_name":"Back to Basics","floor":24,"gold_loss":0}],"is_beta":false,"boss_relics":[{"not_picked":["Lizard Tail","Astrolabe"],"picked":"FrozenCore"}],"items_purged_floors":[3],"is_endless":false,"potions_floor_spawned":[2,8,16,20,22,27,29],"killed_by":"Automaton","ascension_level":0}