{"gold_per_floor":[115,115,65,82,94,94,150,150,195,370,386,419,31,49,49,126,126,112,44,63,263,280,310,310,338,362,362,375,375],"floor_reached":29,"playtime":1047,"items_purged":["Doubt"],"score":464,"play_id":"d9793827-aa76-4427-80c5-3a5521589dc6","local_time":"20190517173731","is_ascension_mode":true,"campfire_choices":[{"data":"Dash","floor":6,"key":"SMITH"},{"floor":8,"key":"REST"},{"floor":15,"key":"REST"},{"floor":24,"key":"REST"},{"floor":27,"key":"REST"}],"neow_cost":"NONE","seed_source_timestamp":2758971065781407,"circlet_count":0,"master_deck":["AscendersBane","Defend_G","Defend_G","Defend_G","Defend_G","Defend_G","Strike_G","Strike_G","Strike_G","Strike_G","Strike_G","Survivor","Neutralize","Deadly Poison","Poisoned Stab","Dash+1","Poisoned Stab","Dagger Throw","PiercingWail","Footwork","Dodge and Roll","A Thousand Cuts","Flying Knee+1","Caltrops","Escape Plan","Bane","Pain","Distraction+1"],"relics":["Ring of the Snake","Regal Pillow","Snake Skull","Tiny Chest","Blood Vial","Dodecahedron","Meat on the Bone","Cursed Key","The Specimen","Strawberry","Centennial Puzzle"],"potions_floor_usage":[18,23,25],"damage_taken":[{"damage":2,"enemies":"Jaw Worm","floor":1,"turns":7},{"damage":0,"enemies":"Small Slimes","floor":4,"turns":3},{"damage":0,"enemies":"Cultist","floor":5,"turns":3},{"damage":19,"enemies":"3 Sentries","floor":7,"turns":12},{"damage":0,"enemies":"3 Louse","floor":11,"turns":3},{"damage":36,"enemies":"Gremlin Nob","floor":12,"turns":4},{"damage":13,"enemies":"Gremlin Gang","floor":14,"turns":5},{"damage":44,"enemies":"Slime Boss","floor":16,"turns":16},{"damage":8,"enemies":"2 Thieves","floor":18,"turns":4},{"damage":6,"enemies":"3 Byrds","floor":20,"turns":4},{"damage":20,"enemies":"Snecko","floor":22,"turns":5},{"damage":57,"enemies":"Slavers","floor":23,"turns":8},{"damage":45,"enemies":"Book of Stabbing","floor":25,"turns":6},{"damage":8,"enemies":"3 Cultists","floor":28,"turns":5},{"damage":60,"enemies":"Gremlin Leader","floor":29,"turns":8}],"seed_played":"-8881217701367241694","potions_obtained":[{"floor":5,"key":"Block Potion"},{"floor":7,"key":"Dexterity Potion"},{"floor":14,"key":"FairyPotion"},{"floor":20,"key":"SkillPotion"},{"floor":23,"key":"SkillPotion"},{"floor":28,"key":"Ancient Potion"}],"is_trial":false,"path_per_floor":["M","?","?","M","M","R","E","R","T","?","M","E","$","M","R","B",null,"M","$","M","?","M","E","R","E","T","R","M","E"],"character_chosen":"THE_SILENT","items_purchased":["Meat on the Bone","Footwork","Caltrops"],"campfire_rested":4,"item_purchase_floors":[13,13,19],"current_hp_per_floor":[57,57,57,57,57,57,38,66,66,66,66,30,30,31,65,34,58,52,52,48,48,42,16,50,26,26,62,56,0],"gold":375,"neow_bonus":"RANDOM_COMMON_RELIC","is_prod":false,"is_daily":false,"chose_seed":false,"campfire_upgraded":1,"win_rate":0,"timestamp":1558071451,"path_taken":["M","?","?","M","M","R","E","R","T","?","M","E","$","M","R","BOSS","M","$","M","?","?","E","R","E","T","R","M","E"],"build_version":"2019-01-23","purchased_purges":1,"victory":false,"max_hp_per_floor":[66,66,66,66,66,66,66,66,66,66,66,66,66,66,66,66,66,66,66,66,66,66,66,66,73,73,73,73,73],"card_choices":[{"not_picked":["Calculated Gamble","Cloak And Dagger"],"picked":"Deadly Poison","floor":1},{"not_picked":["Accuracy","Outmaneuver"],"picked":"Poisoned Stab","floor":4},{"not_picked":["Slice","Infinite Blades"],"picked":"Dash","floor":5},{"not_picked":["Blade Dance","Doppelganger"],"picked":"Poisoned Stab","floor":7},{"not_picked":["Flechettes","Quick Slash"],"picked":"Dagger Throw","floor":11},{"not_picked":["Terror","Setup"],"picked":"PiercingWail","floor":12},{"not_picked":["Accuracy","Wraith Form v2"],"picked":"Dodge and Roll","floor":14},{"not_picked":["Corpse Explosion","Glass Knife"],"picked":"A Thousand Cuts","floor":16},{"not_picked":["Blade Dance+1","Underhanded Strike"],"picked":"Flying Knee+1","floor":18},{"not_picked":["Concentrate","Slice"],"picked":"Escape Plan","floor":20},{"not_picked":["Tactician","Accuracy+1","Predator"],"picked":"SKIP","floor":22},{"not_picked":["Endless Agony+1","Riddle With Holes+1","Eviscerate"],"picked":"SKIP","floor":23},{"not_picked":["Deadly Poison","Cloak And Dagger"],"picked":"Bane","floor":25},{"not_picked":["Quick Slash","PiercingWail"],"picked":"Distraction+1","floor":28}],"player_experience":285897,"relics_obtained":[{"floor":7,"key":"Tiny Chest"},{"floor":9,"key":"Blood Vial"},{"floor":12,"key":"Dodecahedron"},{"floor":23,"key":"The Specimen"},{"floor":25,"key":"Strawberry"},{"floor":26,"key":"Centennial Puzzle"}],"event_choices":[{"damage_healed":0,"gold_gain":0,"player_choice":"Box","damage_taken":0,"relics_obtained":["Snake Skull"],"max_hp_gain":0,"max_hp_loss":0,"event_name":"Big Fish","floor":2,"gold_loss":0,"cards_obtained":["Regret"]},{"cards_removed":["Regret"],"damage_healed":0,"gold_gain":0,"player_choice":"Card Removal","damage_taken":0,"max_hp_gain":0,"max_hp_loss":0,"event_name":"The Cleric","floor":3,"gold_loss":50},{"damage_healed":0,"gold_gain":175,"player_choice":"AGREE","damage_taken":0,"max_hp_gain":0,"max_hp_loss":0,"event_name":"Liars Game","floor":10,"gold_loss":0,"cards_obtained":["Doubt"]},{"damage_healed":0,"gold_gain":250,"player_choice":"Bet on Owner","damage_taken":0,"max_hp_gain":0,"max_hp_loss":0,"event_name":"The Joust","floor":21,"gold_loss":50}],"is_beta":false,"boss_relics":[{"not_picked":["Empty Cage","Philosopher\u0027s Stone"],"picked":"Cursed Key"}],"items_purged_floors":[13],"is_endless":false,"potions_floor_spawned":[5,7,12,14,16,20,23,28],"killed_by":"Gremlin Leader","ascension_level":14}