{"gold_per_floor":[119,131,59,59,76,76,46,46,96,129,141,141,141],"floor_reached":13,"playtime":574,"items_purged":[],"score":112,"play_id":"407cce3d-20df-47a1-9162-1878d4613bd3","local_time":"20190504214036","is_ascension_mode":true,"campfire_choices":[{"data":"Well Laid Plans","floor":6,"key":"SMITH"},{"data":"Neutralize","floor":8,"key":"SMITH"},{"floor":12,"key":"REST"}],"neow_cost":"NONE","seed_source_timestamp":1650814124074051,"circlet_count":0,"master_deck":["Defend_G","Defend_G","Defend_G","Defend_G","Defend_G","Strike_G","Strike_G","Strike_G","Strike_G","Survivor","Neutralize+1","Bane","Backflip","Well Laid Plans+1","Tools of the Trade","Distraction","Leg Sweep","Dodge and Roll","Flying Knee"],"relics":["Runic Dome"],"potions_floor_usage":[10],"damage_taken":[{"damage":10,"enemies":"Cultist","floor":1,"turns":5},{"damage":7,"enemies":"2 Louse","floor":2,"turns":3},{"damage":0,"enemies":"Jaw Worm","floor":5,"turns":5},{"damage":0,"enemies":"Looter","floor":7,"turns":4},{"damage":12,"enemies":"Lagavulin","floor":10,"turns":11},{"damage":0,"enemies":"Large Slime","floor":11,"turns":6},{"damage":63,"enemies":"Gremlin Nob","floor":13,"turns":6}],"seed_played":"2129640322116895162","potions_obtained":[{"floor":5,"key":"PowerPotion"},{"floor":10,"key":"EssenceOfSteel"}],"is_trial":false,"path_per_floor":["M","M","$","?","M","R","M","R","T","E","M","R","E"],"character_chosen":"THE_SILENT","items_purchased":["Well Laid Plans"],"campfire_rested":1,"item_purchase_floors":[3],"current_hp_per_floor":[53,46,46,46,46,46,46,46,46,34,34,55,0],"gold":141,"neow_bonus":"BOSS_RELIC","is_prod":false,"is_daily":false,"chose_seed":false,"campfire_upgraded":2,"win_rate":0,"timestamp":1556962836,"path_taken":["M","M","$","?","?","R","M","R","T","E","M","R","E"],"build_version":"2019-01-23","purchased_purges":0,"victory":false,"max_hp_per_floor":[70,70,70,70,70,70,70,70,70,70,70,70,70],"card_choices":[{"not_picked":["Dagger Throw","Calculated Gamble"],"picked":"Bane","floor":1},{"not_picked":["Quick Slash","Bane"],"picked":"Backflip","floor":2},{"not_picked":["Wraith Form v2","Blade Dance"],"picked":"Distraction","floor":5},{"not_picked":["Blade Dance","Choke"],"picked":"Leg Sweep","floor":7},{"not_picked":["Bane","Riddle With Holes"],"picked":"Dodge and Roll","floor":10},{"not_picked":["Flechettes","Catalyst"],"picked":"Flying Knee","floor":11}],"player_experience":180171,"relics_obtained":[],"event_choices":[{"damage_healed":0,"gold_gain":0,"cards_transformed":["Strike_G"],"player_choice":"Transformed","damage_taken":0,"max_hp_gain":0,"max_hp_loss":0,"event_name":"Transmorgrifier","floor":4,"gold_loss":0,"cards_obtained":["Tools of the Trade"]}],"is_beta":false,"boss_relics":[],"items_purged_floors":[],"is_endless":false,"potions_floor_spawned":[5,10],"killed_by":"Gremlin Nob","ascension_level":7}