{"gold_per_floor":[116,116,136,155,155,155,155,179,203,244,244,283,283,304,304,304],"floor_reached":16,"playtime":558,"items_purged":[],"score":138,"play_id":"4df7bb4b-d64c-4654-a03c-e41b170f53cb","local_time":"20181031005646","is_ascension_mode":true,"campfire_choices":[{"data":"Rampage","floor":6,"key":"SMITH"},{"data":"Combust","floor":11,"key":"SMITH"},{"data":"Wild Strike","floor":13,"key":"SMITH"},{"data":"True Grit","floor":15,"key":"SMITH"}],"neow_cost":"NONE","seed_source_timestamp":356893688727784,"circlet_count":0,"master_deck":["Strike_R","Strike_R","Strike_R","Strike_R","Defend_R","Defend_R","Defend_R","Defend_R","Bash+1","Rampage+1","Wild Strike+1","Combust+1","Thunderclap","True Grit+1"],"relics":["Burning Blood","Bronze Scales","Golden Idol","Happy Flower","Lantern","Anchor"],"potions_floor_usage":[10],"damage_taken":[{"damage":3,"enemies":"2 Louse","floor":1,"turns":3},{"damage":6,"enemies":"Jaw Worm","floor":3,"turns":4},{"damage":0,"enemies":"Cultist","floor":4,"turns":4},{"damage":15,"enemies":"3 Louse","floor":8,"turns":2},{"damage":6,"enemies":"Gremlin Nob","floor":10,"turns":3},{"damage":28,"enemies":"3 Sentries","floor":12,"turns":4},{"damage":0,"enemies":"Looter","floor":14,"turns":2},{"damage":11,"enemies":"Hexaghost","floor":16,"turns":4}],"seed_played":"-7765287565573225139","potions_obtained":[{"floor":1,"key":"Block Potion"},{"floor":4,"key":"Dexterity Potion"},{"floor":10,"key":"SteroidPotion"}],"is_trial":false,"path_per_floor":["M","?","M","M","?","R","?","M","T","E","R","E","R","M","R"],"character_chosen":"IRONCLAD","items_purchased":[],"campfire_rested":0,"item_purchase_floors":[],"current_hp_per_floor":[80,55,55,61,61,61,54,45,45,45,45,23,23,29,29,18],"gold":304,"neow_bonus":"UPGRADE_CARD","is_prod":false,"is_daily":false,"chose_seed":false,"campfire_upgraded":4,"win_rate":0,"timestamp":1540915006,"path_taken":["M","?","M","?","?","R","?","M","T","E","R","E","R","M","R","BOSS"],"build_version":"2018-10-25v2","purchased_purges":0,"victory":false,"max_hp_per_floor":[80,80,80,80,74,74,74,74,74,74,74,74,74,74,74,74],"card_choices":[{"not_picked":["Headbutt","Corruption"],"picked":"Rampage","floor":1},{"not_picked":["Flame Barrier","Anger"],"picked":"Wild Strike","floor":3},{"not_picked":["Wild Strike","Clash"],"picked":"Combust","floor":4},{"not_picked":["Fire Breathing","Bloodletting"],"picked":"Thunderclap","floor":8},{"not_picked":["Sentinel","Uppercut","Headbutt"],"picked":"SKIP","floor":10},{"not_picked":["Thunderclap","Headbutt","Cleave"],"picked":"SKIP","floor":12},{"not_picked":["Warcry","Havoc"],"picked":"True Grit","floor":14}],"player_experience":412678,"relics_obtained":[{"floor":9,"key":"Happy Flower"},{"floor":10,"key":"Lantern"},{"floor":12,"key":"Anchor"}],"event_choices":[{"damage_healed":0,"gold_gain":0,"player_choice":"Success","damage_taken":25,"relics_obtained":["Bronze Scales"],"max_hp_gain":0,"max_hp_loss":0,"event_name":"Scrap Ooze","floor":2,"gold_loss":0},{"damage_healed":0,"gold_gain":0,"player_choice":"Lose Max HP","damage_taken":0,"relics_obtained":["Golden Idol"],"max_hp_gain":0,"max_hp_loss":6,"event_name":"Golden Idol","floor":5,"gold_loss":0},{"cards_removed":["Strike_R"],"damage_healed":0,"gold_gain":0,"player_choice":"Card Removal","damage_taken":7,"max_hp_gain":0,"max_hp_loss":0,"event_name":"Golden Wing","floor":7,"gold_loss":0}],"is_beta":false,"boss_relics":[],"items_purged_floors":[],"is_endless":false,"potions_floor_spawned":[1,4,10],"killed_by":"Hexaghost","ascension_level":5}