{"gold_per_floor":[214,6,20,20,20,20,36,36,63,397,397,412,412,412,412,412],"floor_reached":16,"playtime":315,"items_purged":[],"score":98,"play_id":"6eea8d01-2fbf-4bbe-8c23-5c2b9bbb420d","local_time":"20181210172136","is_ascension_mode":false,"campfire_choices":[{"data":"Zap","floor":6.0,"key":"SMITH"},{"data":"Dualcast","floor":8.0,"key":"SMITH"},{"data":"Barrage","floor":11,"key":"SMITH"},{"data":"Reinforced Body","floor":13,"key":"SMITH"},{"data":"Melter","floor":15,"key":"SMITH"}],"neow_cost":"NONE","seed_source_timestamp":2210564602016200,"circlet_count":0,"master_deck":["Strike_B","Strike_B","Strike_B","Strike_B","Defend_B","Defend_B","Defend_B+1","Defend_B+1","Zap+1","Dualcast+1","Melter+1","Barrage+1","Leap","Reinforced Body+1"],"special_seed":0,"relics":["Cracked Core","Runic Capacitor","Golden Idol","Smiling Mask","Old Coin"],"potions_floor_usage":[],"damage_taken":[{"damage":0.0,"enemies":"Small Slimes","floor":1.0,"turns":3.0},{"damage":0.0,"enemies":"Cultist","floor":3.0,"turns":2.0},{"damage":0.0,"enemies":"Jaw Worm","floor":7.0,"turns":3.0},{"damage":21,"enemies":"Lagavulin","floor":10,"turns":7},{"damage":1,"enemies":"Looter","floor":12,"turns":3},{"damage":39,"enemies":"Slime Boss","floor":16,"turns":10}],"seed_played":"-7223321326883156242","potions_obtained":[{"floor":10,"key":"Dexterity Potion"}],"is_trial":false,"path_per_floor":["M","$","M","?","?","R","M","R","T","E","R","M","R","?","R","B"],"character_chosen":"DEFECT","items_purchased":["Runic Capacitor"],"campfire_rested":0,"item_purchase_floors":[2],"current_hp_per_floor":[75,75,75,69,69,69,69,69,69,48,48,47,47,33,33,0],"gold":412,"neow_bonus":"HUNDRED_GOLD","is_prod":false,"is_daily":false,"chose_seed":false,"campfire_upgraded":5,"win_rate":0,"timestamp":1544430096,"path_taken":["M","$","M","?","?","R","M","R","T","E","R","?","R","?","R","BOSS"],"build_version":"2018-12-06","purchased_purges":0,"victory":false,"max_hp_per_floor":[75,75,75,69,69,69,69,69,69,69,69,69,69,69,69,69],"card_choices":[{"not_picked":["Gash","Steam"],"picked":"Melter","floor":1.0},{"not_picked":["Heatsinks","Doom and Gloom"],"picked":"Barrage","floor":3.0},{"not_picked":["Rebound","Compile Driver","Steam"],"picked":"SKIP","floor":7.0},{"not_picked":["Redo","Stack"],"picked":"Leap","floor":10},{"not_picked":["Steam","Stack"],"picked":"Reinforced Body","floor":12}],"player_experience":556991,"relics_obtained":[{"floor":9.0,"key":"Smiling Mask"},{"floor":10,"key":"Old Coin"}],"event_choices":[{"damage_healed":0.0,"max_hp_gain":0.0,"max_hp_loss":6.0,"gold_gain":0.0,"event_name":"Golden Idol","player_choice":"Lose Max HP","floor":4.0,"gold_loss":0.0,"damage_taken":0.0,"relics_obtained":["Golden Idol"]},{"damage_healed":0.0,"max_hp_gain":0.0,"max_hp_loss":0.0,"gold_gain":0.0,"event_name":"Wheel of Change","player_choice":"Full Heal","floor":5.0,"gold_loss":0.0,"damage_taken":0.0},{"damage_healed":0,"gold_gain":0,"player_choice":"Entered Light","damage_taken":14,"max_hp_gain":0,"max_hp_loss":0,"event_name":"Shining Light","floor":14,"gold_loss":0,"cards_upgraded":["Defend_B","Defend_B"]}],"is_beta":false,"boss_relics":[],"items_purged_floors":[],"is_endless":false,"potions_floor_spawned":[10],"killed_by":"Slime Boss","ascension_level":0}