{"gold_per_floor":[113,133,151,326,45,45,78,78,78,91,166,180,192,12,12,109,109,123,222,52,66,82,82,82],"floor_reached":24,"playtime":828,"items_purged":["Doubt","Strike_B","Strike_B"],"score":248,"play_id":"f602d02b-6e3f-408a-8daa-b70800ef69ae","local_time":"20181208044219","is_ascension_mode":true,"campfire_choices":[{"data":"Zap","floor":6,"key":"SMITH"},{"data":"Dualcast","floor":8,"key":"SMITH"},{"floor":15,"key":"REST"},{"data":"Redo","floor":23,"key":"SMITH"}],"neow_cost":"TEN_PERCENT_HP_LOSS","seed_source_timestamp":1991716536521032,"circlet_count":0,"master_deck":["Strike_B","Strike_B","Defend_B","Defend_B","Defend_B","Defend_B","Zap+1","Dualcast+1","Storm","Tempest","Static Discharge","Leap","Defragment","Lockon","Chill","Ball Lightning","Undo","Electrodynamics","Conserve Battery+1","Ball Lightning","Self Repair+1","Steam","Redo+1","Barrage"],"relics":["Cracked Core","Emotion Chip","Runic Capacitor","Prayer Wheel","Sundial","Velvet Choker"],"potions_floor_usage":[7,24,24],"damage_taken":[{"damage":0,"enemies":"2 Louse","floor":1,"turns":1},{"damage":7,"enemies":"Jaw Worm","floor":2,"turns":3},{"damage":2,"enemies":"Small Slimes","floor":3,"turns":3},{"damage":20,"enemies":"Lagavulin","floor":7,"turns":5},{"damage":0,"enemies":"2 Fungi Beasts","floor":10,"turns":3},{"damage":1,"enemies":"Looter","floor":12,"turns":2},{"damage":11,"enemies":"Red Slaver","floor":13,"turns":3},{"damage":9,"enemies":"Slime Boss","floor":16,"turns":8},{"damage":11,"enemies":"Chosen","floor":18,"turns":5},{"damage":5,"enemies":"Shell Parasite","floor":21,"turns":4},{"damage":19,"enemies":"Snake Plant","floor":22,"turns":3},{"damage":16,"enemies":"Colosseum Slavers","floor":24,"turns":3},{"damage":25,"enemies":"Colosseum Nobs","floor":24,"turns":3}],"seed_played":"-6029422020024608322","potions_obtained":[{"floor":1,"key":"Poison Potion"},{"floor":3,"key":"FairyPotion"},{"floor":10,"key":"Ancient Potion"},{"floor":16,"key":"Block Potion"},{"floor":21,"key":"FearPotion"}],"is_trial":false,"path_per_floor":["M","M","M","?","$","R","E","R","T","M","?","M","M","$","R","B",null,"M","?","$","M","M","R","?"],"character_chosen":"DEFECT","items_purchased":["Runic Capacitor","Undo","Ball Lightning"],"campfire_rested":1,"item_purchase_floors":[5,14,20],"current_hp_per_floor":[68,61,59,59,59,59,39,39,39,39,28,27,16,16,36,27,58,47,47,47,42,33,33,0],"gold":82,"neow_bonus":"ONE_RARE_RELIC","is_prod":false,"is_daily":false,"chose_seed":false,"campfire_upgraded":3,"win_rate":0,"timestamp":1544211739,"path_taken":["M","M","M","?","$","R","E","R","T","M","?","M","M","$","R","BOSS","M","?","$","M","M","R","?"],"build_version":"2018-12-06","purchased_purges":3,"victory":false,"max_hp_per_floor":[68,68,68,68,68,68,68,68,68,68,68,68,68,68,68,68,68,68,68,68,68,68,68,68],"card_choices":[{"not_picked":["Rebound","Hello World"],"picked":"Storm","floor":1},{"not_picked":["Compile Driver","Double Energy"],"picked":"Tempest","floor":2},{"not_picked":["Steam","Leap"],"picked":"Static Discharge","floor":3},{"not_picked":["Turbo","Chaos"],"picked":"Leap","floor":7},{"not_picked":["Go for the Eyes","Coolheaded"],"picked":"Defragment","floor":10},{"not_picked":["Gash","Force Field"],"picked":"Lockon","floor":10},{"not_picked":["Compile Driver","Static Discharge"],"picked":"Chill","floor":12},{"not_picked":["Sunder","Static Discharge","Coolheaded"],"picked":"SKIP","floor":12},{"not_picked":["Rip and Tear","Compile Driver"],"picked":"Ball Lightning","floor":13},{"not_picked":["Rip and Tear","Chaos","Skim"],"picked":"SKIP","floor":13},{"not_picked":["Biased Cognition","Hyperbeam"],"picked":"Electrodynamics","floor":16},{"not_picked":["Gash","Barrage+1"],"picked":"Conserve Battery+1","floor":18},{"not_picked":["Lockon","Cold Snap","Turbo"],"picked":"SKIP","floor":18},{"not_picked":["Beam Cell+1","Chaos"],"picked":"Self Repair+1","floor":21},{"not_picked":["Self Repair","Cold Snap+1"],"picked":"Steam","floor":21},{"not_picked":["Aggregate","Compile Driver+1"],"picked":"Redo","floor":22},{"not_picked":["Beam Cell","Redo"],"picked":"Barrage","floor":22}],"player_experience":510991,"relics_obtained":[{"floor":7,"key":"Prayer Wheel"},{"floor":9,"key":"Sundial"}],"event_choices":[{"damage_healed":0,"gold_gain":175,"player_choice":"AGREE","damage_taken":0,"max_hp_gain":0,"max_hp_loss":0,"event_name":"Liars Game","floor":4,"gold_loss":0,"cards_obtained":["Doubt"]},{"damage_healed":0,"gold_gain":75,"player_choice":"Gather Gold","damage_taken":11,"max_hp_gain":0,"max_hp_loss":0,"event_name":"World of Goop","floor":11,"gold_loss":0},{"damage_healed":0,"gold_gain":99,"player_choice":"Stole From Cult","damage_taken":0,"max_hp_gain":0,"max_hp_loss":0,"event_name":"Nest","floor":19,"gold_loss":0},{"damage_healed":0,"gold_gain":0,"player_choice":"Fight","damage_taken":0,"max_hp_gain":0,"max_hp_loss":0,"event_name":"Colosseum","floor":24,"gold_loss":0},{"damage_healed":0,"gold_gain":0,"player_choice":"Fought Nobs","damage_taken":0,"max_hp_gain":0,"max_hp_loss":0,"event_name":"Colosseum","floor":24,"gold_loss":0}],"is_beta":false,"boss_relics":[{"not_picked":["White Beast Statue","Calling Bell"],"picked":"Velvet Choker"}],"items_purged_floors":[5,14,20],"is_endless":false,"potions_floor_spawned":[1,3,10,16,21,24],"killed_by":"Colosseum Nobs","ascension_level":5}