{"gold_per_floor":[115,128,5,180,190,190,225,251,289,301,313,335,115,115,115,115],"floor_reached":16,"playtime":732,"items_purged":["Doubt"],"score":125,"play_id":"987b9ac0-f819-43d1-8b8e-a950c7eec662","local_time":"20180918202839","is_ascension_mode":true,"campfire_choices":[{"data":"Neutralize","floor":6,"key":"SMITH"},{"data":"Noxious Fumes","floor":10,"key":"SMITH"},{"floor":15,"key":"REST"}],"neow_cost":"","seed_source_timestamp":224042106424504,"circlet_count":0,"master_deck":["Defend_G","Defend_G","Defend_G","Defend_G+1","Defend_G","Strike_G","Strike_G","Strike_G","Strike_G","Strike_G","Survivor","Neutralize+1","Quick Slash","Noxious Fumes+1","Poisoned Stab","Cloak And Dagger","Backflip+1","PiercingWail","Backflip","Envenom"],"relics":["Ring of the Snake","MawBank","Ancient Tea Set"],"potions_floor_usage":[7],"damage_taken":[{"damage":0,"enemies":"2 Louse","floor":1,"turns":5},{"damage":1,"enemies":"Jaw Worm","floor":2,"turns":6},{"damage":0,"enemies":"Cultist","floor":5,"turns":4},{"damage":12,"enemies":"3 Sentries","floor":7,"turns":9},{"damage":4,"enemies":"Blue Slaver","floor":8,"turns":5},{"damage":4,"enemies":"Exordium Wildlife","floor":12,"turns":4},{"damage":0,"enemies":"Slime Boss","floor":16,"turns":3}],"seed_played":"7533530548990517661","potions_obtained":[{"floor":1,"key":"GamblersBrew"},{"floor":14,"key":"Regen Potion"},{"floor":14,"key":"SkillPotion"}],"is_trial":false,"path_per_floor":["M","M","$","?","M","R","E","M","T","R","?","M","$","?","R"],"character_chosen":"THE_SILENT","items_purchased":["Noxious Fumes","Poisoned Stab","Envenom"],"campfire_rested":1,"item_purchase_floors":[3,3,13],"current_hp_per_floor":[70,69,69,69,69,69,57,53,53,53,39,35,35,35,56,56],"gold":115,"neow_bonus":"","is_prod":false,"is_daily":false,"chose_seed":false,"campfire_upgraded":2,"win_rate":0,"timestamp":1537270119,"path_taken":["M","M","$","?","M","R","E","?","T","R","?","M","$","?","R","BOSS"],"build_version":"2018-09-06","purchased_purges":1,"victory":false,"max_hp_per_floor":[70,70,70,70,70,70,70,70,70,70,70,70,70,70,70,70],"card_choices":[{"not_picked":["Tactician","Acrobatics","Heel Hook"],"picked":"SKIP","floor":1},{"not_picked":["Prepared","Bouncing Flask"],"picked":"Quick Slash","floor":2},{"not_picked":["Accuracy","Flying Knee"],"picked":"Cloak And Dagger","floor":5},{"not_picked":["Calculated Gamble","Sucker Punch"],"picked":"Backflip","floor":7},{"not_picked":["Skewer","Crippling Poison"],"picked":"PiercingWail","floor":8},{"not_picked":["Sucker Punch","Deadly Poison"],"picked":"Backflip","floor":12}],"player_experience":287393,"relics_obtained":[{"floor":7,"key":"MawBank"},{"floor":9,"key":"Ancient Tea Set"}],"event_choices":[{"event_name":"Liars Game","player_choice":"agreed","floor":4,"damage_taken":0},{"event_name":"Shining Light","player_choice":"Entered Light","floor":11,"damage_taken":0},{"event_name":"The Lab","player_choice":"Got Potions","floor":14,"damage_taken":0}],"is_beta":false,"boss_relics":[],"items_purged_floors":[13],"is_endless":false,"potions_floor_spawned":[1],"killed_by":"Slime Boss","ascension_level":5}