{"gold_per_floor":[219,237,253,253,265,265,245,245,270,326,346,418,418,435,435,435],"floor_reached":16,"playtime":937,"items_purged":[],"score":102,"play_id":"d8c68005-57e2-4040-9e91-a548c5765119","local_time":"20180707202953","is_ascension_mode":false,"campfire_choices":[{"data":"Shrug It Off","floor":6,"key":"SMITH"},{"data":"Rampage","floor":8,"key":"SMITH"},{"floor":13,"key":"REST"},{"data":"Ghostly Armor","floor":15,"key":"SMITH"}],"neow_cost":"NONE","seed_source_timestamp":83290760734390,"circlet_count":0,"master_deck":["Strike_R","Strike_R","Strike_R","Strike_R","Strike_R","Defend_R","Defend_R","Defend_R","Defend_R","Bash","Shrug It Off+1","Headbutt","Cleave","Rampage+1","Ghostly Armor+1","Infernal Blade","Shrug It Off"],"relics":["Burning Blood","Regal Pillow","Tiny Chest","Odd Mushroom","Ornamental Fan"],"potions_floor_usage":[14,16,16],"damage_taken":[{"damage":4,"enemies":"Cultist","floor":1,"turns":4},{"damage":0,"enemies":"2 Louse","floor":2,"turns":4},{"damage":0,"enemies":"Small Slimes","floor":3,"turns":4},{"damage":2,"enemies":"Looter","floor":5,"turns":4},{"damage":16,"enemies":"Exordium Thugs","floor":7,"turns":6},{"damage":31,"enemies":"Lagavulin","floor":10,"turns":7},{"damage":27,"floor":11,"turns":5},{"damage":1,"enemies":"Large Slime","floor":14,"turns":6},{"damage":74,"enemies":"Hexaghost","floor":16,"turns":11}],"seed_played":"-1517763985597562052","potions_obtained":[{"floor":5,"key":"EssenceOfSteel"},{"floor":7,"key":"AttackPotion"},{"floor":10,"key":"SkillPotion"}],"is_trial":false,"path_per_floor":["M","M","M","?","M","R","M","R","T","E","?","T","R","M","R"],"character_chosen":"IRONCLAD","items_purchased":[],"campfire_rested":1,"item_purchase_floors":[],"current_hp_per_floor":[80,80,80,85,85,85,75,75,75,50,29,29,69,74,74,0],"gold":435,"neow_bonus":"HUNDRED_GOLD","is_prod":false,"is_daily":false,"chose_seed":false,"campfire_upgraded":3,"win_rate":0.0,"timestamp":1530962993,"path_taken":["M","M","M","?","M","R","M","R","T","E","?","?","R","?","R","BOSS"],"build_version":"2018-07-05","purchased_purges":0,"victory":false,"max_hp_per_floor":[80,80,80,85,85,85,85,85,85,85,85,85,85,85,85,85],"card_choices":[{"not_picked":["Iron Wave","Body Slam"],"picked":"Shrug It Off","floor":1},{"not_picked":["Disarm","True Grit"],"picked":"Headbutt","floor":2},{"not_picked":["Fire Breathing","Thunderclap"],"picked":"Cleave","floor":3},{"not_picked":["Warcry","Flex"],"picked":"Rampage","floor":5},{"not_picked":["Fire Breathing","Sword Boomerang","Heavy Blade"],"picked":"SKIP","floor":7},{"not_picked":["Battle Trance","Entrench"],"picked":"Ghostly Armor","floor":10},{"not_picked":["Body Slam","Iron Wave"],"picked":"Infernal Blade","floor":11},{"not_picked":["Second Wind","Shockwave"],"picked":"Shrug It Off","floor":14}],"player_experience":52133,"relics_obtained":[{"floor":9,"key":"Regal Pillow"},{"floor":10,"key":"Tiny Chest"},{"floor":11,"key":"Odd Mushroom"},{"floor":12,"key":"Ornamental Fan"}],"event_choices":[{"event_name":"Big Fish","player_choice":"Donut","floor":4,"damage_taken":0},{"event_name":"Mushrooms","player_choice":"Fought Mushrooms","floor":11,"damage_taken":0}],"boss_relics":[],"items_purged_floors":[],"is_endless":false,"potions_floor_spawned":[5,7,10,11],"killed_by":"Hexaghost","ascension_level":0}