{"gold_per_floor":[111,130,82,93,93,124,134,151,151,82,82,82,82,95,95,169,169,109,109,74,74,74,74,74],"floor_reached":24,"playtime":1054,"items_purged":[],"score":340,"play_id":"93fd2305-ccaf-4f1d-8fb9-2327e95ec33a","local_time":"20190517210328","is_ascension_mode":true,"campfire_choices":[{"data":"Deadly Poison","floor":15,"key":"SMITH"},{"data":"Footwork","floor":23,"key":"SMITH"}],"neow_cost":"NONE","seed_source_timestamp":2771319388854936,"circlet_count":0,"master_deck":["AscendersBane","Defend_G","Defend_G","Defend_G","Defend_G","Defend_G","Strike_G","Strike_G","Strike_G","Strike_G","Strike_G","Survivor","Neutralize+1","Caltrops","Backflip+1","PiercingWail","Deflect","Bane","Slice","Dash","Deadly Poison+1","Backflip","Blur","Night Terror","Dodge and Roll","Footwork+1","Dodge and Roll","Bane+1"],"relics":["Ring of the Snake","Meat on the Bone","Matryoshka","Happy Flower","Boot","Ectoplasm"],"potions_floor_usage":[6,18,24,24],"damage_taken":[{"damage":0,"enemies":"Small Slimes","floor":1,"turns":3},{"damage":4,"enemies":"Cultist","floor":2,"turns":5},{"damage":3,"enemies":"Jaw Worm","floor":4,"turns":7},{"damage":49,"enemies":"Lagavulin","floor":6,"turns":11},{"damage":0,"enemies":"Exordium Wildlife","floor":7,"turns":5},{"damage":4,"enemies":"Large Slime","floor":8,"turns":8},{"damage":1,"enemies":"Exordium Thugs","floor":14,"turns":5},{"damage":7,"enemies":"Hexaghost","floor":16,"turns":11},{"damage":0,"enemies":"2 Thieves","floor":18,"turns":4},{"damage":35,"enemies":"Chosen","floor":19,"turns":6},{"damage":12,"enemies":"Snake Plant","floor":21,"turns":6},{"damage":15,"enemies":"Snecko","floor":22,"turns":9},{"damage":40,"enemies":"Gremlin Leader","floor":24,"turns":10}],"seed_played":"3254511368916849366","potions_obtained":[{"floor":1,"key":"Strength Potion"},{"floor":2,"key":"Ancient Potion"},{"floor":8,"key":"Poison Potion"},{"floor":16,"key":"Fire Potion"},{"floor":19,"key":"Strength Potion"},{"floor":22,"key":"Block Potion"}],"is_trial":false,"path_per_floor":["M","M","$","M","?","E","M","M","T","$","?","T","?","M","R","B",null,"M","M","$","M","M","R","E"],"character_chosen":"THE_SILENT","items_purchased":["PiercingWail","Deadly Poison","Backflip","Footwork"],"campfire_rested":0,"item_purchase_floors":[3,10,10,20],"current_hp_per_floor":[59,55,55,52,52,3,15,23,23,23,28,28,28,39,39,44,64,64,41,41,41,38,38,0],"gold":74,"neow_bonus":"UPGRADE_CARD","is_prod":false,"is_daily":false,"chose_seed":false,"campfire_upgraded":2,"win_rate":0,"timestamp":1558083808,"path_taken":["M","M","$","M","?","E","M","?","T","$","?","?","?","M","R","BOSS","M","M","$","M","M","R","E"],"build_version":"2019-01-23","purchased_purges":0,"victory":false,"max_hp_per_floor":[66,66,66,66,66,66,66,66,66,66,71,71,71,71,71,71,71,71,71,71,71,71,71,71],"card_choices":[{"not_picked":["All Out Attack","Outmaneuver"],"picked":"Caltrops","floor":1},{"not_picked":["Dagger Spray","Flying Knee"],"picked":"Backflip","floor":2},{"not_picked":["Underhanded Strike","Quick Slash"],"picked":"Deflect","floor":4},{"not_picked":["Expertise","Night Terror"],"picked":"Bane","floor":6},{"not_picked":["Skewer","Setup"],"picked":"Slice","floor":7},{"not_picked":["Sucker Punch","Deadly Poison"],"picked":"Dash","floor":8},{"not_picked":["Blade Dance","Sucker Punch"],"picked":"Blur","floor":14},{"not_picked":["Bullet Time","Venomology"],"picked":"Night Terror","floor":16},{"not_picked":["Deflect","Acrobatics","Underhanded Strike"],"picked":"SKIP","floor":18},{"not_picked":["Deadly Poison","Backstab"],"picked":"Dodge and Roll","floor":19},{"not_picked":["Acrobatics","Blade Dance"],"picked":"Dodge and Roll","floor":21},{"not_picked":["Quick Slash","Prepared+1"],"picked":"Bane+1","floor":22}],"player_experience":287599,"relics_obtained":[{"floor":6,"key":"Meat on the Bone"},{"floor":9,"key":"Matryoshka"},{"floor":12,"key":"Happy Flower"},{"floor":12,"key":"Boot"}],"event_choices":[{"damage_healed":0,"gold_gain":0,"player_choice":"Upgraded","damage_taken":0,"max_hp_gain":0,"max_hp_loss":0,"event_name":"Upgrade Shrine","floor":5,"gold_loss":0,"cards_upgraded":["Backflip"]},{"damage_healed":0,"gold_gain":0,"player_choice":"Donut","damage_taken":0,"max_hp_gain":5,"max_hp_loss":0,"event_name":"Big Fish","floor":11,"gold_loss":0},{"damage_healed":0,"gold_gain":0,"player_choice":"Bought 0 Potions","damage_taken":0,"max_hp_gain":0,"max_hp_loss":0,"event_name":"The Woman in Blue","floor":13,"gold_loss":0}],"is_beta":false,"boss_relics":[{"not_picked":["Fusion Hammer","HoveringKite"],"picked":"Ectoplasm"}],"items_purged_floors":[],"is_endless":false,"potions_floor_spawned":[1,2,8,16,19,22],"killed_by":"Gremlin Leader","ascension_level":14}