{"gold_per_floor":[119,131,306,306,104,104,123,123,169,169,195,195,207,221,221,221],"floor_reached":16,"playtime":537,"items_purged":["Doubt"],"score":120,"play_id":"f561fe00-cdd7-4156-a93f-021cd10f0ff8","local_time":"20180915113741","is_ascension_mode":true,"campfire_choices":[{"data":"Zap","floor":6,"key":"SMITH"},{"data":"Dualcast","floor":8,"key":"SMITH"},{"data":"Capacitor","floor":10,"key":"SMITH"},{"data":"Go for the Eyes","floor":15,"key":"SMITH"}],"neow_cost":"NONE","seed_source_timestamp":2305447776526018,"circlet_count":0,"master_deck":["Strike_B","Strike_B","Strike_B","Strike_B+1","Defend_B","Defend_B","Defend_B+1","Defend_B","Zap+1","Dualcast+1","Consume","Capacitor+1","Ball Lightning","Genetic Algorithm","Go for the Eyes+1","Redo"],"relics":["Cracked Core","Happy Flower","Meat on the Bone","Bronze Scales","Pantograph"],"potions_floor_usage":[11,13,16],"damage_taken":[{"damage":12,"enemies":"Jaw Worm","floor":1,"turns":3},{"damage":3,"enemies":"Small Slimes","floor":2,"turns":3},{"damage":0,"enemies":"Cultist","floor":7,"turns":3},{"damage":13,"enemies":"Gremlin Nob","floor":11,"turns":3},{"damage":10,"enemies":"Large Slime","floor":13,"turns":4},{"damage":17,"enemies":"3 Louse","floor":14,"turns":2},{"damage":48,"enemies":"Slime Boss","floor":16,"turns":7}],"seed_played":"-3314808070283196323","potions_obtained":[{"floor":1,"key":"Dexterity Potion"},{"floor":2,"key":"PowerPotion"},{"floor":11,"key":"Explosive Potion"},{"floor":13,"key":"Regen Potion"}],"is_trial":false,"path_per_floor":["M","M","?","T","$","R","M","R","T","R","E","?","M","M","R"],"character_chosen":"DEFECT","items_purchased":["Capacitor","Ball Lightning"],"campfire_rested":0,"item_purchase_floors":[5,5],"current_hp_per_floor":[63,60,60,60,60,60,60,60,60,60,47,32,34,29,29,6],"gold":221,"neow_bonus":"RANDOM_COMMON_RELIC","is_prod":false,"is_daily":false,"chose_seed":false,"campfire_upgraded":4,"win_rate":0,"timestamp":1536979061,"path_taken":["M","M","?","?","$","R","M","R","T","R","E","?","M","M","R","BOSS"],"build_version":"2018-09-06","purchased_purges":1,"victory":false,"max_hp_per_floor":[75,75,75,75,75,75,75,75,75,75,75,75,75,75,75,75],"card_choices":[{"not_picked":["White Noise","Fusion"],"picked":"Consume","floor":1},{"not_picked":["Sweeping Beam","Leap","Gash"],"picked":"SKIP","floor":2},{"not_picked":["Reinforced Body","Glacier","FTL"],"picked":"SKIP","floor":7},{"not_picked":["FTL","Steam Power"],"picked":"Genetic Algorithm","floor":11},{"not_picked":["Sweeping Beam","Leap"],"picked":"Go for the Eyes","floor":13},{"not_picked":["Sweeping Beam","Tempest"],"picked":"Redo","floor":14}],"player_experience":267029,"relics_obtained":[{"floor":4,"key":"Meat on the Bone"},{"floor":9,"key":"Bronze Scales"},{"floor":11,"key":"Pantograph"}],"event_choices":[{"event_name":"Liars Game","player_choice":"agreed","floor":3,"damage_taken":0},{"event_name":"Shining Light","player_choice":"Entered Light","floor":12,"damage_taken":0}],"is_beta":false,"boss_relics":[],"items_purged_floors":[5],"is_endless":false,"potions_floor_spawned":[1,2,11,13],"killed_by":"Slime Boss","ascension_level":4}