{"gold_per_floor":[115,127,127,127,146,146,165,165,165,199,199,199,214,27,27,152,152,171,187,87,87,103,103,142,142,188,229,60,76,91,37,37,158,158,179,21,45,60,81,81,112,112],"floor_reached":42,"playtime":2895,"items_purged":["Defend_G","Defend_G","Strike_G+1"],"score":562,"play_id":"da5169e4-cf66-4e02-9a28-afb760e1dcea","local_time":"20180913125555","is_ascension_mode":true,"campfire_choices":[{"data":"All Out Attack","floor":6,"key":"SMITH"},{"data":"Poisoned Stab","floor":8,"key":"SMITH"},{"data":"Survivor","floor":11,"key":"SMITH"},{"floor":15,"key":"REST"},{"data":"After Image","floor":23,"key":"SMITH"},{"floor":25,"key":"REST"},{"floor":32,"key":"REST"},{"data":"Envenom","floor":40,"key":"SMITH"}],"neow_cost":"NONE","seed_source_timestamp":2134985597292670,"circlet_count":0,"master_deck":["Defend_G+1","Defend_G+1","Defend_G+1","Strike_G+1","Strike_G+1","Strike_G+1","Survivor+1","Neutralize+1","All Out Attack+1","Poisoned Stab+1","PiercingWail+1","PiercingWail+1","Escape Plan+1","Well Laid Plans","After Image+1","Blur+1","Quick Slash+1","Footwork+1","Cloak And Dagger+1","Envenom+1","PiercingWail+1","Blade Dance+1","A Thousand Cuts","Accuracy","Deflect+1","Storm of Steel+1"],"relics":["Ring of the Snake","Toxic Egg 2","Lantern","Art of War","Golden Idol","Black Star","War Paint","Snake Skull","Bronze Scales","Ninja Scroll","Blue Candle","Sozu","Kunai","Pantograph"],"potions_floor_usage":[10,18,24,27,38,38,41],"damage_taken":[{"damage":0,"enemies":"Cultist","floor":1,"turns":3},{"damage":0,"enemies":"Jaw Worm","floor":2,"turns":5},{"damage":0,"enemies":"Small Slimes","floor":5,"turns":3},{"damage":0,"enemies":"Blue Slaver","floor":7,"turns":4},{"damage":8,"enemies":"Lagavulin","floor":10,"turns":5},{"damage":0,"enemies":"Looter","floor":13,"turns":3},{"damage":20,"enemies":"Hexaghost","floor":16,"turns":13},{"damage":7,"enemies":"Spheric Guardian","floor":18,"turns":7},{"damage":9,"enemies":"Chosen","floor":19,"turns":8},{"damage":6,"enemies":"3 Cultists","floor":22,"turns":7},{"damage":1,"enemies":"Gremlin Leader","floor":24,"turns":6},{"damage":3,"enemies":"Slavers","floor":27,"turns":6},{"damage":8,"enemies":"Snecko","floor":29,"turns":5},{"damage":15,"enemies":"Sentry and Sphere","floor":30,"turns":6},{"damage":37,"enemies":"Automaton","floor":33,"turns":10},{"damage":5,"enemies":"Orb Walker","floor":35,"turns":4},{"damage":0,"enemies":"3 Shapes","floor":37,"turns":3},{"damage":20,"enemies":"3 Darklings","floor":38,"turns":4},{"damage":5,"enemies":"Maw","floor":39,"turns":7},{"damage":28,"enemies":"Nemesis","floor":41,"turns":7},{"damage":1,"enemies":"Reptomancer","floor":42,"turns":2}],"seed_played":"2426126641475100668","potions_obtained":[{"floor":1,"key":"SteroidPotion"},{"floor":5,"key":"Strength Potion"},{"floor":10,"key":"GhostInAJar"},{"floor":16,"key":"SpeedPotion"},{"floor":19,"key":"PowerPotion"},{"floor":29,"key":"PowerPotion"},{"floor":33,"key":"PowerPotion"}],"is_trial":false,"path_per_floor":["M","M","?","?","M","R","M","R","T","E","R","?","M","$","R","B",null,"M","M","$","?","M","R","E","R","T","E","$","M","M","$","R","B",null,"M","$","M","M","M","R","E"],"character_chosen":"THE_SILENT","items_purchased":["Escape Plan+1","Well Laid Plans","Cloak And Dagger+1","Envenom","Blade Dance+1","Accuracy"],"campfire_rested":3,"item_purchase_floors":[14,14,28,28,31,36],"current_hp_per_floor":[70,70,58,58,58,58,58,58,58,50,50,33,33,33,54,34,70,63,54,54,54,48,48,47,68,68,65,65,57,42,42,63,26,70,65,65,65,45,40,40,12,11],"gold":112,"neow_bonus":"UPGRADE_CARD","is_prod":false,"is_daily":false,"chose_seed":false,"campfire_upgraded":5,"win_rate":0,"timestamp":1536810955,"path_taken":["M","?","?","?","M","R","M","R","T","E","R","?","?","$","R","BOSS","M","?","$","?","M","R","E","R","T","E","$","M","M","$","R","BOSS","M","$","M","M","M","R","E","M"],"build_version":"2018-09-06","purchased_purges":3,"victory":false,"max_hp_per_floor":[70,70,70,70,70,70,70,70,70,70,70,70,70,70,70,70,70,70,70,70,70,70,70,70,70,70,70,70,70,70,70,70,70,70,70,70,70,70,70,70,70,70],"card_choices":[{"not_picked":["Bouncing Flask","Choke"],"picked":"All Out Attack","floor":1},{"not_picked":["Heel Hook","Dash"],"picked":"Poisoned Stab","floor":2},{"not_picked":["Outmaneuver+1","Prepared+1"],"picked":"PiercingWail+1","floor":5},{"not_picked":["Sucker Punch","Blade Dance+1"],"picked":"PiercingWail+1","floor":7},{"not_picked":["A Thousand Cuts","Heel Hook","Acrobatics+1"],"picked":"SKIP","floor":10},{"not_picked":["Dagger Throw","Flying Knee","Sucker Punch"],"picked":"SKIP","floor":13},{"not_picked":["Die Die Die","Grand Finale"],"picked":"After Image","floor":16},{"not_picked":["Reflex+1","Prepared+1"],"picked":"Blur+1","floor":18},{"not_picked":["Underhanded Strike","Prepared+1","Reflex+1"],"picked":"SKIP","floor":19},{"not_picked":["Dodge and Roll+1","Catalyst+1","Slice"],"picked":"SKIP","floor":22},{"not_picked":["Heel Hook","Concentrate+1"],"picked":"Quick Slash+1","floor":24},{"not_picked":["Accuracy","Deadly Poison+1"],"picked":"Footwork+1","floor":27},{"not_picked":["Underhanded Strike","Night Terror+1"],"picked":"PiercingWail+1","floor":29},{"not_picked":["Flechettes","Flying Knee","Dash"],"picked":"SKIP","floor":30},{"not_picked":["Burst+1","Malaise+1"],"picked":"A Thousand Cuts","floor":33},{"not_picked":["Skewer","Dodge and Roll+1","Flechettes"],"picked":"SKIP","floor":35},{"not_picked":["Masterful Stab","Caltrops","Expertise+1"],"picked":"SKIP","floor":37},{"not_picked":["Tactician+1","Quick Slash","Flying Knee"],"picked":"SKIP","floor":38},{"not_picked":["Blur+1","Expertise+1"],"picked":"Deflect+1","floor":39},{"not_picked":["Eviscerate+1","Outmaneuver+1"],"picked":"Storm of Steel+1","floor":41}],"player_experience":258233,"relics_obtained":[{"floor":9,"key":"Lantern"},{"floor":10,"key":"Art of War"},{"floor":24,"key":"War Paint"},{"floor":24,"key":"Snake Skull"},{"floor":26,"key":"Bronze Scales"},{"floor":27,"key":"Ninja Scroll"},{"floor":27,"key":"Blue Candle"},{"floor":41,"key":"Kunai"},{"floor":41,"key":"Pantograph"}],"event_choices":[{"event_name":"Scrap Ooze","player_choice":"success","floor":3,"damage_taken":12},{"event_name":"Living Wall","player_choice":"Forget","floor":4,"damage_taken":0},{"event_name":"Golden Idol","player_choice":"Take Damage","floor":12,"damage_taken":0},{"event_name":"Back to Basics","player_choice":"Simplicity","floor":21,"damage_taken":0}],"is_beta":false,"boss_relics":[{"not_picked":["Pandora\u0027s Box","Empty Cage"],"picked":"Black Star"},{"not_picked":["WristBlade","Fusion Hammer"],"picked":"Sozu"}],"items_purged_floors":[14,20,36],"is_endless":false,"potions_floor_spawned":[1,5,10,16,19,29,33,35,38],"killed_by":"Reptomancer","ascension_level":4}