{"gold_per_floor":[213,229,247,266,278,307,307,336,336,336,111,286,107,122,122,221,221],"floor_reached":17,"playtime":876,"items_purged":["Strike_B","Doubt"],"score":196,"play_id":"040faee2-5430-4727-93c2-060c19c1e23a","local_time":"20181102002429","is_ascension_mode":true,"campfire_choices":[{"data":"Zap","floor":7.0,"key":"SMITH"},{"data":"Dualcast","floor":10.0,"key":"SMITH"},{"data":"Redo","floor":15.0,"key":"SMITH"}],"neow_cost":"NONE","seed_source_timestamp":0,"circlet_count":0,"master_deck":["Strike_B","Strike_B","Strike_B","Defend_B","Defend_B","Defend_B","Defend_B","Zap+1","Dualcast+1","Conserve Battery","BootSequence","Go for the Eyes","Tempest","BootSequence","Sunder","Consume","Self Repair","Redo+1","Seek"],"special_seed":0,"relics":["Cracked Core","Kunai","Odd Mushroom","Mango"],"potions_floor_usage":[],"damage_taken":[{"damage":10.0,"enemies":"2 Louse","floor":1.0,"turns":2.0},{"damage":0.0,"enemies":"Cultist","floor":2.0,"turns":4.0},{"damage":3.0,"enemies":"Jaw Worm","floor":3.0,"turns":4.0},{"damage":8.0,"enemies":"Looter","floor":4.0,"turns":4.0},{"damage":1.0,"enemies":"2 Fungi Beasts","floor":5.0,"turns":3.0},{"damage":23.0,"enemies":"3 Sentries","floor":6.0,"turns":9.0},{"damage":2.0,"enemies":"The Mushroom Lair","floor":8.0,"turns":4.0},{"damage":3.0,"enemies":"Gremlin Gang","floor":14.0,"turns":4.0},{"damage":31.0,"enemies":"The Guardian","floor":16.0,"turns":10.0}],"seed_played":"-2864160736292971532","potions_obtained":[{"floor":1.0,"key":"FairyPotion"},{"floor":8.0,"key":"Strength Potion"},{"floor":14.0,"key":"LiquidBronze"},{"floor":16.0,"key":"FearPotion"}],"is_trial":false,"path_per_floor":["M","M","M","M","M","E","R","?","T","R","$","?","$","M","R","B"],"character_chosen":"DEFECT","items_purchased":["Sunder","Consume","Self Repair"],"campfire_rested":0,"item_purchase_floors":[11,11,13],"current_hp_per_floor":[65,65,62,54,53,30,30,28,42,42,42,42,42,46,46,22,22],"gold":221,"neow_bonus":"HUNDRED_GOLD","is_prod":false,"is_daily":false,"chose_seed":false,"campfire_upgraded":3,"win_rate":0,"timestamp":1541085869,"path_taken":["M","M","M","M","M","E","R","?","T","R","$","?","$","M","R","BOSS"],"build_version":"2018-10-25v2","purchased_purges":2,"victory":false,"max_hp_per_floor":[75,75,75,75,75,75,75,75,89,89,89,89,89,89,89,89,89],"card_choices":[{"not_picked":["Melter","Rebound","Fusion"],"picked":"SKIP","floor":1.0},{"not_picked":["Stack","Beam Cell"],"picked":"Conserve Battery","floor":2.0},{"not_picked":["Rip and Tear","Barrage"],"picked":"BootSequence","floor":3.0},{"not_picked":["Compile Driver","Steam"],"picked":"Go for the Eyes","floor":4.0},{"not_picked":["Chaos","Steam"],"picked":"Tempest","floor":5.0},{"not_picked":["Coolheaded","Barrage","Rebound"],"picked":"SKIP","floor":6.0},{"not_picked":["Cold Snap","Recycle"],"picked":"BootSequence","floor":8.0},{"not_picked":["Heatsinks","Scrape"],"picked":"Redo","floor":14.0},{"not_picked":["All For One","Multi-Cast"],"picked":"Seek","floor":16.0}],"player_experience":428482,"relics_obtained":[{"floor":6.0,"key":"Kunai"},{"floor":8.0,"key":"Odd Mushroom"},{"floor":9.0,"key":"Mango"}],"event_choices":[{"damage_healed":0.0,"max_hp_gain":0.0,"max_hp_loss":0.0,"gold_gain":0.0,"event_name":"Mushrooms","player_choice":"Fought Mushrooms","floor":8.0,"gold_loss":0.0,"damage_taken":0.0},{"damage_healed":0.0,"max_hp_gain":0.0,"max_hp_loss":0.0,"gold_gain":175.0,"event_name":"Liars Game","player_choice":"AGREE","floor":12.0,"gold_loss":0.0,"damage_taken":0.0,"cards_obtained":["Doubt"]}],"is_beta":false,"boss_relics":[],"items_purged_floors":[11,13],"is_endless":false,"potions_floor_spawned":[1,8,14,16],"ascension_level":5}