{"gold_per_floor":[111,124,144,160,170,170,200,200,251,283,283,24,74,124,124,124],"floor_reached":16,"playtime":727,"items_purged":[],"score":132,"play_id":"020f3370-156a-4063-81e5-36dbef6d6b29","local_time":"20180904023924","is_ascension_mode":true,"campfire_choices":[{"data":"Zap","floor":6,"key":"SMITH"},{"floor":11,"key":"REST"},{"data":"Echo Form","floor":15,"key":"SMITH"}],"neow_cost":"NONE","seed_source_timestamp":1322565995777819,"circlet_count":0,"master_deck":["Strike_B","Strike_B","Strike_B","Defend_B","Defend_B","Defend_B","Defend_B","Zap+1","Dualcast","Stack","BootSequence","Cold Snap","Conserve Battery","Capacitor","Echo Form+1","Storm"],"relics":["Cracked Core","NeowsBlessing","Dream Catcher","SsserpentHead","Anchor","Blue Candle","Molten Egg 2","The Courier"],"potions_floor_usage":[5,7,7,10],"damage_taken":[{"damage":0,"enemies":"Cultist","floor":1,"turns":1},{"damage":0,"enemies":"2 Louse","floor":2,"turns":1},{"damage":0,"enemies":"Jaw Worm","floor":3,"turns":1},{"damage":15,"enemies":"2 Fungi Beasts","floor":4,"turns":3},{"damage":8,"enemies":"Lots of Slimes","floor":5,"turns":4},{"damage":11,"enemies":"3 Sentries","floor":7,"turns":8},{"damage":38,"enemies":"Gremlin Nob","floor":10,"turns":5},{"damage":28,"enemies":"Slime Boss","floor":16,"turns":11}],"seed_played":"4270089464680018338","potions_obtained":[{"floor":2,"key":"EssenceOfSteel"},{"floor":3,"key":"PowerPotion"},{"floor":4,"key":"PowerPotion"},{"floor":7,"key":"LiquidBronze"}],"is_trial":false,"path_per_floor":["M","M","M","M","M","R","E","?","T","E","R","$","?","T","R"],"character_chosen":"DEFECT","items_purchased":["Molten Egg 2"],"campfire_rested":1,"item_purchase_floors":[12],"current_hp_per_floor":[75,75,75,60,59,59,48,48,48,10,32,32,32,32,32,4],"gold":124,"neow_bonus":"THREE_ENEMY_KILL","is_prod":false,"is_daily":false,"chose_seed":false,"campfire_upgraded":2,"win_rate":0,"timestamp":1535996364,"path_taken":["M","M","M","?","?","R","E","?","T","E","R","$","?","?","R","BOSS"],"build_version":"2018-08-30","purchased_purges":0,"victory":false,"max_hp_per_floor":[75,75,75,75,75,75,75,75,75,75,75,75,75,75,75,75],"card_choices":[{"not_picked":["Leap","Rebound"],"picked":"Stack","floor":1},{"not_picked":["Darkness","Gash"],"picked":"BootSequence","floor":2},{"not_picked":["FTL","Conserve Battery"],"picked":"Cold Snap","floor":3},{"not_picked":["Reprogram","Streamline"],"picked":"Conserve Battery","floor":4},{"not_picked":["Coolheaded","Beam Cell","Streamline"],"picked":"SKIP","floor":5},{"not_picked":["Sunder","Genetic Algorithm"],"picked":"Capacitor","floor":7},{"not_picked":["Beam Cell","Steam"],"picked":"Echo Form","floor":10}],"player_experience":218509,"relics_obtained":[{"floor":7,"key":"Dream Catcher"},{"floor":9,"key":"Anchor"},{"floor":10,"key":"Blue Candle"},{"floor":14,"key":"The Courier"}],"event_choices":[{"event_name":"FaceTrader","player_choice":"Trade","floor":8,"damage_taken":0},{"event_name":"Transmorgrifier","player_choice":"Transform","floor":13,"damage_taken":0}],"is_beta":false,"boss_relics":[],"items_purged_floors":[],"is_endless":false,"potions_floor_spawned":[2,3,4,7],"killed_by":"Slime Boss","ascension_level":4}