{"gold_per_floor":[117,134,134,152,227,227,259,259,282,315,337,26,26,37,37,138,188,204,59,59,89,109,109,122,22,46,46,46,46],"floor_reached":29,"playtime":1306,"items_purged":["Strike_B","Strike_B"],"score":277,"play_id":"21f2bb2a-0f0f-46d6-b05e-83b5ad7e13ea","local_time":"20180904083710","is_ascension_mode":true,"campfire_choices":[{"data":"Zap","floor":6,"key":"SMITH"},{"floor":8,"key":"REST"},{"data":"Apotheosis","floor":13,"key":"SMITH"},{"floor":15,"key":"REST"},{"data":"Hello World","floor":23,"key":"SMITH"},{"floor":28,"key":"REST"}],"neow_cost":"NONE","seed_source_timestamp":1343451921565102,"circlet_count":0,"master_deck":["Strike_B","Strike_B","Defend_B","Defend_B","Defend_B+1","Zap+1","Dualcast+1","Conserve Battery","Conserve Battery","Go for the Eyes","Core Surge","Redo+1","Apotheosis+1","Cold Snap","Thunder Strike","Capacitor","Hello World+1","Writhe","Redo+1","Undo+1"],"relics":["Cracked Core","Happy Flower","Ancient Tea Set","Strawberry","MawBank","Oddly Smooth Stone","Tiny House","Tiny Chest","Omamori"],"potions_floor_usage":[7,10,16,22],"damage_taken":[{"damage":4,"enemies":"Small Slimes","floor":1,"turns":3},{"damage":2,"enemies":"Jaw Worm","floor":2,"turns":3},{"damage":0,"enemies":"2 Louse","floor":4,"turns":2},{"damage":30,"enemies":"Gremlin Nob","floor":7,"turns":4},{"damage":5,"enemies":"3 Sentries","floor":10,"turns":6},{"damage":6,"enemies":"Blue Slaver","floor":11,"turns":2},{"damage":3,"enemies":"Exordium Wildlife","floor":14,"turns":4},{"damage":38,"enemies":"The Guardian","floor":16,"turns":12},{"damage":14,"enemies":"3 Byrds","floor":18,"turns":6},{"damage":42,"enemies":"2 Thieves","floor":22,"turns":3},{"damage":13,"enemies":"Snecko","floor":24,"turns":5},{"damage":12,"enemies":"Snake Plant","floor":29,"turns":3}],"seed_played":"-1835004316189273780","potions_obtained":[{"floor":1,"key":"AttackPotion"},{"floor":7,"key":"AttackPotion"},{"floor":11,"key":"SpeedPotion"},{"floor":17,"key":"Regen Potion"},{"floor":24,"key":"SteroidPotion"}],"is_trial":false,"path_per_floor":["M","M","?","M","?","R","E","R","T","E","M","$","R","M","R","B",null,"M","$","?","?","M","R","M","$","T","?","R"],"character_chosen":"DEFECT","items_purchased":["Apotheosis","Oddly Smooth Stone","Hello World"],"campfire_rested":3,"item_purchase_floors":[12,12,19],"current_hp_per_floor":[71,69,54,54,43,43,13,35,42,37,31,31,31,28,52,14,87,73,73,73,73,40,40,27,27,27,27,53,41],"gold":46,"neow_bonus":"RANDOM_COMMON_RELIC","is_prod":false,"is_daily":false,"chose_seed":false,"campfire_upgraded":3,"win_rate":0,"timestamp":1536017830,"path_taken":["M","M","?","M","?","R","E","R","T","E","?","$","R","?","R","BOSS","M","$","?","?","M","R","M","?","T","?","R","?"],"build_version":"2018-08-30","purchased_purges":2,"victory":false,"max_hp_per_floor":[75,75,75,75,75,75,75,75,82,82,82,82,82,82,82,82,87,87,87,87,87,87,87,87,87,87,87,87,87],"card_choices":[{"not_picked":["Hologram","Cold Snap"],"picked":"Conserve Battery","floor":1},{"not_picked":["Coolheaded","Chill"],"picked":"Conserve Battery","floor":2},{"not_picked":["Hologram","Beam Cell"],"picked":"Go for the Eyes","floor":4},{"not_picked":["Lockon","Steam"],"picked":"Core Surge","floor":7},{"not_picked":["Streamline","Compile Driver","Reinforced Body"],"picked":"SKIP","floor":10},{"not_picked":["Streamline","Rebound"],"picked":"Redo","floor":11},{"not_picked":["Rebound","Skim"],"picked":"Cold Snap","floor":14},{"not_picked":["Buffer","Core Surge"],"picked":"Thunder Strike","floor":16},{"not_picked":["Leap","Coolheaded"],"picked":"Capacitor","floor":18},{"not_picked":["Gash","Coolheaded"],"picked":"Redo+1","floor":22},{"not_picked":["Conserve Battery","Coolheaded"],"picked":"Undo+1","floor":24}],"player_experience":219236,"relics_obtained":[{"floor":7,"key":"Ancient Tea Set"},{"floor":9,"key":"Strawberry"},{"floor":10,"key":"MawBank"},{"floor":26,"key":"Omamori"}],"event_choices":[{"event_name":"Shining Light","player_choice":"Entered Light","floor":3,"damage_taken":0},{"event_name":"World of Goop","player_choice":"Gather Gold","floor":5,"damage_taken":0},{"event_name":"Bonfire Elementals","player_choice":"BASIC","floor":20,"damage_taken":0},{"event_name":"The Mausoleum","player_choice":"Yes","floor":21,"damage_taken":0},{"event_name":"Forgotten Altar","player_choice":"Smashed Altar","floor":27,"damage_taken":0}],"is_beta":false,"boss_relics":[{"not_picked":["Runic Dome","Busted Crown"],"picked":"Tiny House"}],"items_purged_floors":[19,25],"is_endless":false,"potions_floor_spawned":[1,7,11,24],"killed_by":"Snake Plant","ascension_level":4}