{"gold_per_floor":[119,119,294,317,317,317,353,373,373,413,41,41,71,95,95,95],"floor_reached":16,"playtime":804,"items_purged":[],"score":113,"play_id":"f99692dd-c3f6-4940-a732-62296e1bae63","local_time":"20180712004022","is_ascension_mode":true,"campfire_choices":[{"data":"Bash","floor":6,"key":"SMITH"},{"floor":12,"key":"REST"},{"floor":15,"key":"REST"}],"neow_cost":"NONE","seed_source_timestamp":84638631416764,"circlet_count":0,"master_deck":["Strike_R","Strike_R","Strike_R","Strike_R","Strike_R","Defend_R","Defend_R","Defend_R","Defend_R","Bash+1","Heavy Blade","Twin Strike","Double Tap","Wild Strike","Reckless Charge","Evolve","Perfected Strike","Perfected Strike"],"relics":["Burning Blood","Boot","Golden Idol","Paper Frog","Strawberry","Potion Belt","Membership Card","Odd Mushroom"],"potions_floor_usage":[10,13],"damage_taken":[{"damage":5,"enemies":"Small Slimes","floor":1,"turns":3},{"damage":1,"enemies":"2 Louse","floor":4,"turns":4},{"damage":28,"enemies":"Gremlin Nob","floor":7,"turns":4},{"damage":16,"enemies":"Jaw Worm","floor":8,"turns":5},{"damage":29,"enemies":"3 Sentries","floor":10,"turns":9},{"damage":9,"floor":13,"turns":4},{"damage":11,"enemies":"Lots of Slimes","floor":14,"turns":4},{"damage":63,"enemies":"The Guardian","floor":16,"turns":7}],"seed_played":"-7263874194512701266","potions_obtained":[{"floor":1,"key":"EssenceOfSteel"},{"floor":8,"key":"Block Potion"}],"is_trial":false,"path_per_floor":["M","?","?","M","?","R","E","M","T","E","$","R","?","M","R"],"character_chosen":"IRONCLAD","items_purchased":["Wild Strike","Reckless Charge","Evolve","Membership Card"],"campfire_rested":2,"item_purchase_floors":[11,11,11,11],"current_hp_per_floor":[80,60,60,65,65,65,43,33,40,17,17,43,40,35,61,0],"gold":95,"neow_bonus":"RANDOM_COMMON_RELIC","is_prod":false,"is_daily":false,"chose_seed":false,"campfire_upgraded":1,"win_rate":0,"timestamp":1531323622,"path_taken":["M","?","?","M","?","R","E","?","T","E","$","R","?","M","R","BOSS"],"build_version":"2018-07-05","purchased_purges":0,"victory":false,"max_hp_per_floor":[80,80,80,80,80,80,80,80,87,87,87,87,87,87,87,87],"card_choices":[{"not_picked":["Second Wind","Pummel","Clash"],"picked":"SKIP","floor":1},{"not_picked":["Sword Boomerang","Body Slam","Iron Wave"],"picked":"SKIP","floor":4},{"not_picked":["Headbutt","Sword Boomerang"],"picked":"Heavy Blade","floor":7},{"not_picked":["Thunderclap","Iron Wave"],"picked":"Twin Strike","floor":8},{"not_picked":["Twin Strike","Havoc"],"picked":"Double Tap","floor":10},{"not_picked":["Anger","Thunderclap"],"picked":"Perfected Strike","floor":13},{"not_picked":["Fire Breathing","Thunderclap"],"picked":"Perfected Strike","floor":14}],"player_experience":137677,"relics_obtained":[{"floor":7,"key":"Paper Frog"},{"floor":9,"key":"Strawberry"},{"floor":10,"key":"Potion Belt"},{"floor":13,"key":"Odd Mushroom"}],"event_choices":[{"event_name":"Golden Idol","player_choice":"Take Damage","floor":2,"damage_taken":0},{"event_name":"Liars Game","player_choice":"agreed","floor":3,"damage_taken":0},{"event_name":"Living Wall","player_choice":"Forget","floor":5,"damage_taken":0},{"event_name":"Mushrooms","player_choice":"Fought Mushrooms","floor":13,"damage_taken":0}],"boss_relics":[],"items_purged_floors":[],"is_endless":false,"potions_floor_spawned":[1,8],"killed_by":"The Guardian","ascension_level":1}