{"gold_per_floor":[362,379,36,50,225,257,207,207,234,234,247,263,281,281,281,411,411,432,94,134,148,148,191,191,207,207,306,306,306,321,341,341,464,464,482,704,717,740,131,174,507,507,556,556,556,575,610,620,620,620,620,620,15,42,42],"floor_reached":56,"playtime":3749,"items_purged":["Regret","Parasite","Strike_G"],"score":1295,"play_id":"5bda980b-951a-46d0-98ed-e2c8990f1b29","local_time":"20190428101914","is_ascension_mode":true,"campfire_choices":[{"floor":10,"key":"REST"},{"floor":15,"key":"REST"},{"floor":24,"key":"REST"},{"floor":29,"key":"REST"},{"floor":32,"key":"REST"},{"floor":42,"key":"REST"},{"floor":44,"key":"REST"},{"floor":49,"key":"RECALL"},{"floor":52,"key":"REST"}],"neow_cost":"CURSE","seed_source_timestamp":1088340747685303,"circlet_count":0,"master_deck":["Defend_G","Defend_G","Defend_G","Defend_G","Strike_G","Strike_G","Strike_G","Survivor","Neutralize","Backflip","PiercingWail","Noxious Fumes","Apotheosis+1","Leg Sweep","Cloak And Dagger","Sucker Punch","Wraith Form v2","Heel Hook","Footwork","Footwork","Well Laid Plans","Well Laid Plans","Terror+1","A Thousand Cuts","Blur","A Thousand Cuts","Deadly Poison+1","Calculated Gamble+1","Deflect+1","Panache","Prepared"],"relics":["Ring of the Snake","Potion Belt","Fusion Hammer","Sundial","Red Mask","Question Card","Bronze Scales","Empty Cage","Snake Skull","ClockworkSouvenir","Paper Crane","Orichalcum","Regal Pillow","Anchor","Bag of Preparation"],"potions_floor_usage":[38,38,50,50,50,54,55,55,55],"damage_taken":[{"damage":4,"enemies":"Jaw Worm","floor":1,"turns":5},{"damage":11,"enemies":"Small Slimes","floor":2,"turns":4},{"damage":5,"enemies":"2 Louse","floor":4,"turns":3},{"damage":5,"enemies":"Lagavulin","floor":6,"turns":7},{"damage":13,"enemies":"Exordium Wildlife","floor":11,"turns":6},{"damage":6,"enemies":"Large Slime","floor":12,"turns":7},{"damage":0,"enemies":"2 Fungi Beasts","floor":13,"turns":5},{"damage":16,"enemies":"Hexaghost","floor":16,"turns":13},{"damage":2,"enemies":"Shell Parasite","floor":18,"turns":9},{"damage":30,"enemies":"Masked Bandits","floor":20,"turns":7},{"damage":4,"enemies":"Chosen","floor":21,"turns":7},{"damage":21,"enemies":"Book of Stabbing","floor":23,"turns":8},{"damage":0,"enemies":"Snecko","floor":25,"turns":7},{"damage":9,"enemies":"Snake Plant","floor":30,"turns":6},{"damage":0,"enemies":"Chosen and Byrds","floor":31,"turns":8},{"damage":21,"enemies":"Collector","floor":33,"turns":14},{"damage":5,"enemies":"3 Shapes","floor":35,"turns":6},{"damage":2,"enemies":"Orb Walker","floor":37,"turns":5},{"damage":32,"enemies":"Writhing Mass","floor":38,"turns":8},{"damage":36,"enemies":"Giant Head","floor":40,"turns":12},{"damage":8,"enemies":"Jaw Worm Horde","floor":46,"turns":5},{"damage":0,"enemies":"Reptomancer","floor":47,"turns":7},{"damage":1,"enemies":"3 Darklings","floor":48,"turns":5},{"damage":18,"enemies":"Time Eater","floor":50,"turns":15},{"damage":8,"enemies":"Shield and Spear","floor":54,"turns":9},{"damage":32,"enemies":"The Heart","floor":55,"turns":13}],"seed_played":"6915687678603326241","potions_obtained":[{"floor":4,"key":"Ancient Potion"},{"floor":11,"key":"PowerPotion"},{"floor":13,"key":"Strength Potion"},{"floor":16,"key":"Regen Potion"},{"floor":23,"key":"SteroidPotion"},{"floor":25,"key":"Fire Potion"},{"floor":40,"key":"Weak Potion"},{"floor":46,"key":"Block Potion"},{"floor":48,"key":"Block Potion"}],"is_trial":false,"path_per_floor":["M","M","$","M","?","E","?","?","T","R","M","M","M","?","R","B",null,"M","$","?","M","$","E","R","M","T","?","?","R","M","M","R","B",null,"M","?","M","M","$","E","?","R","T","R","?","M","E","M","R","B",null,"R","$","E","B",null],"character_chosen":"THE_SILENT","items_purchased":["Noxious Fumes","Apotheosis","Footwork","Sundial","Snake Skull","ClockworkSouvenir","A Thousand Cuts","Panache","Anchor","Weak Potion","Swift Potion","SteroidPotion"],"campfire_rested":8,"item_purchase_floors":[3,3,19,19,39,39,39,53,53,53,53,53],"current_hp_per_floor":[66,55,55,50,50,45,45,28,28,49,36,30,30,30,51,35,70,68,68,38,34,34,13,34,34,34,34,34,55,46,46,67,46,70,65,65,63,46,46,10,10,30,30,50,50,42,42,41,41,23,67,67,67,59,27],"gold":42,"neow_bonus":"TWO_FIFTY_GOLD","is_prod":false,"is_daily":false,"chose_seed":false,"campfire_upgraded":0,"win_rate":0,"timestamp":1556403554,"path_taken":["M","M","$","M","?","E","?","?","T","R","M","M","?","?","R","BOSS","M","$","?","M","$","E","R","M","T","?","?","R","M","M","R","BOSS","M","?","M","M","$","E","?","R","T","R","?","?","E","M","R","BOSS","R","$","E","BOSS"],"build_version":"2019-01-23","purchased_purges":3,"victory":true,"max_hp_per_floor":[70,70,70,70,70,70,70,70,70,70,70,70,70,70,70,70,70,70,70,70,70,70,70,70,70,70,70,70,70,70,70,70,70,70,70,70,70,70,67,67,67,67,67,67,67,67,67,67,67,67,67,67,67,67,67],"card_choices":[{"not_picked":["Cloak And Dagger","Heel Hook"],"picked":"Backflip","floor":1},{"not_picked":["Sucker Punch","Poisoned Stab"],"picked":"PiercingWail","floor":2},{"not_picked":["Acrobatics","Deflect"],"picked":"Leg Sweep","floor":4},{"not_picked":["Underhanded Strike","Backstab"],"picked":"Cloak And Dagger","floor":6},{"not_picked":["Storm of Steel","Choke"],"picked":"Sucker Punch","floor":11},{"not_picked":["Tactician","Quick Slash","Flechettes"],"picked":"SKIP","floor":12},{"not_picked":["Sucker Punch","Dagger Throw","Accuracy"],"picked":"SKIP","floor":13},{"not_picked":["Glass Knife","Bullet Time"],"picked":"Wraith Form v2","floor":16},{"not_picked":["Slice","Sucker Punch"],"picked":"Heel Hook","floor":18},{"not_picked":["Backflip","Backstab"],"picked":"Footwork","floor":20},{"not_picked":["Outmaneuver","Flying Knee","Backstab"],"picked":"SKIP","floor":21},{"not_picked":["Cloak And Dagger+1","Eviscerate"],"picked":"Well Laid Plans","floor":23},{"not_picked":["Cloak And Dagger","Dagger Spray","Skewer"],"picked":"Well Laid Plans","floor":25},{"not_picked":["Masterful Stab","Blade Dance","Cloak And Dagger"],"picked":"Terror+1","floor":30},{"not_picked":["Infinite Blades+1","Heel Hook","Slice","Bane"],"picked":"SKIP","floor":31},{"not_picked":["Doppelganger","Grand Finale","Tools of the Trade"],"picked":"A Thousand Cuts","floor":33},{"not_picked":["Sucker Punch","Eviscerate","Heel Hook","Masterful Stab+1"],"picked":"SKIP","floor":35},{"not_picked":["Skewer","Cloak And Dagger","Flying Knee","Choke"],"picked":"SKIP","floor":37},{"not_picked":["Underhanded Strike","Cloak And Dagger+1","Dodge and Roll+1"],"picked":"Blur","floor":38},{"not_picked":["Infinite Blades","Quick Slash","Slice+1"],"picked":"Deadly Poison+1","floor":40},{"not_picked":["Blade Dance+1","Dash+1","Predator+1"],"picked":"Calculated Gamble+1","floor":46},{"not_picked":["Venomology","Slice+1","Masterful Stab","Sucker Punch+1"],"picked":"SKIP","floor":47},{"not_picked":["Dagger Spray","Dodge and Roll","Crippling Poison"],"picked":"Deflect+1","floor":48},{"not_picked":["Expertise+1","Setup+1","Backstab"],"picked":"Prepared","floor":54}],"player_experience":104747,"relics_obtained":[{"floor":6,"key":"Potion Belt"},{"floor":20,"key":"Red Mask"},{"floor":23,"key":"Question Card"},{"floor":26,"key":"Bronze Scales"},{"floor":40,"key":"Paper Crane"},{"floor":43,"key":"Orichalcum"},{"floor":47,"key":"Regal Pillow"},{"floor":54,"key":"Bag of Preparation"}],"event_choices":[{"damage_healed":0,"gold_gain":175,"player_choice":"AGREE","damage_taken":0,"max_hp_gain":0,"max_hp_loss":0,"event_name":"Liars Game","floor":5,"gold_loss":0,"cards_obtained":["Doubt"]},{"cards_removed":["Doubt"],"damage_healed":0,"gold_gain":0,"player_choice":"Card Removal","damage_taken":0,"max_hp_gain":0,"max_hp_loss":0,"event_name":"The Cleric","floor":7,"gold_loss":50},{"damage_healed":0,"gold_gain":0,"player_choice":"Take Damage","damage_taken":17,"relics_obtained":["Golden Idol"],"max_hp_gain":0,"max_hp_loss":0,"event_name":"Golden Idol","floor":8,"gold_loss":0},{"damage_healed":0,"gold_gain":0,"player_choice":"Grow","damage_taken":0,"max_hp_gain":0,"max_hp_loss":0,"event_name":"Living Wall","floor":14,"gold_loss":0,"cards_upgraded":["Apotheosis"]},{"damage_healed":0,"gold_gain":0,"player_choice":"Fought Bandits","damage_taken":0,"max_hp_gain":0,"max_hp_loss":0,"event_name":"Masked Bandits","floor":20,"gold_loss":0},{"damage_healed":0,"gold_gain":99,"player_choice":"Stole From Cult","damage_taken":0,"max_hp_gain":0,"max_hp_loss":0,"event_name":"Nest","floor":27,"gold_loss":0},{"damage_healed":0,"gold_gain":0,"player_choice":"Ignored","damage_taken":0,"max_hp_gain":0,"max_hp_loss":0,"event_name":"Cursed Tome","floor":28,"gold_loss":0},{"damage_healed":0,"gold_gain":222,"player_choice":"Wore Mask","damage_taken":0,"max_hp_gain":0,"max_hp_loss":0,"event_name":"Tomb of Lord Red Mask","floor":36,"gold_loss":0},{"damage_healed":0,"gold_gain":333,"player_choice":"Gave Idol","damage_taken":0,"max_hp_gain":0,"max_hp_loss":0,"event_name":"The Moai Head","floor":41,"relics_lost":["Golden Idol"],"gold_loss":0},{"damage_healed":0,"gold_gain":0,"player_choice":"Memory 1","damage_taken":0,"max_hp_gain":0,"max_hp_loss":0,"event_name":"SensoryStone","floor":45,"gold_loss":0}],"is_beta":false,"boss_relics":[{"not_picked":["Ectoplasm","Runic Dome"],"picked":"Fusion Hammer"},{"not_picked":["WristBlade","Calling Bell"],"picked":"Empty Cage"}],"items_purged_floors":[3,39,53],"is_endless":false,"potions_floor_spawned":[4,11,13,16,23,25,30,37,40,46,48],"ascension_level":2}