{"gold_per_floor":[118,128,203,219,219,219,234,250,295,295,325,25,89,102,102,200,200,210,210,31,29,47,47,58,72,72,72,72,83,83,182,182,282,282,294,294,294,294,306,340,340,350,375,375,64,74,74,74,74,74,74,74,74,106,106],"floor_reached":55,"playtime":3927,"items_purged":["Strike_G"],"score":1014,"play_id":"8751d3f3-83e9-4923-8c9b-b71f442e5ebe","local_time":"20190504211310","is_ascension_mode":true,"campfire_choices":[{"floor":6.0,"key":"REST"},{"floor":10.0,"key":"REST"},{"data":"Noxious Fumes","floor":15.0,"key":"SMITH"},{"data":"Apotheosis","floor":23.0,"key":"SMITH"},{"floor":32.0,"key":"REST"},{"floor":41.0,"key":"REST"},{"floor":44.0,"key":"RECALL"},{"floor":49.0,"key":"REST"},{"floor":52.0,"key":"REST"}],"neow_cost":"PERCENT_DAMAGE","seed_source_timestamp":0,"circlet_count":0,"master_deck":["Defend_G","Defend_G","Defend_G","Defend_G","Defend_G","Strike_G","Strike_G","Survivor","Neutralize","Backflip","Dagger Spray","Deadly Poison","Caltrops","Noxious Fumes+1","Calculated Gamble","Adrenaline","Noxious Fumes","Dodge and Roll","Deflect","Adrenaline","Leg Sweep","Apotheosis+1","Dagger Spray+1","Backflip","Backflip","Writhe","Shame","Malaise","Calculated Gamble+1","Madness","Madness","Backflip","Parasite","Dodge and Roll+1","Catalyst","Wraith Form v2","Dodge and Roll+1"],"special_seed":0,"relics":["Ring of the Snake","Ice Cream","Bronze Scales","Mummified Hand","Regal Pillow","Snake Skull","Velvet Choker","Nilry\u0027s Codex","Sundial","Matryoshka","Sozu","Tingsha","Happy Flower","Potion Belt","Strawberry","Boot"],"potions_floor_usage":[55],"damage_taken":[{"damage":1.0,"enemies":"Jaw Worm","floor":1.0,"turns":5.0},{"damage":0.0,"enemies":"2 Louse","floor":2.0,"turns":3.0},{"damage":0.0,"enemies":"Small Slimes","floor":4.0,"turns":4.0},{"damage":0.0,"enemies":"Blue Slaver","floor":7.0,"turns":4.0},{"damage":16.0,"enemies":"Gremlin Gang","floor":8.0,"turns":4.0},{"damage":2.0,"enemies":"Lagavulin","floor":11.0,"turns":7.0},{"damage":19.0,"enemies":"Gremlin Nob","floor":13.0,"turns":4.0},{"damage":3.0,"enemies":"Large Slime","floor":14.0,"turns":6.0},{"damage":0.0,"enemies":"Hexaghost","floor":16.0,"turns":7.0},{"damage":7.0,"enemies":"Shell Parasite","floor":18.0,"turns":4.0},{"damage":7.0,"enemies":"2 Thieves","floor":21.0,"turns":4.0},{"damage":6.0,"enemies":"Shelled Parasite and Fungi","floor":22.0,"turns":5.0},{"damage":6.0,"enemies":"Cultist and Chosen","floor":24.0,"turns":5.0},{"damage":9.0,"enemies":"3 Cultists","floor":25.0,"turns":4.0},{"damage":18.0,"enemies":"Snecko","floor":29.0,"turns":7.0},{"damage":7.0,"enemies":"Automaton","floor":33.0,"turns":10.0},{"damage":6.0,"enemies":"3 Darklings","floor":35.0,"turns":4.0},{"damage":6.0,"enemies":"3 Shapes","floor":39.0,"turns":3.0},{"damage":40.0,"enemies":"Reptomancer","floor":40.0,"turns":8.0},{"damage":2.0,"enemies":"Writhing Mass","floor":42.0,"turns":6.0},{"damage":14.0,"enemies":"4 Shapes","floor":46.0,"turns":5.0},{"damage":35.0,"enemies":"Awakened One","floor":50.0,"turns":14.0},{"damage":11,"enemies":"Shield and Spear","floor":54,"turns":7},{"damage":68,"enemies":"The Heart","floor":55,"turns":9}],"seed_played":"8108119621704290295","potions_obtained":[{"floor":4.0,"key":"Explosive Potion"},{"floor":11.0,"key":"Dexterity Potion"},{"floor":13.0,"key":"FairyPotion"},{"floor":14.0,"key":"AttackPotion"}],"is_trial":false,"path_per_floor":["M","M","?","M","?","R","M","M","T","R","E","$","?","M","R","B",null,"M","?","$","M","M","R","M","M","T","?","$","M","?","?","R","B",null,"M","?","?","?","M","E","R","M","T","R","$","M","?","$","R","B",null,"R","$","E","B"],"character_chosen":"THE_SILENT","items_purchased":["Noxious Fumes","Regal Pillow","Apotheosis","Catalyst","Wraith Form v2","Strawberry"],"campfire_rested":6,"item_purchase_floors":[12,12,20,45,45,45],"current_hp_per_floor":[44,44,33,33,33,54,54,38,38,59,57,57,38,35,35,35,61,54,38,38,31,25,25,19,10,10,10,10,7,7,7,43,36,62,56,56,47,47,41,1,37,35,35,35,42,28,28,28,66,31,66,77,77,66,0],"gold":106,"neow_bonus":"ONE_RARE_RELIC","is_prod":false,"is_daily":false,"chose_seed":false,"campfire_upgraded":2,"win_rate":0,"timestamp":1556961190,"path_taken":["M","M","?","M","?","R","M","M","T","R","E","$","?","?","R","BOSS","M","?","$","M","M","R","M","M","T","?","?","?","?","?","R","BOSS","M","?","?","?","M","E","R","M","T","R","$","?","?","$","R","BOSS","R","$","E","BOSS"],"build_version":"2019-01-23","purchased_purges":1,"victory":false,"max_hp_per_floor":[70,70,70,70,70,70,70,70,70,70,70,70,70,70,70,70,70,70,70,70,70,70,70,70,70,70,70,70,70,70,70,70,70,70,70,70,70,70,70,70,70,70,70,70,77,77,77,77,77,77,77,77,77,77,77],"card_choices":[{"not_picked":["Deflect","Expertise"],"picked":"Backflip","floor":1.0},{"not_picked":["Infinite Blades","Slice"],"picked":"Dagger Spray","floor":2.0},{"not_picked":["Backflip","Dash"],"picked":"Deadly Poison","floor":4.0},{"not_picked":["Blur","Dagger Spray"],"picked":"Noxious Fumes","floor":7.0},{"not_picked":["Riddle With Holes","All Out Attack"],"picked":"Calculated Gamble","floor":8.0},{"not_picked":["Slice","Masterful Stab"],"picked":"Adrenaline","floor":11.0},{"not_picked":["Predator","Poisoned Stab"],"picked":"Dodge and Roll","floor":13.0},{"not_picked":["Riddle With Holes","Sucker Punch"],"picked":"Deflect","floor":14.0},{"not_picked":["Glass Knife","Corpse Explosion"],"picked":"Adrenaline","floor":16.0},{"not_picked":["Heel Hook","Calculated Gamble"],"picked":"Leg Sweep","floor":18.0},{"not_picked":["Backflip","Dagger Throw"],"picked":"Dagger Spray+1","floor":21.0},{"not_picked":["Eviscerate","Blade Dance","Flying Knee"],"picked":"SKIP","floor":22.0},{"not_picked":["Distraction","Blade Dance"],"picked":"Backflip","floor":24.0},{"not_picked":["Sucker Punch","Bullet Time"],"picked":"Backflip","floor":25.0},{"not_picked":["All Out Attack","Backstab+1","Deadly Poison"],"picked":"SKIP","floor":29.0},{"not_picked":["After Image","Venomology"],"picked":"Malaise","floor":33.0},{"not_picked":["Deadly Poison+1","Deflect"],"picked":"Calculated Gamble+1","floor":35.0},{"not_picked":["Acrobatics","Sucker Punch+1"],"picked":"Backflip","floor":39.0},{"not_picked":["Eviscerate","Predator","Backflip"],"picked":"SKIP","floor":40.0},{"not_picked":["Caltrops","Expertise+1"],"picked":"Dodge and Roll+1","floor":42.0},{"not_picked":["Sucker Punch+1","Acrobatics+1","Blade Dance+1"],"picked":"SKIP","floor":46.0},{"not_picked":["Glass Knife","Quick Slash+1"],"picked":"Dodge and Roll+1","floor":54}],"player_experience":175231,"relics_obtained":[{"floor":9.0,"key":"Bronze Scales"},{"floor":11.0,"key":"Mummified Hand"},{"floor":19.0,"key":"Nilry\u0027s Codex"},{"floor":40.0,"key":"Tingsha"},{"floor":43.0,"key":"Happy Flower"},{"floor":43.0,"key":"Potion Belt"},{"floor":54,"key":"Boot"}],"event_choices":[{"damage_healed":0.0,"max_hp_gain":0.0,"max_hp_loss":0.0,"gold_gain":75.0,"event_name":"World of Goop","player_choice":"Gather Gold","floor":3.0,"gold_loss":0.0,"damage_taken":11.0},{"damage_healed":0.0,"max_hp_gain":0.0,"max_hp_loss":0.0,"gold_gain":0.0,"cards_transformed":["Strike_G"],"event_name":"Living Wall","player_choice":"Change","floor":5.0,"gold_loss":0.0,"damage_taken":0.0,"cards_obtained":["Caltrops"]},{"damage_healed":0.0,"max_hp_gain":0.0,"max_hp_loss":0.0,"gold_gain":0.0,"event_name":"Dead Adventurer","player_choice":"Searched \u00272\u0027 times","floor":13.0,"gold_loss":0.0,"damage_taken":0.0,"relics_obtained":["Snake Skull"]},{"damage_healed":0.0,"max_hp_gain":0.0,"max_hp_loss":0.0,"gold_gain":0.0,"event_name":"Cursed Tome","player_choice":"Obtained Book","floor":19.0,"gold_loss":0.0,"damage_taken":16.0},{"damage_healed":0.0,"max_hp_gain":0.0,"max_hp_loss":0.0,"gold_gain":0.0,"event_name":"The Mausoleum","player_choice":"Opened","floor":27.0,"gold_loss":0.0,"damage_taken":0.0,"relics_obtained":["Sundial"],"cards_obtained":["Writhe"]},{"damage_healed":0.0,"max_hp_gain":0.0,"max_hp_loss":0.0,"gold_gain":0.0,"event_name":"Addict","player_choice":"Stole Relic","floor":30.0,"gold_loss":0.0,"damage_taken":0.0,"relics_obtained":["Matryoshka"],"cards_obtained":["Shame"]},{"damage_healed":0.0,"max_hp_gain":0.0,"max_hp_loss":0.0,"gold_gain":99.0,"event_name":"Nest","player_choice":"Stole From Cult","floor":31.0,"gold_loss":0.0,"damage_taken":0.0},{"damage_healed":0.0,"max_hp_gain":0.0,"max_hp_loss":0.0,"gold_gain":0.0,"event_name":"Tomb of Lord Red Mask","player_choice":"Ignored","floor":36.0,"gold_loss":0.0,"damage_taken":0.0},{"damage_healed":0.0,"max_hp_gain":0.0,"max_hp_loss":0.0,"gold_gain":0.0,"event_name":"Winding Halls","player_choice":"Embrace Madness","floor":37.0,"gold_loss":0.0,"damage_taken":9.0,"cards_obtained":["Madness","Madness"]},{"cards_removed":["Strike_G"],"damage_healed":0.0,"max_hp_gain":0.0,"max_hp_loss":0.0,"gold_gain":0.0,"event_name":"Falling","player_choice":"Removed Attack","floor":38.0,"gold_loss":0.0,"damage_taken":0.0},{"damage_healed":0.0,"max_hp_gain":0.0,"max_hp_loss":0.0,"gold_gain":0.0,"event_name":"SensoryStone","player_choice":"Memory 1","floor":47.0,"gold_loss":0.0,"damage_taken":0.0}],"is_beta":false,"boss_relics":[{"not_picked":["Ring of the Serpent","Pandora\u0027s Box"],"picked":"Velvet Choker"},{"not_picked":["HoveringKite","WristBlade"],"picked":"Sozu"}],"items_purged_floors":[12],"is_endless":false,"potions_floor_spawned":[4,11,13,14,16,21,22,24,25,39,40],"killed_by":"The Heart","ascension_level":6}