{"gold_per_floor":[17,36,2,2,23,48,48,48,48,92,92,105,123,25,25,144,144,164,179,44,44,68,68,68,68,91,91,106,130,130,144,144,268,268,281,101,101,124,124,124,149,174,197,197,197,211,247,270,270,270],"floor_reached":50,"playtime":1658,"items_purged":["Strike_B","Defend_B"],"score":476,"play_id":"b02c251f-7fa3-4338-ba82-040d3eb8aead","local_time":"20181208134546","is_ascension_mode":false,"campfire_choices":[{"data":"Zap","floor":7.0,"key":"SMITH"},{"data":"Ball Lightning","floor":11.0,"key":"SMITH"},{"floor":15.0,"key":"REST"},{"data":"Creative AI","floor":23.0,"key":"SMITH"},{"data":"Storm","floor":27.0,"key":"SMITH"},{"data":"Consume","floor":30.0,"key":"SMITH"},{"data":"Loop","floor":32.0,"key":"SMITH"},{"data":"Dualcast","floor":40.0,"key":"SMITH"},{"floor":45.0,"key":"REST"},{"floor":49,"key":"RECALL"}],"neow_cost":"NO_GOLD","seed_source_timestamp":2023475099651847,"circlet_count":0,"master_deck":["Defend_B","Zap+1","Dualcast+1","Ball Lightning+1","Ball Lightning","Storm+1","Leap","Machine Learning","Conserve Battery","Go for the Eyes","Creative AI+1","Leap+1","Sweeping Beam","Consume+1","Self Repair","Loop+1","Chill","Fusion+1","Hologram+1","Electrodynamics","Steam+1","White Noise","Secret Weapon","Static Discharge+1","Madness","Madness","Seek","Capacitor+1"],"special_seed":0,"relics":["Cracked Core","Golden Idol","Incense Burner","Thread and Needle","Sozu","Matryoshka","Sundial","Eternal Feather","PreservedInsect","Boot","Bag of Preparation","Strawberry"],"potions_floor_usage":[],"damage_taken":[{"damage":2.0,"enemies":"2 Louse","floor":1.0,"turns":3.0},{"damage":0.0,"enemies":"Small Slimes","floor":2.0,"turns":2.0},{"damage":6.0,"enemies":"Jaw Worm","floor":5.0,"turns":2.0},{"damage":4.0,"enemies":"Lots of Slimes","floor":6.0,"turns":4.0},{"damage":31.0,"enemies":"3 Sentries","floor":10.0,"turns":6.0},{"damage":4.0,"enemies":"Red Slaver","floor":12.0,"turns":2.0},{"damage":0.0,"enemies":"Exordium Thugs","floor":13.0,"turns":3.0},{"damage":2.0,"enemies":"The Guardian","floor":16.0,"turns":9.0},{"damage":0.0,"enemies":"Shell Parasite","floor":18.0,"turns":4.0},{"damage":0.0,"enemies":"3 Byrds","floor":19.0,"turns":4.0},{"damage":12.0,"enemies":"Cultist and Chosen","floor":22.0,"turns":6.0},{"damage":17.0,"enemies":"Snake Plant","floor":28.0,"turns":3.0},{"damage":0.0,"enemies":"Snecko","floor":29.0,"turns":4.0},{"damage":4.0,"enemies":"Shelled Parasite and Fungi","floor":31.0,"turns":4.0},{"damage":8.0,"enemies":"Champ","floor":33.0,"turns":8.0},{"damage":0.0,"enemies":"3 Shapes","floor":35.0,"turns":2.0},{"damage":0.0,"enemies":"Orb Walker","floor":38.0,"turns":4.0},{"damage":35.0,"enemies":"Maw","floor":41.0,"turns":6.0},{"damage":29.0,"enemies":"4 Shapes","floor":42.0,"turns":5.0},{"damage":0.0,"enemies":"3 Darklings","floor":46.0,"turns":3.0},{"damage":29.0,"enemies":"Reptomancer","floor":47.0,"turns":4.0},{"damage":1.0,"enemies":"Jaw Worm Horde","floor":48.0,"turns":3.0},{"damage":51,"enemies":"Time Eater","floor":50,"turns":6}],"seed_played":"128518616573132766","potions_obtained":[{"floor":2.0,"key":"Strength Potion"},{"floor":5.0,"key":"SkillPotion"},{"floor":6.0,"key":"AttackPotion"}],"is_trial":false,"path_per_floor":["M","M","$","?","M","M","R","?","T","E","R","M","M","$","R","B",null,"M","M","$","T","M","R","?","$","T","R","M","M","R","M","R","B",null,"M","$","?","M","?","R","M","M","T","?","R","M","E","M","R","B"],"character_chosen":"DEFECT","items_purchased":["Storm","Go for the Eyes","Consume","White Noise","PreservedInsect"],"campfire_rested":2,"item_purchase_floors":[3,14,20,36,36],"current_hp_per_floor":[73,73,73,69,63,59,59,59,59,28,28,24,24,24,44,42,69,69,69,69,69,57,57,57,57,57,57,40,47,47,50,50,49,69,69,69,69,69,60,69,41,12,12,12,47,47,32,31,46,0],"gold":270,"neow_bonus":"REMOVE_TWO","is_prod":false,"is_daily":false,"chose_seed":false,"campfire_upgraded":7,"win_rate":0,"timestamp":1544244346,"path_taken":["M","M","$","?","M","M","R","?","T","E","R","M","M","?","R","BOSS","M","M","$","?","?","R","?","$","T","R","M","M","R","M","R","BOSS","M","$","?","M","?","R","M","M","T","?","R","M","E","?","R","BOSS"],"build_version":"2018-12-06","purchased_purges":2,"victory":false,"max_hp_per_floor":[75,75,75,69,69,69,69,69,69,69,69,69,69,69,69,69,69,69,69,69,69,69,69,69,69,69,69,69,69,69,69,69,69,69,69,69,69,69,69,69,69,69,69,69,69,69,76,76,76,76],"card_choices":[{"not_picked":["Consume","Steam"],"picked":"Ball Lightning","floor":1.0},{"not_picked":["Rip and Tear","Leap"],"picked":"Ball Lightning","floor":2.0},{"not_picked":["Skim","Scrape"],"picked":"Leap","floor":5.0},{"not_picked":["Turbo","Ball Lightning","Gash"],"picked":"SKIP","floor":6.0},{"not_picked":["Ball Lightning","Cold Snap"],"picked":"Machine Learning","floor":10.0},{"not_picked":["Leap","Rebound"],"picked":"Conserve Battery","floor":12.0},{"not_picked":["Chaos","Coolheaded","Blizzard"],"picked":"SKIP","floor":13.0},{"not_picked":["Multi-Cast","Reboot"],"picked":"Creative AI","floor":16.0},{"not_picked":["Cold Snap","Hologram"],"picked":"Leap+1","floor":18.0},{"not_picked":["Turbo","Cold Snap"],"picked":"Sweeping Beam","floor":19.0},{"not_picked":["Coolheaded","Steam"],"picked":"Self Repair","floor":22.0},{"not_picked":["Ball Lightning","Go for the Eyes"],"picked":"Fusion+1","floor":28.0},{"not_picked":["Storm+1","Rebound"],"picked":"Hologram+1","floor":29.0},{"not_picked":["Doom and Gloom+1","Go for the Eyes","Sweeping Beam"],"picked":"SKIP","floor":31.0},{"not_picked":["Amplify","Buffer"],"picked":"Electrodynamics","floor":33.0},{"not_picked":["Coolheaded+1","Rebound"],"picked":"Steam+1","floor":35.0},{"not_picked":["Forethought","Trip"],"picked":"Secret Weapon","floor":37.0},{"not_picked":["Hello World","Gash+1"],"picked":"Static Discharge+1","floor":38.0},{"not_picked":["Rip and Tear+1","Sweeping Beam+1","Rebound"],"picked":"SKIP","floor":41.0},{"not_picked":["Sweeping Beam","Compile Driver","Hologram+1"],"picked":"SKIP","floor":42.0},{"not_picked":["Force Field+1","Redo+1"],"picked":"Seek","floor":46.0},{"not_picked":["Turbo","Chill+1"],"picked":"Capacitor+1","floor":47.0},{"not_picked":["Barrage+1","Chaos+1","Turbo+1"],"picked":"SKIP","floor":48.0}],"player_experience":529477,"relics_obtained":[{"floor":9.0,"key":"Incense Burner"},{"floor":10.0,"key":"Thread and Needle"},{"floor":21.0,"key":"Matryoshka"},{"floor":26.0,"key":"Sundial"},{"floor":43.0,"key":"Boot"},{"floor":43.0,"key":"Bag of Preparation"},{"floor":47.0,"key":"Strawberry"}],"event_choices":[{"damage_healed":0.0,"max_hp_gain":0.0,"max_hp_loss":6.0,"gold_gain":0.0,"event_name":"Golden Idol","player_choice":"Lose Max HP","floor":4.0,"gold_loss":0.0,"damage_taken":0.0,"relics_obtained":["Golden Idol"]},{"cards_removed":["Strike_B"],"damage_healed":0.0,"max_hp_gain":0.0,"max_hp_loss":0.0,"gold_gain":0.0,"event_name":"Living Wall","player_choice":"Forget","floor":8.0,"gold_loss":0.0,"damage_taken":0.0},{"damage_healed":0.0,"max_hp_gain":0.0,"max_hp_loss":0.0,"gold_gain":0.0,"cards_transformed":["Strike_B","Defend_B"],"event_name":"Drug Dealer","player_choice":"Became Test Subject","floor":24.0,"gold_loss":0.0,"damage_taken":0.0,"cards_obtained":["Loop","Chill"]},{"damage_healed":0.0,"max_hp_gain":0.0,"max_hp_loss":0.0,"gold_gain":0.0,"event_name":"SensoryStone","player_choice":"Memory 1","floor":37.0,"gold_loss":0.0,"damage_taken":0.0},{"damage_healed":0.0,"max_hp_gain":0.0,"max_hp_loss":0.0,"gold_gain":0.0,"event_name":"Winding Halls","player_choice":"Embrace Madness","floor":39.0,"gold_loss":0.0,"damage_taken":9.0,"cards_obtained":["Madness","Madness"]},{"damage_healed":0.0,"max_hp_gain":0.0,"max_hp_loss":0.0,"gold_gain":0.0,"event_name":"SecretPortal","player_choice":"Ignored","floor":44.0,"gold_loss":0.0,"damage_taken":0.0}],"is_beta":false,"boss_relics":[{"not_picked":["Astrolabe","Calling Bell"],"picked":"Sozu"},{"not_picked":["Philosopher\u0027s Stone","Lizard Tail"],"picked":"Eternal Feather"}],"items_purged_floors":[14,20],"is_endless":false,"potions_floor_spawned":[2,5,6,22,29,31,33,41,42,46],"killed_by":"Time Eater","ascension_level":0}