{"gold_per_floor":[110,124,143,93,105,105,164,198,222,247,260,260,273,448,448,550,550,570,190,202,202,202,202,217,132,132,82,82,82,82,82,82,182,182,195,43,43,90,90,125,125,140,189,189,223,223,223,238,238,238],"floor_reached":50,"playtime":3980,"items_purged":["Doubt"],"score":570,"play_id":"2166d9a2-d0d4-4a9d-a3cd-8470c9126899","local_time":"20180902201843","is_ascension_mode":true,"campfire_choices":[{"data":"Capacitor","floor":6,"key":"SMITH"},{"data":"Hello World","floor":12,"key":"SMITH"},{"data":"Glacier","floor":15,"key":"SMITH"},{"data":"Buffer","floor":23,"key":"SMITH"},{"data":"Dualcast","floor":28,"key":"SMITH"},{"data":"Conserve Battery","floor":30,"key":"SMITH"},{"floor":32,"key":"REST"},{"floor":41,"key":"REST"},{"floor":44,"key":"REST"},{"floor":46,"key":"REST"},{"floor":49,"key":"REST"}],"neow_cost":"NONE","seed_source_timestamp":1210076131325202,"circlet_count":0,"master_deck":["Strike_B","Strike_B","Strike_B+1","Defend_B+1","Defend_B","Defend_B","Defend_B","Zap+1","Dualcast+1","Ball Lightning+1","Glacier+1","Capacitor+1","Steam Power","Amplify","Hello World+1","Capacitor","Buffer+1","Conserve Battery+1","Redo","Creative AI","Blizzard+1","Madness","Madness+1","Enlightenment","Blind","Transmutation","Conserve Battery+1"],"relics":["Cracked Core","Bag of Preparation","Juzu Bracelet","Whetstone","Art of War","Runic Pyramid","Lantern","Bronze Scales","Dream Catcher","Bottled Flame","Bottled Tornado","Sozu","Happy Flower","Du-Vu Doll","Oddly Smooth Stone","War Paint","Pen Nib","Torii"],"potions_floor_usage":[7,8,8],"damage_taken":[{"damage":1,"enemies":"Jaw Worm","floor":1,"turns":3},{"damage":0,"enemies":"2 Louse","floor":2,"turns":2},{"damage":0,"enemies":"Small Slimes","floor":3,"turns":3},{"damage":9,"enemies":"3 Louse","floor":5,"turns":4},{"damage":2,"enemies":"3 Sentries","floor":7,"turns":6},{"damage":0,"enemies":"Lagavulin","floor":8,"turns":7},{"damage":1,"enemies":"2 Fungi Beasts","floor":11,"turns":3},{"damage":9,"enemies":"Exordium Wildlife","floor":13,"turns":5},{"damage":34,"enemies":"Slime Boss","floor":16,"turns":10},{"damage":0,"enemies":"Chosen","floor":18,"turns":7},{"damage":23,"enemies":"2 Thieves","floor":20,"turns":4},{"damage":0,"enemies":"Centurion and Healer","floor":24,"turns":8},{"damage":51,"enemies":"Automaton","floor":33,"turns":15},{"damage":0,"enemies":"Orb Walker","floor":35,"turns":5},{"damage":14,"enemies":"Mysterious Sphere","floor":38,"turns":6},{"damage":53,"enemies":"Giant Head","floor":40,"turns":12},{"damage":8,"enemies":"3 Darklings","floor":42,"turns":5},{"damage":33,"enemies":"Nemesis","floor":45,"turns":9},{"damage":10,"enemies":"Mind Bloom Boss Battle","floor":47,"turns":6},{"damage":36,"enemies":"Sphere and 2 Shapes","floor":48,"turns":6},{"damage":43,"enemies":"Time Eater","floor":50,"turns":11}],"seed_played":"3714916835076454689","potions_obtained":[{"floor":1,"key":"FocusPotion"},{"floor":2,"key":"Poison Potion"},{"floor":7,"key":"Fruit Juice"},{"floor":13,"key":"SteroidPotion"}],"is_trial":false,"path_per_floor":["M","M","M","?","M","R","?","E","T","T","M","R","M","?","R","B",null,"M","$","M","?","?","R","M","?","T","?","R","?","R","T","R","B",null,"M","$","?","?","?","E","R","M","T","R","E","R","?","M","R"],"character_chosen":"DEFECT","items_purchased":["Lantern","Bronze Scales","Happy Flower"],"campfire_rested":5,"item_purchase_floors":[19,19,36],"current_hp_per_floor":[74,74,74,74,65,65,63,68,68,68,67,67,58,58,58,24,80,80,80,57,90,72,72,72,72,72,72,72,72,72,72,95,44,95,95,95,83,69,59,6,34,26,26,54,25,53,43,7,35,0],"gold":238,"neow_bonus":"UPGRADE_CARD","is_prod":false,"is_daily":false,"chose_seed":false,"campfire_upgraded":6,"win_rate":0,"timestamp":1535887123,"path_taken":["M","M","M","?","M","R","?","E","T","?","M","R","M","?","R","BOSS","M","$","M","?","?","R","M","?","T","?","R","?","R","?","R","BOSS","M","$","?","?","?","E","R","M","T","R","E","R","?","M","R","BOSS"],"build_version":"2018-08-30","purchased_purges":1,"victory":false,"max_hp_per_floor":[75,75,75,75,75,75,75,80,80,80,80,80,80,80,80,80,80,80,80,80,90,95,95,95,95,95,95,95,95,95,95,95,95,95,95,95,95,95,95,95,95,95,95,95,95,95,95,95,95,95],"card_choices":[{"not_picked":["Darkness","Capacitor"],"picked":"Ball Lightning","floor":1},{"not_picked":["Rip and Tear","Redo"],"picked":"Glacier","floor":2},{"not_picked":["Scrape","Rebound"],"picked":"Capacitor","floor":3},{"not_picked":["Stack","Leap"],"picked":"Steam Power","floor":5},{"not_picked":["Turbo","Gash"],"picked":"Amplify","floor":7},{"not_picked":["Aggregate","Scrape"],"picked":"Multi-Cast","floor":8},{"not_picked":["Skim","Turbo"],"picked":"Hello World","floor":11},{"not_picked":["Blizzard","Doom and Gloom"],"picked":"Capacitor","floor":13},{"not_picked":["All For One","Reboot"],"picked":"Buffer","floor":16},{"not_picked":["Steam","Lockon","Leap"],"picked":"SKIP","floor":18},{"not_picked":["Scrape","Coolheaded"],"picked":"Conserve Battery","floor":20},{"not_picked":["Fusion+1","Streamline","Stack+1"],"picked":"SKIP","floor":24},{"not_picked":["Cold Snap","Genetic Algorithm+1"],"picked":"Redo","floor":32},{"not_picked":["Fission","Meteor Strike"],"picked":"Creative AI","floor":33},{"not_picked":["Force Field+1","Tempest+1"],"picked":"Blizzard+1","floor":35},{"not_picked":["HandOfGreed","Swift Strike"],"picked":"Enlightenment","floor":39},{"not_picked":["Purity","Discovery"],"picked":"Blind","floor":39},{"not_picked":["Finesse","Flash of Steel"],"picked":"Transmutation","floor":39},{"not_picked":["Stack+1","Steam","Leap"],"picked":"SKIP","floor":40},{"not_picked":["Loop","Sweeping Beam"],"picked":"Conserve Battery+1","floor":42},{"not_picked":["FTL","Skim","Force Field"],"picked":"SKIP","floor":45},{"not_picked":["BootSequence","Heatsinks","Rip and Tear"],"picked":"SKIP","floor":48}],"player_experience":187530,"relics_obtained":[{"floor":7,"key":"Bag of Preparation"},{"floor":8,"key":"Juzu Bracelet"},{"floor":9,"key":"Whetstone"},{"floor":10,"key":"Art of War"},{"floor":26,"key":"Bottled Flame"},{"floor":31,"key":"Bottled Tornado"},{"floor":38,"key":"Du-Vu Doll"},{"floor":40,"key":"Oddly Smooth Stone"},{"floor":43,"key":"War Paint"},{"floor":45,"key":"Pen Nib"},{"floor":47,"key":"Torii"}],"event_choices":[{"event_name":"The Cleric","player_choice":"Card Removal","floor":4,"damage_taken":0},{"event_name":"Dead Adventurer","player_choice":"Searched \u00272\u0027 times","floor":7,"damage_taken":0},{"event_name":"Liars Game","player_choice":"agreed","floor":14,"damage_taken":0},{"event_name":"Bonfire Elementals","player_choice":"RARE","floor":21,"damage_taken":0},{"event_name":"Forgotten Altar","player_choice":"Shed Blood","floor":22,"damage_taken":0},{"event_name":"Addict","player_choice":"Obtained Relic","floor":25,"damage_taken":0},{"event_name":"The Joust","player_choice":"Bet on Murderer","floor":27,"damage_taken":0},{"event_name":"The Woman in Blue","player_choice":"Bought 0 Potions","floor":29,"damage_taken":0},{"event_name":"Winding Halls","player_choice":"Embrace Madness","floor":37,"damage_taken":0},{"event_name":"Mysterious Sphere","player_choice":"Fight","floor":38,"damage_taken":0},{"event_name":"SensoryStone","player_choice":"Memory 3","floor":39,"damage_taken":0},{"event_name":"MindBloom","player_choice":"Fight","floor":47,"damage_taken":0}],"is_beta":false,"boss_relics":[{"not_picked":["Ectoplasm","Coffee Dripper"],"picked":"Runic Pyramid"},{"not_picked":["Black Star","White Beast Statue"],"picked":"Sozu"}],"items_purged_floors":[19],"is_endless":false,"potions_floor_spawned":[1,2,7,13,35,40,48],"killed_by":"Time Eater","ascension_level":1}