{"gold_per_floor":[119,119,294,294,16,16,33,112,112,112,138,138,151,169,169,274,274,289,289,303,402,203,203,237,237,260,260,260,280],"floor_reached":29,"playtime":1472,"items_purged":["Strike_G","Defend_G"],"score":322,"play_id":"4942bcdc-5385-4a5c-bce1-d220ae97a51d","local_time":"20180929055406","is_ascension_mode":true,"campfire_choices":[{"data":"Neutralize","floor":6.0,"key":"SMITH"},{"data":"Noxious Fumes","floor":10.0,"key":"SMITH"},{"data":"Poisoned Stab","floor":12.0,"key":"SMITH"},{"data":"After Image","floor":15.0,"key":"SMITH"},{"data":"Backflip","floor":23.0,"key":"SMITH"},{"floor":25,"key":"REST"},{"data":"Bullet Time","floor":28,"key":"SMITH"}],"neow_cost":"","seed_source_timestamp":0,"circlet_count":0,"master_deck":["Defend_G","Defend_G","Defend_G","Defend_G","Strike_G","Strike_G","Strike_G","Strike_G","Survivor","Neutralize+1","Noxious Fumes+1","Poisoned Stab+1","PiercingWail","Catalyst","After Image+1","Burst","Escape Plan","Backflip+1","Well Laid Plans","Blade Dance","Bullet Time+1","Backstab","Forethought","Escape Plan"],"special_seed":0,"relics":["Ring of the Snake","Spirit Poop","Omamori","Pear","Turnip","Sundial","WristBlade","MutagenicStrength","Tingsha","Bag of Preparation"],"potions_floor_usage":[24],"damage_taken":[{"damage":3.0,"enemies":"2 Louse","floor":1.0,"turns":5.0},{"damage":0.0,"enemies":"Small Slimes","floor":7.0,"turns":4.0},{"damage":7.0,"enemies":"Lagavulin","floor":11.0,"turns":6.0},{"damage":0.0,"enemies":"Cultist","floor":13.0,"turns":4.0},{"damage":0.0,"enemies":"Large Slime","floor":14.0,"turns":6.0},{"damage":10.0,"enemies":"Slime Boss","floor":16.0,"turns":12.0},{"damage":0.0,"enemies":"Chosen","floor":18.0,"turns":6.0},{"damage":16.0,"enemies":"Shell Parasite","floor":20.0,"turns":8.0},{"damage":37,"enemies":"Slavers","floor":24,"turns":6},{"damage":35,"enemies":"3 Cultists","floor":29,"turns":7}],"seed_played":"4553921589639934664","potions_obtained":[{"floor":1.0,"key":"PowerPotion"},{"floor":11.0,"key":"EssenceOfSteel"},{"floor":13.0,"key":"SkillPotion"},{"floor":14.0,"key":"FearPotion"},{"floor":18.0,"key":"SkillPotion"},{"floor":29,"key":"SkillPotion"}],"is_trial":false,"path_per_floor":["M","?","?","?","$","R","M","T","T","R","E","R","M","M","R","B",null,"M","?","M","?","$","R","E","R","T","?","R"],"character_chosen":"THE_SILENT","items_purchased":["Poisoned Stab","Omamori","Backflip","Well Laid Plans"],"campfire_rested":1,"item_purchase_floors":[5,5,22,22],"current_hp_per_floor":[60,70,70,70,70,70,70,80,80,80,73,73,73,73,73,63,76,76,76,60,60,60,60,23,47,47,47,47,12],"gold":280,"neow_bonus":"","is_prod":false,"is_daily":false,"chose_seed":false,"campfire_upgraded":6,"win_rate":0,"timestamp":1538168046,"path_taken":["M","?","?","?","$","R","M","?","T","R","E","R","M","M","R","BOSS","M","?","M","?","$","R","E","R","T","?","R","M"],"build_version":"2018-09-27","purchased_purges":2,"victory":false,"max_hp_per_floor":[70,70,70,70,70,70,70,80,80,80,80,80,80,80,80,80,80,80,80,80,80,80,80,80,80,80,80,80,80],"card_choices":[{"not_picked":["Poisoned Stab","Outmaneuver"],"picked":"Noxious Fumes","floor":1.0},{"not_picked":["Skewer","Blade Dance","Storm of Steel"],"picked":"SKIP","floor":7.0},{"not_picked":["Caltrops","All Out Attack"],"picked":"PiercingWail","floor":11.0},{"not_picked":["Slice","Outmaneuver"],"picked":"Catalyst","floor":13.0},{"not_picked":["Acrobatics","Bouncing Flask"],"picked":"After Image","floor":14.0},{"not_picked":["Doppelganger","Phantasmal Killer"],"picked":"Burst","floor":16.0},{"not_picked":["PiercingWail","Slice"],"picked":"Escape Plan","floor":18.0},{"not_picked":["Flying Knee","Quick Slash","Calculated Gamble+1"],"picked":"SKIP","floor":20.0},{"not_picked":["Dodge and Roll+1","Concentrate+1"],"picked":"Blade Dance","floor":24},{"not_picked":["Slice","Underhanded Strike"],"picked":"Escape Plan","floor":29}],"player_experience":318068,"relics_obtained":[{"floor":8.0,"key":"Pear"},{"floor":9.0,"key":"Turnip"},{"floor":11.0,"key":"Sundial"},{"floor":24,"key":"Tingsha"},{"floor":26,"key":"Bag of Preparation"}],"event_choices":[{"event_name":"Big Fish","player_choice":"Banana","floor":2.0,"damage_taken":0.0},{"event_name":"Liars Game","player_choice":"agreed","floor":3.0,"damage_taken":0.0},{"event_name":"Bonfire Elementals","player_choice":"CURSE","floor":4.0,"damage_taken":0.0},{"event_name":"Drug Dealer","player_choice":"Inject Mutagens","floor":19.0,"damage_taken":0.0},{"event_name":"Nest","player_choice":"Stole From Cult","floor":21.0,"damage_taken":0.0},{"event_name":"Match and Keep!","player_choice":"3 cards matched","floor":27,"damage_taken":0}],"is_beta":false,"boss_relics":[{"not_picked":["Velvet Choker","Fusion Hammer"],"picked":"WristBlade"}],"items_purged_floors":[5,22],"is_endless":false,"potions_floor_spawned":[1,11,13,14,18,29],"killed_by":"3 Cultists","ascension_level":7}