{"gold_per_floor":[109,109,284,284,300,334,334,360,360,360],"floor_reached":10,"playtime":354,"items_purged":[],"score":109,"play_id":"9e89e193-e5b5-4dc4-83bc-694fe4a62cf5","local_time":"20190517052546","is_ascension_mode":true,"campfire_choices":[{"data":"Survivor","floor":7,"key":"SMITH"}],"neow_cost":"NONE","seed_source_timestamp":5638010086900,"circlet_count":0,"master_deck":["Defend_G","Defend_G","Defend_G","Defend_G","Defend_G","Strike_G","Strike_G","Strike_G","Strike_G","Survivor+1","Neutralize","Doubt","Caltrops","Blur"],"relics":["Ring of the Snake","NeowsBlessing","Dead Branch","Kunai","Letter Opener"],"potions_floor_usage":[],"damage_taken":[{"damage":0,"enemies":"Jaw Worm","floor":1,"turns":1},{"damage":0,"enemies":"Small Slimes","floor":5,"turns":1},{"damage":0,"enemies":"3 Sentries","floor":6,"turns":1},{"damage":66,"enemies":"Gremlin Nob","floor":8,"turns":8},{"damage":7,"enemies":"The Mushroom Lair","floor":10,"turns":2}],"seed_played":"-4702646456701699812","potions_obtained":[{"floor":5,"key":"GhostInAJar"},{"floor":6,"key":"GamblersBrew"}],"is_trial":false,"path_per_floor":["M","?","?","?","M","E","R","E","T","?"],"character_chosen":"THE_SILENT","items_purchased":[],"campfire_rested":0,"item_purchase_floors":[],"current_hp_per_floor":[70,63,63,68,68,68,68,2,2,0],"gold":360,"neow_bonus":"THREE_ENEMY_KILL","is_prod":false,"is_daily":false,"chose_seed":false,"campfire_upgraded":1,"win_rate":0,"timestamp":1558041946,"path_taken":["M","?","?","?","?","E","R","E","T","?"],"build_version":"2019-01-17","purchased_purges":0,"victory":false,"max_hp_per_floor":[70,70,70,75,75,75,75,75,75,75],"card_choices":[{"not_picked":["Underhanded Strike","Flying Knee","Leg Sweep"],"picked":"SKIP","floor":1},{"not_picked":["Acrobatics","Backflip","Underhanded Strike"],"picked":"SKIP","floor":5},{"not_picked":["Dagger Spray","Bullet Time"],"picked":"Caltrops","floor":6},{"not_picked":["Caltrops","Burst"],"picked":"Blur","floor":8}],"player_experience":145484,"relics_obtained":[{"floor":6,"key":"Dead Branch"},{"floor":8,"key":"Kunai"},{"floor":9,"key":"Letter Opener"}],"event_choices":[{"cards_removed":["Strike_G"],"damage_healed":0,"gold_gain":0,"player_choice":"Card Removal","damage_taken":7,"max_hp_gain":0,"max_hp_loss":0,"event_name":"Golden Wing","floor":2,"gold_loss":0},{"damage_healed":0,"gold_gain":175,"player_choice":"AGREE","damage_taken":0,"max_hp_gain":0,"max_hp_loss":0,"event_name":"Liars Game","floor":3,"gold_loss":0,"cards_obtained":["Doubt"]},{"damage_healed":0,"gold_gain":0,"player_choice":"Donut","damage_taken":0,"max_hp_gain":5,"max_hp_loss":0,"event_name":"Big Fish","floor":4,"gold_loss":0},{"damage_healed":0,"gold_gain":0,"player_choice":"Fought Mushrooms","damage_taken":0,"max_hp_gain":0,"max_hp_loss":0,"event_name":"Mushrooms","floor":10,"gold_loss":0}],"is_beta":false,"boss_relics":[],"items_purged_floors":[],"is_endless":false,"potions_floor_spawned":[5,6],"killed_by":"The Mushroom Lair","ascension_level":2}