{"gold_per_floor":[115,132,142,142,142,142,177,196,196,196,207,242,242,24,24,120,120,130,130,130,143,158,158,3,20,43,43,43,43,55,74,74,176,176,192,204,0,14,14,14,32,52,79,111,123,146,158,184,196,208],"floor_reached":50,"playtime":1821,"items_purged":[],"score":778,"play_id":"ac6ac08e-b68b-479c-b691-6146da329ff7","local_time":"20190514162003","is_ascension_mode":true,"campfire_choices":[{"data":"Bouncing Flask","floor":6,"key":"SMITH"},{"floor":10,"key":"REST"},{"floor":13,"key":"REST"},{"data":"Bane","floor":15,"key":"SMITH"},{"floor":23,"key":"RECALL"},{"floor":32,"key":"REST"},{"floor":40,"key":"REST"},{"floor":45,"key":"REST"},{"floor":47,"key":"REST"},{"floor":49,"key":"REST"}],"neow_cost":"NONE","seed_source_timestamp":2494343269750844,"circlet_count":0,"master_deck":["AscendersBane","Defend_G+1","Defend_G+1","Defend_G+1","Defend_G+1","Defend_G+1","Strike_G+1","Strike_G+1","Strike_G+1","Strike_G+1","Survivor","Neutralize","PiercingWail","Sucker Punch","Bouncing Flask+1","Dagger Spray","Dash","Bouncing Flask","Cloak And Dagger","Deadly Poison","Bane+1","Venomology","Leg Sweep","RitualDagger","Bane+1","Catalyst","Dodge and Roll","Shame","RitualDagger","Noxious Fumes","Backflip+1","Bullet Time","Bane","Dodge and Roll","Terror+1","Unload","PiercingWail+1","Backstab+1"],"relics":["Ring of the Snake","NeowsBlessing","Kunai","Shuriken","Pantograph","Lantern","Fusion Hammer","Pen Nib","Bag of Marbles","Matryoshka","Lizard Tail","Red Mask","Juzu Bracelet","PreservedInsect","MawBank"],"potions_floor_usage":[12,30,31,33,33,41,41,42,42,44,44,48,50],"damage_taken":[{"damage":0,"enemies":"Cultist","floor":1,"turns":1},{"damage":0,"enemies":"Jaw Worm","floor":2,"turns":1},{"damage":0,"enemies":"Small Slimes","floor":3,"turns":1},{"damage":46,"enemies":"3 Sentries","floor":7,"turns":12},{"damage":3,"enemies":"Red Slaver","floor":8,"turns":4},{"damage":3,"enemies":"Exordium Thugs","floor":11,"turns":5},{"damage":27,"enemies":"Gremlin Nob","floor":12,"turns":5},{"damage":31,"enemies":"Hexaghost","floor":16,"turns":8},{"damage":0,"enemies":"Chosen","floor":18,"turns":3},{"damage":0,"enemies":"3 Byrds","floor":21,"turns":6},{"damage":0,"enemies":"Snecko","floor":22,"turns":4},{"damage":18,"enemies":"Snake Plant","floor":25,"turns":3},{"damage":20,"enemies":"Chosen and Byrds","floor":30,"turns":8},{"damage":4,"enemies":"Centurion and Healer","floor":31,"turns":9},{"damage":30,"enemies":"Collector","floor":33,"turns":7},{"damage":15,"enemies":"3 Shapes","floor":35,"turns":7},{"damage":0,"enemies":"Orb Walker","floor":36,"turns":2},{"damage":23,"enemies":"Transient","floor":38,"turns":5},{"damage":19,"enemies":"Spire Growth","floor":41,"turns":4},{"damage":20,"enemies":"Jaw Worm Horde","floor":42,"turns":6},{"damage":32,"enemies":"Nemesis","floor":44,"turns":7},{"damage":5,"enemies":"4 Shapes","floor":46,"turns":7},{"damage":25,"enemies":"Spire Growth","floor":48,"turns":5},{"damage":67,"enemies":"Awakened One","floor":50,"turns":6}],"seed_played":"-1742752006958205988","potions_obtained":[{"floor":2,"key":"Swift Potion"},{"floor":12,"key":"AttackPotion"},{"floor":16,"key":"GhostInAJar"},{"floor":21,"key":"Energy Potion"},{"floor":31,"key":"Energy Potion"},{"floor":38,"key":"Dexterity Potion"},{"floor":41,"key":"SkillPotion"},{"floor":46,"key":"Strength Potion"}],"is_trial":false,"path_per_floor":["M","M","M","?","?","R","E","M","T","R","M","E","R","$","R","B",null,"M","?","?","M","M","R","$","M","T","?","$","?","M","M","R","B",null,"M","M","?","M","?","R","M","M","T","E","R","M","R","M","R","B"],"character_chosen":"THE_SILENT","items_purchased":["Lantern","Deadly Poison","Bane","Pen Nib"],"campfire_rested":7,"item_purchase_floors":[14,14,14,24],"current_hp_per_floor":[63,63,63,63,63,63,17,14,14,35,32,5,26,26,26,20,58,58,58,52,52,52,52,52,34,34,34,34,34,14,10,31,26,59,44,44,44,21,21,42,23,3,3,9,30,25,46,21,42,0],"gold":208,"neow_bonus":"THREE_ENEMY_KILL","is_prod":false,"is_daily":false,"chose_seed":false,"campfire_upgraded":2,"win_rate":0,"timestamp":1557807603,"path_taken":["M","?","M","?","?","R","E","M","T","R","?","E","R","?","R","BOSS","M","?","?","M","M","R","$","M","T","?","$","?","?","M","R","BOSS","M","?","?","M","?","R","M","M","T","E","R","M","R","M","R","BOSS"],"build_version":"2019-01-23","purchased_purges":0,"victory":false,"max_hp_per_floor":[70,70,70,70,70,70,70,70,70,70,70,70,70,70,70,70,70,70,70,70,70,70,70,70,70,70,70,70,70,70,70,70,70,70,70,70,70,70,70,70,70,70,70,70,70,70,70,70,70,70],"card_choices":[{"not_picked":["Prepared","Slice"],"picked":"PiercingWail","floor":1},{"not_picked":["Finisher","Masterful Stab"],"picked":"Sucker Punch","floor":2},{"not_picked":["Distraction","Deflect"],"picked":"Bouncing Flask","floor":3},{"not_picked":["Flechettes","Sucker Punch"],"picked":"Dagger Spray","floor":7},{"not_picked":["Prepared","Storm of Steel"],"picked":"Dash","floor":8},{"not_picked":["Escape Plan","Reflex"],"picked":"Bouncing Flask","floor":11},{"not_picked":["Slice","Storm of Steel"],"picked":"Cloak And Dagger","floor":12},{"not_picked":["Adrenaline","Corpse Explosion"],"picked":"Venomology","floor":16},{"not_picked":["Blade Dance","Eviscerate"],"picked":"Leg Sweep","floor":18},{"not_picked":["Slice","Dagger Throw"],"picked":"Bane+1","floor":21},{"not_picked":["Dagger Throw","Backstab"],"picked":"Catalyst","floor":22},{"not_picked":["Blur","Leg Sweep+1"],"picked":"Dodge and Roll","floor":25},{"not_picked":["Distraction","Unload"],"picked":"Noxious Fumes","floor":30},{"not_picked":["Dagger Throw","Tactician"],"picked":"Backflip+1","floor":31},{"not_picked":["Burst","Envenom"],"picked":"Bullet Time","floor":33},{"not_picked":["Deadly Poison+1","Deflect+1"],"picked":"Bane","floor":35},{"not_picked":["Riddle With Holes","Caltrops+1"],"picked":"Dodge and Roll","floor":36},{"not_picked":["Poisoned Stab","Eviscerate+1","Quick Slash"],"picked":"SKIP","floor":38},{"not_picked":["PiercingWail+1","Underhanded Strike+1"],"picked":"Terror+1","floor":41},{"not_picked":["Dagger Throw+1","Underhanded Strike"],"picked":"Unload","floor":42},{"not_picked":["Quick Slash+1","Acrobatics"],"picked":"PiercingWail+1","floor":44},{"not_picked":["Slice+1","Blade Dance","Deflect"],"picked":"SKIP","floor":46},{"not_picked":["Accuracy+1","Dagger Spray"],"picked":"Backstab+1","floor":48}],"player_experience":246249,"relics_obtained":[{"floor":7,"key":"Kunai"},{"floor":9,"key":"Shuriken"},{"floor":12,"key":"Pantograph"},{"floor":26,"key":"Bag of Marbles"},{"floor":43,"key":"Juzu Bracelet"},{"floor":43,"key":"PreservedInsect"},{"floor":44,"key":"MawBank"}],"event_choices":[{"damage_healed":0,"gold_gain":0,"player_choice":"Leave","damage_taken":0,"max_hp_gain":0,"max_hp_loss":0,"event_name":"The Cleric","floor":4,"gold_loss":0},{"cards_removed":["Strike_G"],"damage_healed":0,"gold_gain":0,"player_choice":"Offered Basic","damage_taken":0,"max_hp_gain":0,"max_hp_loss":0,"event_name":"Bonfire Elementals","floor":5,"gold_loss":0},{"damage_healed":0,"gold_gain":0,"player_choice":"Simplicity","damage_taken":0,"max_hp_gain":0,"max_hp_loss":0,"event_name":"Back to Basics","floor":19,"gold_loss":0,"cards_upgraded":["Defend_G","Defend_G","Defend_G","Defend_G","Defend_G","Strike_G","Strike_G","Strike_G","Strike_G"]},{"damage_healed":0,"gold_gain":0,"player_choice":"Joined the Cult","damage_taken":6,"max_hp_gain":0,"max_hp_loss":0,"event_name":"Nest","floor":20,"gold_loss":0,"cards_obtained":["RitualDagger"]},{"damage_healed":0,"gold_gain":0,"player_choice":"Stole Relic","damage_taken":0,"relics_obtained":["Matryoshka"],"max_hp_gain":0,"max_hp_loss":0,"event_name":"Addict","floor":27,"gold_loss":0,"cards_obtained":["Shame"]},{"damage_healed":0,"gold_gain":0,"player_choice":"Copied","damage_taken":0,"max_hp_gain":0,"max_hp_loss":0,"event_name":"Duplicator","floor":29,"gold_loss":0,"cards_obtained":["RitualDagger"]},{"damage_healed":0,"gold_gain":0,"player_choice":"Paid","damage_taken":0,"relics_obtained":["Red Mask"],"max_hp_gain":0,"max_hp_loss":0,"event_name":"Tomb of Lord Red Mask","floor":37,"gold_loss":204},{"damage_healed":0,"gold_gain":0,"player_choice":"0 cards matched","damage_taken":0,"max_hp_gain":0,"max_hp_loss":0,"event_name":"Match and Keep!","floor":39,"gold_loss":0,"cards_obtained":[]}],"is_beta":false,"boss_relics":[{"not_picked":["Empty Cage","Astrolabe"],"picked":"Fusion Hammer"},{"not_picked":["Orrery","White Beast Statue"],"picked":"Lizard Tail"}],"items_purged_floors":[],"is_endless":false,"potions_floor_spawned":[2,12,16,21,25,31,38,41,46],"killed_by":"Awakened One","ascension_level":11}