{"gold_per_floor":[110,385,385,71,81,81,81,92,92,126,126,159,159,179,179,276,276,291,304,316,16,0,0,26,26,26,58,68,68,83,94,94,190,190,209,223,237,237,78,78,110,110,136,164,164,182,201,250,250,250],"floor_reached":51,"playtime":2998,"items_purged":["Regret","Strike_B","Darkness+1"],"score":881,"play_id":"242c19c1-e6d7-4dd9-9e17-2a3a1eed981c","local_time":"20180902232909","is_ascension_mode":true,"campfire_choices":[{"data":"Apotheosis","floor":6,"key":"SMITH"},{"data":"Zap","floor":11,"key":"SMITH"},{"data":"Dualcast","floor":13,"key":"SMITH"},{"data":"Ball Lightning","floor":15,"key":"SMITH"},{"data":"Machine Learning","floor":23,"key":"SMITH"},{"data":"Biased Cognition","floor":25,"key":"SMITH"},{"data":"White Noise","floor":29,"key":"SMITH"},{"data":"Ball Lightning","floor":32,"key":"SMITH"},{"data":"Loop","floor":40,"key":"SMITH"},{"data":"Consume","floor":42,"key":"SMITH"},{"data":"Auto Shields","floor":45,"key":"SMITH"},{"floor":49,"key":"REST"}],"neow_cost":"NONE","seed_source_timestamp":1222467310922494,"circlet_count":0,"master_deck":["Strike_B","Defend_B","Defend_B","Defend_B","Zap+1","Dualcast+1","Self Repair","Apotheosis+1","Ball Lightning+1","Heatsinks","Go for the Eyes","Biased Cognition+1","Cold Snap","Redo","Capacitor+1","Auto Shields+1","Cold Snap","Machine Learning+1","Conserve Battery","Cold Snap","White Noise+1","Undo","Ball Lightning+1","Electrodynamics","Creative AI+1","Electrodynamics+1","Ball Lightning","Redo+1","Loop+1","Consume+1","Ball Lightning+1","Conserve Battery+1","Capacitor"],"relics":["Cracked Core","Anchor","Boot","Dodecahedron","Pantograph","Prayer Wheel","Bag of Preparation","Cursed Key","Omamori","Potion Belt","DataDisk","The Courier","Astrolabe","Pear","Oddly Smooth Stone","Bird Faced Urn","Sundial"],"potions_floor_usage":[16,20,24,27,33,44,44,48,50,50],"damage_taken":[{"damage":0,"enemies":"2 Louse","floor":1,"turns":2},{"damage":0,"enemies":"Cultist","floor":5,"turns":3},{"damage":7,"enemies":"Small Slimes","floor":8,"turns":3},{"damage":12,"enemies":"3 Sentries","floor":10,"turns":7},{"damage":15,"enemies":"Gremlin Nob","floor":12,"turns":4},{"damage":0,"enemies":"2 Fungi Beasts","floor":14,"turns":2},{"damage":26,"enemies":"The Guardian","floor":16,"turns":8},{"damage":0,"enemies":"2 Thieves","floor":18,"turns":3},{"damage":0,"enemies":"Shell Parasite","floor":19,"turns":5},{"damage":16,"enemies":"Snecko","floor":20,"turns":5},{"damage":12,"enemies":"Gremlin Leader","floor":24,"turns":6},{"damage":0,"enemies":"Book of Stabbing","floor":27,"turns":6},{"damage":0,"enemies":"Centurion and Healer","floor":28,"turns":5},{"damage":0,"enemies":"Cultist and Chosen","floor":30,"turns":6},{"damage":8,"enemies":"Snecko","floor":31,"turns":5},{"damage":40,"enemies":"Collector","floor":33,"turns":11},{"damage":0,"enemies":"Orb Walker","floor":35,"turns":3},{"damage":0,"enemies":"3 Shapes","floor":36,"turns":3},{"damage":0,"enemies":"Spire Growth","floor":37,"turns":4},{"damage":0,"enemies":"Giant Head","floor":41,"turns":6},{"damage":35,"enemies":"2 Orb Walkers","floor":44,"turns":4},{"damage":0,"enemies":"4 Shapes","floor":46,"turns":2},{"damage":0,"enemies":"Sphere and 2 Shapes","floor":47,"turns":3},{"damage":26,"enemies":"Mysterious Sphere","floor":48,"turns":5},{"damage":42,"enemies":"Donu and Deca","floor":50,"turns":6}],"seed_played":"-3181520115934180153","potions_obtained":[{"floor":1,"key":"Energy Potion"},{"floor":5,"key":"Poison Potion"},{"floor":14,"key":"Dexterity Potion"},{"floor":18,"key":"SpeedPotion"},{"floor":24,"key":"Regen Potion"},{"floor":27,"key":"Dexterity Potion"},{"floor":33,"key":"SkillPotion"},{"floor":35,"key":"Ancient Potion"},{"floor":41,"key":"Fire Potion"},{"floor":44,"key":"EssenceOfSteel"},{"floor":48,"key":"GamblersBrew"}],"is_trial":false,"path_per_floor":["M","?","?","$","M","R","T","M","T","E","R","E","R","M","R","B",null,"M","M","M","$","?","R","E","R","T","E","M","R","M","M","R","B",null,"M","M","M","?","$","R","E","R","T","E","R","M","M","?","R","B"],"character_chosen":"DEFECT","items_purchased":["Apotheosis","Ball Lightning","Conserve Battery","Omamori","Loop"],"campfire_rested":1,"item_purchase_floors":[4,4,21,21,39],"current_hp_per_floor":[75,75,63,63,73,73,73,73,73,68,68,63,63,70,70,59,75,75,75,66,66,66,66,64,64,64,75,75,75,75,74,74,45,75,75,75,75,75,75,75,85,85,85,57,57,72,82,68,85,67],"gold":250,"neow_bonus":"RANDOM_COMMON_RELIC","is_prod":false,"is_daily":false,"chose_seed":false,"campfire_upgraded":11,"win_rate":0,"timestamp":1535898549,"path_taken":["M","?","?","?","M","R","?","?","T","E","R","E","R","M","R","BOSS","M","?","M","$","?","R","E","R","T","E","M","R","?","?","R","BOSS","M","M","M","?","?","R","E","R","T","E","R","M","M","?","R","BOSS"],"build_version":"2018-08-30","purchased_purges":3,"victory":true,"max_hp_per_floor":[75,75,75,75,75,75,75,75,75,75,75,75,75,75,75,75,75,75,75,75,75,75,75,75,75,75,75,75,75,75,75,75,75,75,75,75,75,75,75,75,85,85,85,85,85,85,85,85,85,85],"card_choices":[{"not_picked":["Skim","Rebound"],"picked":"Self Repair","floor":1},{"not_picked":["Chaos","Steam","Reprogram"],"picked":"SKIP","floor":5},{"not_picked":["Streamline","Rebound"],"picked":"Heatsinks","floor":8},{"not_picked":["Core Surge","Compile Driver"],"picked":"Go for the Eyes","floor":10},{"not_picked":["Reinforced Body","Gash","Sweeping Beam"],"picked":"SKIP","floor":12},{"not_picked":["Steam","Gash","Chaos"],"picked":"SKIP","floor":14},{"not_picked":["Compile Driver","Rebound","Hologram"],"picked":"SKIP","floor":14},{"not_picked":["Hyperbeam","Reboot"],"picked":"Biased Cognition","floor":16},{"not_picked":["Streamline","Turbo+1"],"picked":"Cold Snap","floor":18},{"not_picked":["Self Repair","Barrage"],"picked":"Redo","floor":18},{"not_picked":["Conserve Battery+1","Redo+1"],"picked":"Capacitor","floor":19},{"not_picked":["Chill+1","Reprogram"],"picked":"Auto Shields","floor":19},{"not_picked":["Ball Lightning","Sunder"],"picked":"Cold Snap","floor":20},{"not_picked":["Go for the Eyes+1","Static Discharge"],"picked":"Machine Learning","floor":20},{"not_picked":["Auto Shields","Blizzard"],"picked":"Cold Snap","floor":24},{"not_picked":["Compile Driver","Beam Cell"],"picked":"White Noise","floor":27},{"not_picked":["Coolheaded","Hyperbeam"],"picked":"Undo","floor":28},{"not_picked":["Sweeping Beam","Go for the Eyes+1"],"picked":"Ball Lightning","floor":28},{"not_picked":["Rebound+1","Stack","Recycle"],"picked":"SKIP","floor":30},{"not_picked":["Beam Cell","Doom and Gloom+1","Reboot"],"picked":"SKIP","floor":30},{"not_picked":["Chaos","Reprogram","Compile Driver+1"],"picked":"SKIP","floor":31},{"not_picked":["Scrape","Redo","Coolheaded"],"picked":"SKIP","floor":31},{"not_picked":["Seek","Buffer"],"picked":"Electrodynamics","floor":33},{"not_picked":["Hologram+1","Scrape"],"picked":"Ball Lightning","floor":35},{"not_picked":["Storm","Stack","Redo"],"picked":"SKIP","floor":35},{"not_picked":["Blizzard","Doom and Gloom+1","Coolheaded+1"],"picked":"SKIP","floor":36},{"not_picked":["Hologram+1","Coolheaded+1","Recycle"],"picked":"SKIP","floor":36},{"not_picked":["Steam","Skim"],"picked":"Redo+1","floor":37},{"not_picked":["Hyperbeam","Blizzard","Hologram"],"picked":"SKIP","floor":37},{"not_picked":["Melter+1","Leap+1"],"picked":"Consume","floor":41},{"not_picked":["Fusion+1","Doom and Gloom","Rebound"],"picked":"SKIP","floor":44},{"not_picked":["Conserve Battery","Chaos+1"],"picked":"Ball Lightning+1","floor":46},{"not_picked":["Beam Cell+1","Go for the Eyes+1","FTL"],"picked":"SKIP","floor":46},{"not_picked":["Hyperbeam","Rebound"],"picked":"Conserve Battery+1","floor":47},{"not_picked":["Compile Driver","Beam Cell","Redo+1"],"picked":"SKIP","floor":47},{"not_picked":["Force Field+1","Rebound"],"picked":"Capacitor","floor":48}],"player_experience":199070,"relics_obtained":[{"floor":7,"key":"Dodecahedron"},{"floor":9,"key":"Pantograph"},{"floor":10,"key":"Prayer Wheel"},{"floor":12,"key":"Bag of Preparation"},{"floor":24,"key":"Potion Belt"},{"floor":26,"key":"DataDisk"},{"floor":27,"key":"The Courier"},{"floor":41,"key":"Pear"},{"floor":43,"key":"Oddly Smooth Stone"},{"floor":44,"key":"Bird Faced Urn"},{"floor":48,"key":"Sundial"}],"event_choices":[{"event_name":"Golden Shrine","player_choice":"Desecrate","floor":2,"damage_taken":0},{"event_name":"Scrap Ooze","player_choice":"success","floor":3,"damage_taken":12},{"event_name":"Masked Bandits","player_choice":"Paid Fearfully","floor":22,"damage_taken":0},{"event_name":"Upgrade Shrine","player_choice":"Upgraded","floor":38,"damage_taken":0},{"event_name":"Mysterious Sphere","player_choice":"Fight","floor":48,"damage_taken":0}],"is_beta":false,"boss_relics":[{"not_picked":["Ectoplasm","Philosopher\u0027s Stone"],"picked":"Cursed Key"},{"not_picked":["Busted Crown","Snecko Eye"],"picked":"Astrolabe"}],"items_purged_floors":[4,21,39],"is_endless":false,"potions_floor_spawned":[1,5,14,18,24,27,33,35,41,44,48],"ascension_level":2}