{"gold_per_floor":[119,194,39,51,63,63,98,98,98,114,114,130,130,146,146,146],"floor_reached":16,"playtime":376,"items_purged":["Strike_B"],"score":102,"play_id":"4321d90b-99ba-4040-bf76-fa59905e57a7","local_time":"20181209110154","is_ascension_mode":false,"campfire_choices":[{"data":"Scrape","floor":6,"key":"SMITH"},{"data":"Hologram","floor":8,"key":"SMITH"},{"data":"Steam Power","floor":11,"key":"SMITH"},{"data":"Zap","floor":13,"key":"SMITH"},{"data":"White Noise","floor":15,"key":"SMITH"}],"neow_cost":"NONE","seed_source_timestamp":2101343539328645,"circlet_count":0,"master_deck":["Strike_B","Strike_B","Strike_B","Defend_B","Defend_B","Defend_B","Defend_B","Zap+1","Dualcast","Scrape+1","Conserve Battery","Hologram+1","Steam Power+1","White Noise+1"],"relics":["Cracked Core","NeowsBlessing","Thread and Needle"],"potions_floor_usage":[10],"damage_taken":[{"damage":0,"enemies":"Jaw Worm","floor":1,"turns":1},{"damage":0,"enemies":"Small Slimes","floor":4,"turns":1},{"damage":0,"enemies":"2 Louse","floor":5,"turns":1},{"damage":17,"enemies":"3 Sentries","floor":7,"turns":10},{"damage":1,"enemies":"Lots of Slimes","floor":10,"turns":4},{"damage":1,"enemies":"Looter","floor":12,"turns":3},{"damage":0,"enemies":"Blue Slaver","floor":14,"turns":2},{"damage":0,"enemies":"The Guardian","floor":16,"turns":3}],"seed_played":"1797200367771583852","potions_obtained":[{"floor":1,"key":"Poison Potion"},{"floor":10,"key":"Ancient Potion"}],"is_trial":false,"path_per_floor":["M","?","$","M","M","R","E","R","T","M","R","M","R","M","R","B"],"character_chosen":"DEFECT","items_purchased":["Conserve Battery","Hologram"],"campfire_rested":0,"item_purchase_floors":[3,3],"current_hp_per_floor":[75,64,64,64,64,64,47,47,47,46,46,45,45,45,45,45],"gold":146,"neow_bonus":"THREE_ENEMY_KILL","is_prod":false,"is_daily":false,"chose_seed":false,"campfire_upgraded":5,"win_rate":0,"timestamp":1544320914,"path_taken":["M","?","$","M","M","R","E","R","T","M","R","M","R","M","R","BOSS"],"build_version":"2018-12-06","purchased_purges":1,"victory":false,"max_hp_per_floor":[75,75,75,75,75,75,75,75,75,75,75,75,75,75,75,75],"card_choices":[{"not_picked":["Storm","Sunder"],"picked":"Scrape","floor":1},{"not_picked":["Loop","Leap","Barrage"],"picked":"SKIP","floor":4},{"not_picked":["Hologram","Leap","Blizzard"],"picked":"SKIP","floor":5},{"not_picked":["Barrage","Ball Lightning","Compile Driver"],"picked":"SKIP","floor":7},{"not_picked":["Coolheaded","Ball Lightning"],"picked":"Steam Power","floor":10},{"not_picked":["Tempest","Redo","Fusion"],"picked":"SKIP","floor":12},{"not_picked":["Conserve Battery","Fusion"],"picked":"White Noise","floor":14}],"player_experience":539400,"relics_obtained":[{"floor":7,"key":"Thread and Needle"}],"event_choices":[{"damage_healed":0,"gold_gain":75,"player_choice":"Gather Gold","damage_taken":11,"max_hp_gain":0,"max_hp_loss":0,"event_name":"World of Goop","floor":2,"gold_loss":0}],"is_beta":false,"boss_relics":[],"items_purged_floors":[3],"is_endless":false,"potions_floor_spawned":[1,10],"killed_by":"The Guardian","ascension_level":0}