{"gold_per_floor":[109,109,41,116,129,129,157,157,182,196,229,229,240,240,240,343,343,353,371,387,387,400,400,400,400,400,420,430,34,34,87,87,87],"floor_reached":33,"playtime":972,"items_purged":[],"score":420,"play_id":"264b4f78-9745-460e-acf6-b4e6ee501387","local_time":"20190514132753","is_ascension_mode":true,"campfire_choices":[{"data":"Neutralize","floor":6,"key":"SMITH"},{"floor":15,"key":"REST"},{"floor":23,"key":"REST"},{"floor":25,"key":"REST"},{"floor":32,"key":"REST"}],"neow_cost":"NONE","seed_source_timestamp":2484863794808251,"circlet_count":0,"master_deck":["AscendersBane","Defend_G","Defend_G","Defend_G","Defend_G","Defend_G","Strike_G+1","Strike_G","Strike_G+1","Strike_G","Strike_G+1","Survivor","Neutralize+1","Deadly Poison+1","Leg Sweep","Infinite Blades","Dodge and Roll","Sucker Punch","Bane","Dodge and Roll","Wraith Form v2","Cloak And Dagger","Poisoned Stab","Terror","Pain","Accuracy","Glass Knife"],"relics":["Ring of the Snake","NeowsBlessing","Whetstone","Ginger","Centennial Puzzle","Bag of Preparation","Boot","Busted Crown","PreservedInsect","WarpedTongs","Molten Egg 2","Potion Belt"],"potions_floor_usage":[16,16,19,22,33,33,33],"damage_taken":[{"damage":0,"enemies":"Small Slimes","floor":1,"turns":1},{"damage":0,"enemies":"Jaw Worm","floor":5,"turns":1},{"damage":0,"enemies":"Gremlin Nob","floor":7,"turns":1},{"damage":0,"enemies":"Cultist","floor":10,"turns":3},{"damage":27,"enemies":"Lagavulin","floor":11,"turns":6},{"damage":3,"enemies":"Looter","floor":13,"turns":3},{"damage":10,"enemies":"Hexaghost","floor":16,"turns":10},{"damage":12,"enemies":"Spheric Guardian","floor":18,"turns":7},{"damage":8,"enemies":"3 Byrds","floor":19,"turns":4},{"damage":17,"enemies":"Centurion and Healer","floor":20,"turns":10},{"damage":15,"enemies":"Snake Plant","floor":22,"turns":4},{"damage":11,"enemies":"Snecko","floor":27,"turns":5},{"damage":25,"enemies":"Cultist and Chosen","floor":28,"turns":7},{"damage":54,"enemies":"Champ","floor":33,"turns":9}],"seed_played":"-3933726418635794550","potions_obtained":[{"floor":5,"key":"GhostInAJar"},{"floor":11,"key":"Dexterity Potion"},{"floor":13,"key":"PowerPotion"},{"floor":16,"key":"LiquidBronze"},{"floor":19,"key":"SteroidPotion"},{"floor":20,"key":"EssenceOfSteel"},{"floor":27,"key":"Regen Potion"}],"is_trial":false,"path_per_floor":["M","?","$","?","M","R","E","T","T","M","E","?","M","?","R","B",null,"M","M","M","?","M","R","?","R","T","M","M","$","?","T","R","B"],"character_chosen":"THE_SILENT","items_purchased":["Leg Sweep","Accuracy","Glass Knife","Molten Egg 2"],"campfire_rested":4,"item_purchase_floors":[3,29,29,29],"current_hp_per_floor":[63,49,49,38,38,38,38,38,38,38,11,4,1,1,22,12,56,44,36,19,19,4,25,25,46,46,35,10,10,10,10,31,0],"gold":87,"neow_bonus":"THREE_ENEMY_KILL","is_prod":false,"is_daily":false,"chose_seed":false,"campfire_upgraded":1,"win_rate":0,"timestamp":1557797273,"path_taken":["M","?","$","?","M","R","E","?","T","?","E","?","M","?","R","BOSS","M","M","?","?","M","R","?","R","T","?","M","$","?","?","R","BOSS"],"build_version":"2019-01-23","purchased_purges":0,"victory":false,"max_hp_per_floor":[70,70,70,70,70,70,70,70,70,70,70,70,70,70,70,70,70,70,70,70,70,70,70,70,70,70,70,70,70,70,70,70,70],"card_choices":[{"not_picked":["Quick Slash","Blade Dance"],"picked":"Deadly Poison","floor":1},{"not_picked":["Acrobatics","All Out Attack"],"picked":"Infinite Blades","floor":5},{"not_picked":["Bane","Phantasmal Killer"],"picked":"Dodge and Roll","floor":7},{"not_picked":["Acrobatics","Backstab"],"picked":"Sucker Punch","floor":10},{"not_picked":["Crippling Poison","Quick Slash"],"picked":"Bane","floor":11},{"not_picked":["Dagger Throw","Tactician"],"picked":"Dodge and Roll","floor":13},{"not_picked":["Unload","Burst"],"picked":"Wraith Form v2","floor":16},{"not_picked":[],"picked":"Cloak And Dagger","floor":18},{"not_picked":["Bane"],"picked":"SKIP","floor":19},{"not_picked":[],"picked":"Poisoned Stab","floor":20},{"not_picked":[],"picked":"Terror","floor":22},{"not_picked":["Dagger Throw"],"picked":"SKIP","floor":27},{"not_picked":["Flying Knee"],"picked":"SKIP","floor":28}],"player_experience":238758,"relics_obtained":[{"floor":7,"key":"Whetstone"},{"floor":8,"key":"Ginger"},{"floor":9,"key":"Centennial Puzzle"},{"floor":11,"key":"Bag of Preparation"},{"floor":31,"key":"Potion Belt"}],"event_choices":[{"damage_healed":0,"gold_gain":0,"player_choice":"Entered Light","damage_taken":14,"max_hp_gain":0,"max_hp_loss":0,"event_name":"Shining Light","floor":2,"gold_loss":0,"cards_upgraded":["Strike_G","Deadly Poison"]},{"damage_healed":0,"gold_gain":75,"player_choice":"Gather Gold","damage_taken":11,"max_hp_gain":0,"max_hp_loss":0,"event_name":"World of Goop","floor":4,"gold_loss":0},{"damage_healed":0,"gold_gain":0,"player_choice":"Success","damage_taken":7,"relics_obtained":["Boot"],"max_hp_gain":0,"max_hp_loss":0,"event_name":"Scrap Ooze","floor":12,"gold_loss":0},{"damage_healed":0,"gold_gain":0,"player_choice":"Got Potions","damage_taken":0,"max_hp_gain":0,"max_hp_loss":0,"event_name":"Lab","floor":14,"gold_loss":0},{"damage_healed":0,"gold_gain":0,"player_choice":"Opened","damage_taken":0,"relics_obtained":["PreservedInsect"],"max_hp_gain":0,"max_hp_loss":0,"event_name":"The Mausoleum","floor":21,"gold_loss":0},{"damage_healed":0,"gold_gain":0,"player_choice":"Rummage","damage_taken":0,"relics_obtained":["WarpedTongs"],"max_hp_gain":0,"max_hp_loss":0,"event_name":"Accursed Blacksmith","floor":24,"gold_loss":0,"cards_obtained":["Pain"]},{"damage_healed":0,"gold_gain":0,"player_choice":"Ignored","damage_taken":0,"max_hp_gain":0,"max_hp_loss":0,"event_name":"Cursed Tome","floor":30,"gold_loss":0}],"is_beta":false,"boss_relics":[{"not_picked":["Eternal Feather","Snecko Eye"],"picked":"Busted Crown"}],"items_purged_floors":[],"is_endless":false,"potions_floor_spawned":[5,11,13,16,19,20,27],"killed_by":"Champ","ascension_level":10}