{"gold_per_floor":[209,384,187,187,52,52,72,72,72,98,98,108,185,200,200,304,304,321,321,127,159,186,198,210,222,234,246,357,382,404,447,459,571,633,665,677,700,293,293,293,306,306,387,402,402,402],"floor_reached":46,"playtime":2512,"items_purged":["Doubt","Strike_B"],"score":483,"play_id":"f0525978-f83e-4b18-ad3d-002d61e6dbcf","local_time":"20180831211148","is_ascension_mode":true,"campfire_choices":[{"data":"Ball Lightning","floor":6,"key":"SMITH"},{"data":"Zap","floor":8,"key":"SMITH"},{"data":"White Noise","floor":11,"key":"SMITH"},{"floor":15,"key":"REST"},{"data":"Seek","floor":23,"key":"SMITH"},{"data":"Dualcast","floor":25,"key":"SMITH"},{"data":"Double Energy","floor":27,"key":"SMITH"},{"floor":32,"key":"REST"},{"data":"Ball Lightning","floor":40,"key":"SMITH"},{"data":"Loop","floor":42,"key":"SMITH"}],"neow_cost":"NONE","seed_source_timestamp":1041923770332052,"circlet_count":0,"master_deck":["Strike_B","Defend_B","Defend_B","Zap+1","Dualcast+1","FTL","Static Discharge","Genetic Algorithm","White Noise+1","Seek+1","Melter+1","Beam Cell+1","Capacitor+1","Double Energy+1","Conserve Battery","Auto Shields","Leap","Ball Lightning+1","Go for the Eyes+1","Stack","Electrodynamics","Ball Lightning+1","Leap","Ball Lightning","Loop+1","Loop+1","Consume","Secret Technique","Mayhem"],"relics":["Cracked Core","Boot","Omamori","Bottled Tornado","Astrolabe","Ice Cream","MawBank","Kunai","Bronze Scales","Tiny House","Mercury Hourglass","Centennial Puzzle","Shovel","Tiny Chest"],"potions_floor_usage":[14,16,31,33,35,41,46],"damage_taken":[{"damage":0,"enemies":"Cultist","floor":1,"turns":3},{"damage":0,"enemies":"Small Slimes","floor":7,"turns":2},{"damage":37,"enemies":"Gremlin Nob","floor":10,"turns":3},{"damage":0,"enemies":"Jaw Worm","floor":12,"turns":2},{"damage":5,"enemies":"Lots of Slimes","floor":14,"turns":2},{"damage":20,"enemies":"The Guardian","floor":16,"turns":7},{"damage":5,"enemies":"Chosen","floor":18,"turns":4},{"damage":8,"enemies":"3 Byrds","floor":21,"turns":2},{"damage":7,"enemies":"Centurion and Healer","floor":22,"turns":7},{"damage":16,"enemies":"Chosen and Byrds","floor":29,"turns":5},{"damage":0,"enemies":"Sentry and Sphere","floor":30,"turns":3},{"damage":26,"enemies":"Slavers","floor":31,"turns":5},{"damage":30,"enemies":"Automaton","floor":33,"turns":11},{"damage":7,"enemies":"Orb Walker","floor":35,"turns":3},{"damage":0,"enemies":"3 Shapes","floor":37,"turns":4},{"damage":5,"enemies":"Mind Bloom Boss Battle","floor":39,"turns":6},{"damage":15,"enemies":"Spire Growth","floor":41,"turns":5},{"damage":9,"enemies":"Sphere and 2 Shapes","floor":44,"turns":3},{"damage":50,"enemies":"2 Orb Walkers","floor":46,"turns":3}],"seed_played":"-5029169397322788048","potions_obtained":[{"floor":7,"key":"FearPotion"},{"floor":10,"key":"FocusPotion"},{"floor":12,"key":"Explosive Potion"},{"floor":16,"key":"FearPotion"},{"floor":18,"key":"Weak Potion"},{"floor":30,"key":"SpeedPotion"},{"floor":31,"key":"EssenceOfSteel"},{"floor":34,"key":"AttackPotion"},{"floor":35,"key":"Swift Potion"},{"floor":41,"key":"Dexterity Potion"}],"is_trial":false,"path_per_floor":["M","?","$","?","$","R","M","R","T","E","R","M","T","M","R","B",null,"M","?","$","M","M","R","?","R","T","R","?","M","M","E","R","B",null,"M","?","M","$","?","R","M","R","T","M","?"],"character_chosen":"DEFECT","items_purchased":["FTL","Static Discharge","Genetic Algorithm","Conserve Battery","MawBank","Ball Lightning","Mercury Hourglass","Centennial Puzzle"],"campfire_rested":2,"item_purchase_floors":[3,3,5,20,20,38,38,38],"current_hp_per_floor":[75,75,75,80,80,80,80,80,80,43,43,43,43,38,62,42,80,75,75,75,67,60,60,60,60,60,60,60,44,44,18,42,12,85,78,78,78,78,73,73,58,58,58,49,39,0],"gold":402,"neow_bonus":"HUNDRED_GOLD","is_prod":false,"is_daily":false,"chose_seed":false,"campfire_upgraded":8,"win_rate":0,"timestamp":1535717508,"path_taken":["M","?","?","?","?","R","M","R","T","E","R","M","?","M","R","BOSS","M","?","$","M","M","R","?","R","T","R","?","M","M","E","R","BOSS","M","?","M","$","?","R","M","R","T","M","?","E"],"build_version":"2018-08-30","purchased_purges":2,"victory":false,"max_hp_per_floor":[75,75,75,80,80,80,80,80,80,80,80,80,80,80,80,80,80,80,80,80,80,80,80,80,80,80,80,80,80,80,80,80,80,85,85,85,85,85,85,85,85,85,85,85,85,85],"card_choices":[{"not_picked":["Barrage","Genetic Algorithm"],"picked":"Ball Lightning","floor":1},{"not_picked":["Rebound","Recycle","Turbo"],"picked":"SKIP","floor":7},{"not_picked":["Beam Cell","Rebound"],"picked":"White Noise","floor":10},{"not_picked":["Reprogram","Coolheaded","Force Field"],"picked":"SKIP","floor":12},{"not_picked":["Sunder","Coolheaded"],"picked":"Seek","floor":14},{"not_picked":["Rip and Tear+1","Go for the Eyes"],"picked":"Double Energy","floor":18},{"not_picked":["Tempest","Rip and Tear"],"picked":"Auto Shields","floor":21},{"not_picked":["Barrage","Steam"],"picked":"Leap","floor":22},{"not_picked":["Doom and Gloom","Beam Cell+1"],"picked":"Ball Lightning","floor":29},{"not_picked":["Reboot","Streamline"],"picked":"Go for the Eyes+1","floor":30},{"not_picked":["Loop","Skim"],"picked":"Stack","floor":31},{"not_picked":["Buffer","Multi-Cast"],"picked":"Electrodynamics","floor":33},{"not_picked":["Cold Snap","Blizzard"],"picked":"Ball Lightning","floor":34},{"not_picked":["Chill+1","Turbo+1"],"picked":"Leap","floor":35},{"not_picked":["Lockon","Tempest","Leap"],"picked":"SKIP","floor":37},{"not_picked":["Melter+1","Compile Driver"],"picked":"Loop+1","floor":39},{"not_picked":["Sweeping Beam+1","Ball Lightning+1"],"picked":"Loop","floor":41},{"not_picked":["Skim","Stack+1"],"picked":"Consume","floor":44},{"not_picked":["Impatience","Good Instincts"],"picked":"Secret Technique","floor":45},{"not_picked":["Swift Strike","Flash of Steel"],"picked":"Mayhem","floor":45}],"player_experience":182457,"relics_obtained":[{"floor":9,"key":"Boot"},{"floor":10,"key":"Omamori"},{"floor":13,"key":"Bottled Tornado"},{"floor":26,"key":"Kunai"},{"floor":31,"key":"Bronze Scales"},{"floor":39,"key":"Shovel"},{"floor":43,"key":"Tiny Chest"}],"event_choices":[{"event_name":"Liars Game","player_choice":"agreed","floor":2,"damage_taken":0},{"event_name":"Big Fish","player_choice":"Donut","floor":4,"damage_taken":0},{"event_name":"WeMeetAgain","player_choice":"Potion","floor":19,"damage_taken":0},{"event_name":"Back to Basics","player_choice":"Elegance","floor":24,"damage_taken":0},{"event_name":"Nest","player_choice":"Stole From Cult","floor":28,"damage_taken":0},{"event_name":"Falling","player_choice":"Removed Attack","floor":36,"damage_taken":0},{"event_name":"MindBloom","player_choice":"Fight","floor":39,"damage_taken":0},{"event_name":"SensoryStone","player_choice":"Memory 3","floor":45,"damage_taken":0}],"is_beta":false,"boss_relics":[{"not_picked":["Busted Crown","Lizard Tail"],"picked":"Astrolabe"},{"not_picked":["Velvet Choker","Empty Cage"],"picked":"Tiny House"}],"items_purged_floors":[3,5],"is_endless":false,"potions_floor_spawned":[7,10,12,16,18,30,31,35,37,41],"killed_by":"2 Orb Walkers","ascension_level":1}