{"gold_per_floor":[112,112,132,57,77,112,132,132,206,206,219,219,219,219,219,321,321,331,349,349,369,369,369,398,409,409,114,126,137,156,9,9,9],"floor_reached":33,"playtime":1424,"items_purged":["Strike_B","Strike_B"],"score":336,"play_id":"97e41c73-da3f-4bf0-927f-afe6857c17c6","local_time":"20180915132257","is_ascension_mode":true,"campfire_choices":[{"data":"Zap","floor":8,"key":"SMITH"},{"data":"Dualcast","floor":10,"key":"SMITH"},{"data":"Redo","floor":12,"key":"SMITH"},{"floor":15,"key":"REST"},{"floor":23,"key":"REST"},{"floor":32,"key":"REST"}],"neow_cost":"NONE","seed_source_timestamp":2310876756188587,"circlet_count":0,"master_deck":["Strike_B+1","Defend_B","Defend_B","Defend_B","Zap+1","Dualcast+1","Ball Lightning+1","Defragment","Go for the Eyes","Ball Lightning+1","Redo+1","Creative AI","Defragment","Ball Lightning","Redo","Go for the Eyes","Leap","Leap","Dualcast+1","Steam","Sunder","BootSequence","Hello World"],"relics":["Cracked Core","Bronze Scales","Ice Cream","Bottled Flame","Orrery","PreservedInsect","StoneCalendar","Lee\u0027s Waffle","Oddly Smooth Stone"],"potions_floor_usage":[24,24,24,25,29],"damage_taken":[{"damage":0,"enemies":"Small Slimes","floor":1,"turns":2},{"damage":7,"enemies":"Jaw Worm","floor":3,"turns":2},{"damage":0,"enemies":"Cultist","floor":5,"turns":3},{"damage":10,"enemies":"Gremlin Nob","floor":6,"turns":4},{"damage":5,"enemies":"Red Slaver","floor":7,"turns":3},{"damage":2,"enemies":"Large Slime","floor":11,"turns":5},{"damage":9,"enemies":"Hexaghost","floor":16,"turns":6},{"damage":15,"enemies":"3 Byrds","floor":18,"turns":3},{"damage":23,"enemies":"2 Thieves","floor":19,"turns":3},{"damage":17,"enemies":"Sentry and Sphere","floor":21,"turns":4},{"damage":26,"enemies":"Slavers","floor":24,"turns":4},{"damage":13,"enemies":"Chosen and Byrds","floor":25,"turns":4},{"damage":28,"enemies":"Snake Plant","floor":28,"turns":3},{"damage":12,"enemies":"3 Cultists","floor":29,"turns":4},{"damage":8,"enemies":"Chosen and Byrds","floor":30,"turns":4},{"damage":64,"enemies":"Automaton","floor":33,"turns":8}],"seed_played":"3805810222938280510","potions_obtained":[{"floor":5,"key":"Strength Potion"},{"floor":6,"key":"SteroidPotion"},{"floor":11,"key":"Dexterity Potion"},{"floor":16,"key":"SkillPotion"},{"floor":24,"key":"Regen Potion"},{"floor":25,"key":"SteroidPotion"},{"floor":28,"key":"Energy Potion"}],"is_trial":false,"path_per_floor":["M","?","M","$","M","E","M","R","T","R","M","R","?","?","R","B",null,"M","M","?","M","?","R","E","M","T","$","M","M","M","$","R"],"character_chosen":"DEFECT","items_purchased":["Lee\u0027s Waffle","Oddly Smooth Stone"],"campfire_rested":3,"item_purchase_floors":[27,31],"current_hp_per_floor":[75,68,61,61,61,51,46,46,46,46,44,44,44,29,51,42,67,52,29,29,12,12,34,8,9,9,82,54,42,34,34,58,0],"gold":9,"neow_bonus":"RANDOM_COMMON_RELIC","is_prod":false,"is_daily":false,"chose_seed":false,"campfire_upgraded":3,"win_rate":0,"timestamp":1536985377,"path_taken":["M","?","?","?","M","E","M","R","T","R","M","R","?","?","R","BOSS","M","M","?","M","?","R","E","?","T","$","M","M","?","$","R","BOSS"],"build_version":"2018-09-06","purchased_purges":2,"victory":false,"max_hp_per_floor":[75,75,75,75,75,75,75,75,75,75,75,75,75,75,75,75,75,75,75,75,75,75,75,75,75,75,82,82,82,82,82,82,82],"card_choices":[{"not_picked":["Doom and Gloom","Coolheaded"],"picked":"Ball Lightning","floor":1},{"not_picked":["Gash","Compile Driver"],"picked":"Defragment","floor":3},{"not_picked":["Darkness","Steam Power"],"picked":"Go for the Eyes","floor":5},{"not_picked":["Meteor Strike","Blizzard"],"picked":"Ball Lightning","floor":6},{"not_picked":["Go for the Eyes","Rebound","Reinforced Body"],"picked":"SKIP","floor":7},{"not_picked":["Darkness","Hologram"],"picked":"Redo","floor":11},{"not_picked":["Rainbow","Fission"],"picked":"Creative AI","floor":16},{"not_picked":["Steam Power","Leap"],"picked":"Defragment","floor":17},{"not_picked":["Gash","Compile Driver"],"picked":"Ball Lightning","floor":17},{"not_picked":["Go for the Eyes","Cold Snap"],"picked":"Redo","floor":17},{"not_picked":["Hyperbeam","Melter"],"picked":"Go for the Eyes","floor":17},{"not_picked":["Redo+1","Compile Driver"],"picked":"Leap","floor":18},{"not_picked":["Rebound","Turbo"],"picked":"Leap","floor":19},{"not_picked":["Barrage","Lockon","Gash+1"],"picked":"SKIP","floor":21},{"not_picked":["Cold Snap","Defragment+1"],"picked":"Steam","floor":24},{"not_picked":["Beam Cell+1","Turbo+1"],"picked":"Sunder","floor":25},{"not_picked":["Stack","Cold Snap"],"picked":"BootSequence","floor":28},{"not_picked":["Coolheaded","Double Energy+1"],"picked":"Hello World","floor":29},{"not_picked":["FTL","Steam+1","Steam Power"],"picked":"SKIP","floor":30}],"player_experience":272401,"relics_obtained":[{"floor":6,"key":"Ice Cream"},{"floor":9,"key":"Bottled Flame"},{"floor":24,"key":"PreservedInsect"},{"floor":26,"key":"StoneCalendar"}],"event_choices":[{"event_name":"Golden Wing","player_choice":"Card Removal","floor":2,"damage_taken":0},{"event_name":"Living Wall","player_choice":"Grow","floor":13,"damage_taken":0},{"event_name":"Shining Light","player_choice":"Entered Light","floor":14,"damage_taken":0},{"event_name":"Purifier","player_choice":"One Purge","floor":20,"damage_taken":0},{"event_name":"Duplicator","player_choice":"One dupe","floor":22,"damage_taken":0}],"is_beta":false,"boss_relics":[{"not_picked":["Velvet Choker","Calling Bell"],"picked":"Orrery"}],"items_purged_floors":[4,27],"is_endless":false,"potions_floor_spawned":[5,6,11,16,24,25,28],"killed_by":"Automaton","ascension_level":5}