{"gold_per_floor":[18,18,29,48,63,97,108,108,108,108,127,158,158,174,174,174],"floor_reached":16,"playtime":976,"items_purged":[],"score":125,"play_id":"6527996f-b796-48bc-a0a9-4338d572fbcf","local_time":"20190427214008","is_ascension_mode":true,"campfire_choices":[{"floor":8,"key":"REST"},{"data":"Neutralize","floor":10,"key":"SMITH"},{"floor":13,"key":"REST"},{"floor":15,"key":"REST"}],"neow_cost":"NO_GOLD","seed_source_timestamp":1045593721615523,"circlet_count":0,"master_deck":["Defend_G","Defend_G","Defend_G","Defend_G","Defend_G","Strike_G","Strike_G","Strike_G","Strike_G","Strike_G","Survivor","Neutralize+1","Leg Sweep","Dodge and Roll","Acrobatics","Terror","Flying Knee","Tactician","Venomology","Footwork+1"],"relics":["Ring of the Snake","Torii","PreservedInsect","Gremlin Horn","Frozen Egg 2"],"potions_floor_usage":[6,12,16,16,16,16],"damage_taken":[{"damage":1,"enemies":"Small Slimes","floor":1,"turns":3},{"damage":0,"enemies":"Cultist","floor":3,"turns":5},{"damage":0,"enemies":"Jaw Worm","floor":4,"turns":6},{"damage":24,"enemies":"Gremlin Gang","floor":5,"turns":7},{"damage":25,"enemies":"3 Sentries","floor":6,"turns":15},{"damage":1,"enemies":"2 Fungi Beasts","floor":7,"turns":5},{"damage":1,"enemies":"Looter","floor":11,"turns":4},{"damage":22,"enemies":"Gremlin Nob","floor":12,"turns":5},{"damage":9,"enemies":"Exordium Wildlife","floor":14,"turns":9},{"damage":59,"enemies":"Slime Boss","floor":16,"turns":19}],"seed_played":"7593498318481526995","potions_obtained":[{"floor":2,"key":"AttackPotion"},{"floor":2,"key":"Block Potion"},{"floor":2,"key":"Fire Potion"},{"floor":7,"key":"GhostInAJar"},{"floor":11,"key":"SpeedPotion"},{"floor":12,"key":"SteroidPotion"}],"is_trial":false,"path_per_floor":["M","?","M","M","M","E","M","R","T","R","M","E","R","M","R","B"],"character_chosen":"THE_SILENT","items_purchased":[],"campfire_rested":3,"item_purchase_floors":[],"current_hp_per_floor":[69,69,69,69,45,20,19,40,40,40,39,17,38,29,50,0],"gold":174,"neow_bonus":"ONE_RARE_RELIC","is_prod":false,"is_daily":false,"chose_seed":false,"campfire_upgraded":1,"win_rate":0,"timestamp":1556358008,"path_taken":["M","?","M","?","M","E","M","R","T","R","?","E","R","M","R","BOSS"],"build_version":"2019-01-23","purchased_purges":0,"victory":false,"max_hp_per_floor":[70,70,70,70,70,70,70,70,70,70,70,70,70,70,70,70],"card_choices":[{"not_picked":["Cloak And Dagger","Terror"],"picked":"Leg Sweep","floor":1},{"not_picked":["Heel Hook","Sucker Punch"],"picked":"Dodge and Roll","floor":3},{"not_picked":["Blade Dance","Quick Slash"],"picked":"Acrobatics","floor":4},{"not_picked":["Infinite Blades","Blade Dance"],"picked":"Terror","floor":5},{"not_picked":["Sucker Punch","Tactician"],"picked":"Flying Knee","floor":6},{"not_picked":["Blade Dance","Bane","Catalyst"],"picked":"SKIP","floor":7},{"not_picked":["Setup","Blade Dance"],"picked":"Tactician","floor":11},{"not_picked":["Accuracy","Terror"],"picked":"Venomology","floor":12},{"not_picked":["Flying Knee","Accuracy+1"],"picked":"Footwork+1","floor":14}],"player_experience":98651,"relics_obtained":[{"floor":6,"key":"PreservedInsect"},{"floor":9,"key":"Gremlin Horn"},{"floor":12,"key":"Frozen Egg 2"}],"event_choices":[{"damage_healed":0,"gold_gain":0,"player_choice":"Got Potions","damage_taken":0,"max_hp_gain":0,"max_hp_loss":0,"event_name":"Lab","floor":2,"gold_loss":0}],"is_beta":false,"boss_relics":[],"items_purged_floors":[],"is_endless":false,"potions_floor_spawned":[3,5,7,11,12],"killed_by":"Slime Boss","ascension_level":2}