{"gold_per_floor":[115,131,79,79,54,83,93,107,107,138,152,152,152,176,176,276,276,294,209,53,70,82,82,82,134,134,134,152,183,183,200,200,200],"floor_reached":33,"playtime":1455,"items_purged":[],"score":465,"play_id":"293c4106-6faa-460f-a160-d1d8feae3409","local_time":"20190515124508","is_ascension_mode":true,"campfire_choices":[{"data":"1","floor":15,"key":"LIFT"},{"floor":23,"key":"REST"},{"data":"2","floor":27,"key":"LIFT"},{"floor":30,"key":"REST"},{"floor":32,"key":"REST"}],"neow_cost":"NONE","seed_source_timestamp":2568216387140899,"circlet_count":0,"master_deck":["AscendersBane","Defend_G","Defend_G","Defend_G","Defend_G","Defend_G","Strike_G","Strike_G","Strike_G","Strike_G","Survivor","Neutralize","Blade Dance","Infinite Blades","PiercingWail","Cloak And Dagger","Cloak And Dagger","Backflip","Infinite Blades","Backflip","Prepared","Underhanded Strike","A Thousand Cuts","Blade Dance","Accuracy+1","Choke","Cloak And Dagger+1","Tools of the Trade+1","Writhe","Well Laid Plans+1","Well Laid Plans+1","Dodge and Roll+1","Dodge and Roll+1","Adrenaline"],"relics":["Ring of the Snake","NeowsBlessing","Prayer Wheel","Girya","FossilizedHelix","Odd Mushroom","Lizard Tail","Frozen Egg 2","Art of War","Question Card","The Courier"],"potions_floor_usage":[10,14,14,16,28,33],"damage_taken":[{"damage":0,"enemies":"Cultist","floor":1,"turns":1},{"damage":0,"enemies":"2 Louse","floor":2,"turns":1},{"damage":0,"enemies":"Lagavulin","floor":6,"turns":1},{"damage":4,"enemies":"Small Slimes","floor":7,"turns":4},{"damage":7,"enemies":"3 Louse","floor":8,"turns":5},{"damage":20,"enemies":"3 Sentries","floor":10,"turns":12},{"damage":1,"enemies":"Large Slime","floor":11,"turns":7},{"damage":0,"enemies":"The Mushroom Lair","floor":14,"turns":4},{"damage":27,"enemies":"Hexaghost","floor":16,"turns":14},{"damage":17,"enemies":"3 Byrds","floor":18,"turns":5},{"damage":11,"enemies":"Spheric Guardian","floor":21,"turns":4},{"damage":17,"enemies":"Centurion and Healer","floor":22,"turns":6},{"damage":24,"enemies":"Chosen and Byrds","floor":28,"turns":6},{"damage":34,"enemies":"Book of Stabbing","floor":29,"turns":6},{"damage":39,"enemies":"3 Cultists","floor":31,"turns":7},{"damage":27,"enemies":"Automaton","floor":33,"turns":8}],"seed_played":"-8054815446511153722","potions_obtained":[{"floor":6,"key":"Poison Potion"},{"floor":7,"key":"Energy Potion"},{"floor":10,"key":"Energy Potion"},{"floor":11,"key":"Fire Potion"},{"floor":14,"key":"Regen Potion"},{"floor":21,"key":"PowerPotion"},{"floor":31,"key":"GhostInAJar"}],"is_trial":false,"path_per_floor":["M","M","$","?","$","E","M","M","T","E","M","?","$","?","R","B",null,"M","?","$","M","M","R","?","T","T","R","M","E","R","M","R","B"],"character_chosen":"THE_SILENT","items_purchased":["PiercingWail","Cloak And Dagger","Accuracy+1","Choke"],"campfire_rested":3,"item_purchase_floors":[3,5,20,20],"current_hp_per_floor":[63,63,63,63,63,63,59,52,52,32,31,31,31,31,31,19,57,40,40,40,29,12,33,33,33,33,33,9,23,44,5,26,0],"gold":200,"neow_bonus":"THREE_ENEMY_KILL","is_prod":false,"is_daily":false,"chose_seed":false,"campfire_upgraded":0,"win_rate":0,"timestamp":1557881108,"path_taken":["M","?","$","?","$","E","M","M","T","E","M","?","$","?","R","BOSS","M","?","$","M","M","R","?","?","T","R","M","E","R","M","R","BOSS"],"build_version":"2019-01-23","purchased_purges":0,"victory":false,"max_hp_per_floor":[70,70,70,70,70,70,70,70,70,70,70,70,70,70,70,70,70,70,70,70,70,70,70,70,70,70,70,70,70,70,70,70,70],"card_choices":[{"not_picked":["Deadly Poison","Slice"],"picked":"Blade Dance","floor":1},{"not_picked":["Dagger Throw","Catalyst"],"picked":"Infinite Blades","floor":2},{"not_picked":["Tactician","Catalyst"],"picked":"Cloak And Dagger","floor":6},{"not_picked":["Deadly Poison","Escape Plan"],"picked":"Backflip","floor":7},{"not_picked":["Heel Hook","Distraction","Cloak And Dagger"],"picked":"SKIP","floor":7},{"not_picked":["All Out Attack","Prepared"],"picked":"Infinite Blades","floor":8},{"not_picked":["Masterful Stab","Prepared"],"picked":"Backflip","floor":8},{"not_picked":["Reflex","Dagger Throw","Bullet Time"],"picked":"SKIP","floor":10},{"not_picked":["Poisoned Stab","Dagger Throw"],"picked":"Prepared","floor":11},{"not_picked":["Prepared","Choke","Underhanded Strike"],"picked":"SKIP","floor":11},{"not_picked":["Wraith Form v2","Doppelganger"],"picked":"A Thousand Cuts","floor":16},{"not_picked":["Deadly Poison","Acrobatics"],"picked":"Blade Dance","floor":18},{"not_picked":["Crippling Poison","Bane","Slice"],"picked":"SKIP","floor":18},{"not_picked":["Underhanded Strike","Bane"],"picked":"Cloak And Dagger+1","floor":21},{"not_picked":["Bane+1","Endless Agony","Choke"],"picked":"SKIP","floor":21},{"not_picked":["Deflect","Bane"],"picked":"Tools of the Trade+1","floor":22},{"not_picked":["Underhanded Strike","Poisoned Stab","Outmaneuver"],"picked":"SKIP","floor":22},{"not_picked":["Distraction","Poisoned Stab","Acrobatics"],"picked":"Well Laid Plans+1","floor":28},{"not_picked":["Predator","Flying Knee","Expertise"],"picked":"Well Laid Plans+1","floor":28},{"not_picked":["Distraction","Outmaneuver","Blade Dance"],"picked":"Dodge and Roll+1","floor":29},{"not_picked":["Bane","Flechettes+1","Deflect"],"picked":"Dodge and Roll+1","floor":31},{"not_picked":["Acrobatics+1","Sucker Punch","Deflect+1"],"picked":"Adrenaline","floor":31}],"player_experience":261255,"relics_obtained":[{"floor":6,"key":"Prayer Wheel"},{"floor":9,"key":"Girya"},{"floor":10,"key":"FossilizedHelix"},{"floor":14,"key":"Odd Mushroom"},{"floor":26,"key":"Question Card"},{"floor":29,"key":"The Courier"}],"event_choices":[{"damage_healed":0,"gold_gain":0,"player_choice":"Leave","damage_taken":0,"max_hp_gain":0,"max_hp_loss":0,"event_name":"The Cleric","floor":4,"gold_loss":0},{"damage_healed":0,"gold_gain":0,"cards_transformed":["Strike_G"],"player_choice":"Change","damage_taken":0,"max_hp_gain":0,"max_hp_loss":0,"event_name":"Living Wall","floor":12,"gold_loss":0,"cards_obtained":["Underhanded Strike"]},{"damage_healed":0,"gold_gain":0,"player_choice":"Fought Mushrooms","damage_taken":0,"max_hp_gain":0,"max_hp_loss":0,"event_name":"Mushrooms","floor":14,"gold_loss":0},{"damage_healed":0,"gold_gain":0,"player_choice":"Obtained Relic","damage_taken":0,"relics_obtained":["Frozen Egg 2"],"max_hp_gain":0,"max_hp_loss":0,"event_name":"Addict","floor":19,"gold_loss":85},{"damage_healed":0,"gold_gain":0,"player_choice":"Opened","damage_taken":0,"relics_obtained":["Art of War"],"max_hp_gain":0,"max_hp_loss":0,"event_name":"The Mausoleum","floor":24,"gold_loss":0,"cards_obtained":["Writhe"]}],"is_beta":false,"boss_relics":[{"not_picked":["HoveringKite","Orrery"],"picked":"Lizard Tail"}],"items_purged_floors":[],"is_endless":false,"potions_floor_spawned":[6,7,10,11,14,21,31],"killed_by":"Automaton","ascension_level":11}