{"gold_per_floor":[110,110,285,300,186,186,220,220,245,261,291,305,270,296,296,401,401,421,441,441,460,84,84,12,40,65,65,78,78,78,92,92,192,192,205,217,1216,1226,1226,1253,1253,1269,1269,1288,1288,869,882,523,523,523],"floor_reached":51,"playtime":1455,"items_purged":["Doubt","Normality","Strike_B"],"score":1048,"play_id":"f7b95c68-e411-45be-a5b0-711266716514","local_time":"20190517130506","is_ascension_mode":true,"campfire_choices":[{"data":"Loop","floor":6,"key":"SMITH"},{"data":"Hologram","floor":8,"key":"SMITH"},{"data":"Redo","floor":15,"key":"SMITH"},{"floor":23,"key":"REST"},{"floor":27,"key":"REST"},{"data":"Glacier","floor":30,"key":"SMITH"},{"data":"Consume","floor":32,"key":"SMITH"},{"floor":41,"key":"RECALL"},{"floor":45,"key":"REST"},{"floor":49,"key":"REST"}],"neow_cost":"NONE","seed_source_timestamp":2742208771265672,"circlet_count":0,"master_deck":["Defend_B","Defend_B","Defend_B","Defend_B","Zap","Dualcast","Ball Lightning","Loop+1","Hologram+1","Storm","Compile Driver","Redo+1","Cold Snap","Creative AI+1","Biased Cognition+1","Streamline","White Noise","Defragment+1","Defragment+1","Defragment+1","Self Repair+1","Glacier+1","Consume+1","Echo Form+1","Chill+1","Electrodynamics+1","Defragment+1"],"relics":["Cracked Core","NeowsBlessing","DataDisk","Lantern","Blue Candle","Frozen Egg 2","Empty Cage","Regal Pillow","DollysMirror","Bird Faced Urn","Strawberry","Fusion Hammer","Spirit Poop","Dodecahedron","Molten Egg 2","Membership Card","Bag of Preparation","Centennial Puzzle","Emotion Chip","Toolbox"],"potions_floor_usage":[14,21,44,50,50,50],"damage_taken":[{"damage":0,"enemies":"Small Slimes","floor":1,"turns":1},{"damage":0,"enemies":"Jaw Worm","floor":4,"turns":1},{"damage":0,"enemies":"Gremlin Nob","floor":7,"turns":1},{"damage":7,"enemies":"2 Louse","floor":10,"turns":3},{"damage":10,"enemies":"Large Slime","floor":12,"turns":4},{"damage":10,"enemies":"3 Sentries","floor":14,"turns":4},{"damage":0,"enemies":"Slime Boss","floor":16,"turns":6},{"damage":7,"enemies":"Chosen","floor":18,"turns":4},{"damage":26,"enemies":"2 Thieves","floor":19,"turns":3},{"damage":16,"enemies":"Snake Plant","floor":21,"turns":2},{"damage":61,"enemies":"Gremlin Leader","floor":25,"turns":6},{"damage":0,"enemies":"Shelled Parasite and Fungi","floor":28,"turns":4},{"damage":18,"enemies":"Snecko","floor":31,"turns":3},{"damage":38,"enemies":"Collector","floor":33,"turns":7},{"damage":17,"enemies":"3 Darklings","floor":35,"turns":5},{"damage":8,"enemies":"Orb Walker","floor":36,"turns":5},{"damage":22,"enemies":"Maw","floor":38,"turns":6},{"damage":47,"enemies":"Nemesis","floor":40,"turns":7},{"damage":14,"enemies":"Jaw Worm Horde","floor":42,"turns":4},{"damage":11,"enemies":"Writhing Mass","floor":44,"turns":4},{"damage":5,"enemies":"4 Shapes","floor":47,"turns":2},{"damage":57,"enemies":"Time Eater","floor":50,"turns":6}],"seed_played":"7683562184034912349","potions_obtained":[{"floor":1,"key":"Regen Potion"},{"floor":7,"key":"Poison Potion"},{"floor":12,"key":"Fire Potion"},{"floor":16,"key":"GamblersBrew"},{"floor":19,"key":"Strength Potion"},{"floor":21,"key":"LiquidBronze"},{"floor":35,"key":"Swift Potion"},{"floor":38,"key":"Dexterity Potion"},{"floor":44,"key":"FearPotion"}],"is_trial":false,"path_per_floor":["M","?","?","M","$","R","E","R","T","M","?","M","?","E","R","B",null,"M","M","?","M","$","R","$","E","T","R","M","?","R","M","R","B",null,"M","M","?","M","?","E","R","M","T","M","R","$","M","$","R","B",null],"character_chosen":"DEFECT","items_purchased":["Storm","Defragment+1","Regal Pillow","DollysMirror","Self Repair+1","Membership Card","Bag of Preparation","Centennial Puzzle","Dexterity Potion","Defragment+1","Emotion Chip","Toolbox"],"campfire_rested":4,"item_purchase_floors":[5,22,22,22,24,46,46,46,46,48,48,48],"current_hp_per_floor":[68,68,68,68,68,68,68,68,68,61,61,51,69,59,59,59,71,64,38,38,27,27,64,64,13,20,59,73,73,73,64,64,46,73,72,82,82,82,82,81,81,82,82,82,82,82,82,82,82,49],"gold":523,"neow_bonus":"THREE_ENEMY_KILL","is_prod":false,"is_daily":false,"chose_seed":false,"campfire_upgraded":5,"win_rate":0,"timestamp":1558055106,"path_taken":["M","?","?","M","$","R","E","R","T","M","?","M","?","E","R","BOSS","M","M","?","M","$","R","$","E","T","R","M","?","R","M","R","BOSS","M","M","?","M","?","E","R","M","T","?","R","$","?","$","R","BOSS"],"build_version":"2019-01-23","purchased_purges":3,"victory":true,"max_hp_per_floor":[75,75,75,75,75,75,75,75,75,75,75,75,75,75,75,75,75,75,75,75,75,75,75,75,75,82,82,82,82,82,82,82,82,82,82,82,82,82,82,82,82,82,82,82,82,82,82,82,82,82],"card_choices":[{"not_picked":["Scrape","Heatsinks"],"picked":"Ball Lightning","floor":1},{"not_picked":["Go for the Eyes","Turbo"],"picked":"Hologram","floor":4},{"not_picked":["Doom and Gloom","Aggregate"],"picked":"Compile Driver","floor":7},{"not_picked":["Force Field","Go for the Eyes"],"picked":"Redo","floor":10},{"not_picked":["Ball Lightning","Force Field"],"picked":"Cold Snap","floor":12},{"not_picked":["Double Energy","Beam Cell"],"picked":"Creative AI","floor":14},{"not_picked":["Fission","Multi-Cast"],"picked":"Biased Cognition+1","floor":16},{"not_picked":["Beam Cell","Gash"],"picked":"Streamline","floor":18},{"not_picked":["Beam Cell","Gash"],"picked":"White Noise","floor":19},{"not_picked":["Coolheaded","Force Field"],"picked":"Defragment+1","floor":21},{"not_picked":["Fission","Barrage"],"picked":"Glacier","floor":25},{"not_picked":["Redo","Sweeping Beam","Go for the Eyes"],"picked":"SKIP","floor":28},{"not_picked":["Rebound","Beam Cell"],"picked":"Consume","floor":31},{"not_picked":["Buffer+1","Fission"],"picked":"Echo Form+1","floor":33},{"not_picked":["Rip and Tear+1","Ball Lightning+1"],"picked":"Chill+1","floor":35},{"not_picked":["Chill","Redo","Cold Snap"],"picked":"SKIP","floor":36},{"not_picked":["Ball Lightning","Undo+1","Rip and Tear+1"],"picked":"SKIP","floor":38},{"not_picked":["Streamline","Reprogram"],"picked":"Electrodynamics+1","floor":40},{"not_picked":["Force Field","Steam Power+1","Recycle"],"picked":"SKIP","floor":42},{"not_picked":["Gash+1","Streamline+1","Ball Lightning+1"],"picked":"SKIP","floor":44},{"not_picked":["Steam+1","Rebound+1","Conserve Battery"],"picked":"SKIP","floor":47}],"player_experience":280540,"relics_obtained":[{"floor":7,"key":"DataDisk"},{"floor":9,"key":"Lantern"},{"floor":14,"key":"Frozen Egg 2"},{"floor":25,"key":"Bird Faced Urn"},{"floor":26,"key":"Strawberry"},{"floor":40,"key":"Dodecahedron"},{"floor":43,"key":"Molten Egg 2"}],"event_choices":[{"damage_healed":0,"gold_gain":0,"cards_transformed":["Strike_B"],"player_choice":"Change","damage_taken":0,"max_hp_gain":0,"max_hp_loss":0,"event_name":"Living Wall","floor":2,"gold_loss":0,"cards_obtained":["Loop"]},{"damage_healed":0,"gold_gain":175,"player_choice":"AGREE","damage_taken":0,"max_hp_gain":0,"max_hp_loss":0,"event_name":"Liars Game","floor":3,"gold_loss":0,"cards_obtained":["Doubt"]},{"damage_healed":0,"gold_gain":30,"player_choice":"Searched \u00272\u0027 times","damage_taken":0,"relics_obtained":["Blue Candle"],"max_hp_gain":0,"max_hp_loss":0,"event_name":"Dead Adventurer","floor":11,"gold_loss":0},{"damage_healed":18,"gold_gain":0,"player_choice":"Healed","damage_taken":0,"max_hp_gain":0,"max_hp_loss":0,"event_name":"The Cleric","floor":13,"gold_loss":35},{"damage_healed":0,"gold_gain":0,"player_choice":"Ignored","damage_taken":0,"max_hp_gain":0,"max_hp_loss":0,"event_name":"Ghosts","floor":20,"gold_loss":0},{"damage_healed":0,"gold_gain":0,"player_choice":"Ignored","damage_taken":0,"max_hp_gain":0,"max_hp_loss":0,"event_name":"Cursed Tome","floor":29,"gold_loss":0},{"damage_healed":0,"gold_gain":999,"player_choice":"Gold","damage_taken":0,"max_hp_gain":0,"max_hp_loss":0,"event_name":"MindBloom","floor":37,"gold_loss":0,"cards_obtained":["Normality","Normality"]},{"cards_removed":["Normality"],"damage_healed":0,"gold_gain":0,"player_choice":"Offered Curse","damage_taken":0,"relics_obtained":["Spirit Poop"],"max_hp_gain":0,"max_hp_loss":0,"event_name":"Bonfire Elementals","floor":39,"gold_loss":0}],"is_beta":false,"boss_relics":[{"not_picked":["Tiny House","Black Star"],"picked":"Empty Cage"},{"not_picked":["Runic Pyramid","Pandora\u0027s Box"],"picked":"Fusion Hammer"}],"items_purged_floors":[5,46,48],"is_endless":false,"potions_floor_spawned":[1,7,12,16,19,21,28,35,38,44],"ascension_level":6}