{"gold_per_floor":[367,292,292,312,46,72,72,72,95,139,6,6,6],"floor_reached":13,"playtime":422,"items_purged":["Writhe"],"score":111,"play_id":"b7a01dfb-6690-49a8-a050-421ef09f15a0","local_time":"20181102033301","is_ascension_mode":true,"campfire_choices":[{"data":"Apotheosis","floor":8,"key":"SMITH"},{"data":"Bash","floor":12,"key":"SMITH"}],"neow_cost":"CURSE","seed_source_timestamp":539209196176771,"circlet_count":0,"master_deck":["Strike_R","Strike_R","Strike_R","Strike_R+1","Strike_R","Defend_R","Defend_R","Defend_R","Bash+1","Feel No Pain+1","Armaments","Apotheosis+1","Whirlwind","Power Through"],"relics":["Burning Blood","Strawberry","MawBank","Bag of Preparation","Blood Vial"],"potions_floor_usage":[13],"damage_taken":[{"damage":5,"enemies":"2 Louse","floor":1,"turns":3},{"damage":5,"enemies":"Small Slimes","floor":4,"turns":4},{"damage":35,"enemies":"Gremlin Nob","floor":6,"turns":5},{"damage":21,"enemies":"3 Sentries","floor":10,"turns":6},{"damage":7,"enemies":"Jaw Worm","floor":13,"turns":2}],"seed_played":"-8743030852388080212","potions_obtained":[{"floor":10,"key":"Regen Potion"}],"is_trial":false,"path_per_floor":["M","$","?","M","$","E","?","R","T","E","$","R"],"character_chosen":"IRONCLAD","items_purchased":["Apotheosis","Whirlwind","Blood Vial"],"campfire_rested":0,"item_purchase_floors":[5,5,11],"current_hp_per_floor":[80,80,64,65,65,43,43,43,43,28,28,28,28],"gold":6,"neow_bonus":"TWO_FIFTY_GOLD","is_prod":false,"is_daily":false,"chose_seed":false,"campfire_upgraded":2,"win_rate":0,"timestamp":1541097181,"path_taken":["M","$","?","?","$","E","?","R","T","E","?","R","?"],"build_version":"2018-10-25v2","purchased_purges":1,"victory":false,"max_hp_per_floor":[80,80,80,80,80,87,87,87,87,87,87,87,87],"card_choices":[{"not_picked":["Perfected Strike","Intimidate"],"picked":"Feel No Pain","floor":1},{"not_picked":["Flex","Perfected Strike"],"picked":"Armaments","floor":4},{"not_picked":["Second Wind","Pummel","Iron Wave"],"picked":"SKIP","floor":6},{"not_picked":["Rage","Corruption"],"picked":"Power Through","floor":10}],"player_experience":433913,"relics_obtained":[{"floor":6,"key":"Strawberry"},{"floor":9,"key":"MawBank"},{"floor":10,"key":"Bag of Preparation"}],"event_choices":[{"damage_healed":0,"gold_gain":0,"player_choice":"Entered Light","damage_taken":16,"max_hp_gain":0,"max_hp_loss":0,"event_name":"Shining Light","floor":3,"gold_loss":0,"cards_upgraded":["Feel No Pain","Strike_R"]},{"cards_removed":["Defend_R"],"damage_healed":0,"gold_gain":0,"player_choice":"Offered Basic","damage_taken":0,"max_hp_gain":0,"max_hp_loss":0,"event_name":"Bonfire Elementals","floor":7,"gold_loss":0}],"is_beta":false,"boss_relics":[],"items_purged_floors":[2],"is_endless":false,"potions_floor_spawned":[10],"killed_by":"Jaw Worm","ascension_level":5}