{"gold_per_floor":[114,127,202,202,217,217,233,233,233,76,101,120,20,47,47,146,146,164,199,215,7,7,38,38,38,84,84,113,113,113,128,128,228,228,246,196,196,214,88,88,119,119,119,138,165,387,387,406,406,406],"floor_reached":51,"playtime":3241,"items_purged":["Strike_G","Strike_G","Writhe","Strike_G"],"score":1070,"play_id":"f7c5a82e-84be-4a37-8620-a1bac76aa449","local_time":"20181001053320","is_ascension_mode":true,"campfire_choices":[{"data":"Neutralize","floor":6,"key":"SMITH"},{"data":"Blade Dance","floor":8,"key":"SMITH"},{"data":"Infinite Blades","floor":15,"key":"SMITH"},{"data":"A Thousand Cuts","floor":24,"key":"SMITH"},{"data":"Finisher","floor":27,"key":"SMITH"},{"data":"Backflip","floor":29,"key":"SMITH"},{"data":"Cloak And Dagger","floor":32,"key":"SMITH"},{"data":"Wraith Form v2","floor":40,"key":"SMITH"},{"data":"Backstab","floor":42,"key":"SMITH"},{"data":"Slice","floor":47,"key":"SMITH"},{"data":"Flechettes","floor":49,"key":"SMITH"}],"neow_cost":"NONE","seed_source_timestamp":1290994661064813,"circlet_count":0,"master_deck":["Defend_G","Defend_G","Defend_G","Defend_G","Strike_G","Strike_G","Survivor","Neutralize+1","Blade Dance+1","Finisher+1","Slice+1","Infinite Blades+1","Backstab+1","Dagger Spray+1","Cloak And Dagger","A Thousand Cuts+1","Cloak And Dagger+1","Backflip+1","Concentrate+1","Blade Dance+1","Wraith Form v2+1","Backstab+1","Infinite Blades+1","Flechettes+1"],"relics":["Ring of the Snake","Dead Branch","Bottled Lightning","Orichalcum","Bird Faced Urn","WristBlade","Red Mask","Lantern","Matryoshka","Blood Vial","Smiling Mask","Whetstone","Shuriken","Sozu","The Courier","Boot","Dodecahedron","Frozen Egg 2"],"potions_floor_usage":[7,11,11,16,19,19,50],"damage_taken":[{"damage":1,"enemies":"Cultist","floor":1,"turns":4},{"damage":1,"enemies":"Jaw Worm","floor":2,"turns":4},{"damage":0,"enemies":"2 Louse","floor":5,"turns":2},{"damage":0,"enemies":"Exordium Thugs","floor":7,"turns":3},{"damage":1,"enemies":"3 Sentries","floor":11,"turns":4},{"damage":0,"enemies":"2 Fungi Beasts","floor":12,"turns":2},{"damage":0,"enemies":"Gremlin Nob","floor":14,"turns":2},{"damage":21,"enemies":"The Guardian","floor":16,"turns":10},{"damage":1,"enemies":"2 Thieves","floor":18,"turns":3},{"damage":0,"enemies":"Masked Bandits","floor":19,"turns":3},{"damage":2,"enemies":"3 Byrds","floor":20,"turns":5},{"damage":7,"enemies":"Gremlin Leader","floor":23,"turns":4},{"damage":11,"enemies":"Book of Stabbing","floor":28,"turns":4},{"damage":11,"enemies":"Snake Plant","floor":31,"turns":3},{"damage":25,"enemies":"Champ","floor":33,"turns":6},{"damage":1,"enemies":"Orb Walker","floor":35,"turns":2},{"damage":0,"enemies":"3 Darklings","floor":38,"turns":2},{"damage":0,"enemies":"2 Orb Walkers","floor":41,"turns":2},{"damage":5,"enemies":"Sphere and 2 Shapes","floor":44,"turns":3},{"damage":0,"enemies":"Nemesis","floor":45,"turns":3},{"damage":0,"enemies":"Spire Growth","floor":48,"turns":3},{"damage":51,"enemies":"Time Eater","floor":50,"turns":7}],"seed_played":"-5533900424953811100","potions_obtained":[{"floor":2,"key":"EssenceOfSteel"},{"floor":5,"key":"Fire Potion"},{"floor":7,"key":"AttackPotion"},{"floor":14,"key":"SkillPotion"},{"floor":16,"key":"Block Potion"},{"floor":18,"key":"Block Potion"},{"floor":33,"key":"AttackPotion"}],"is_trial":false,"path_per_floor":["M","M","?","?","M","R","M","R","T","$","E","M","$","E","R","B",null,"M","?","M","$","?","E","R","?","T","R","E","R","?","M","R","B",null,"M","$","?","M","$","R","E","R","T","M","E","?","R","M","R","B"],"character_chosen":"THE_SILENT","items_purchased":["Infinite Blades","Lantern","Cloak And Dagger","Backstab"],"campfire_rested":0,"item_purchase_floors":[10,21,21,39],"current_hp_per_floor":[62,61,50,47,47,47,47,47,47,47,46,46,46,46,46,35,61,62,64,64,64,64,63,63,63,63,63,59,59,59,56,56,47,64,69,69,69,70,70,70,70,70,70,65,70,70,70,70,70,25],"gold":406,"neow_bonus":"REMOVE_CARD","is_prod":false,"is_daily":false,"chose_seed":false,"campfire_upgraded":11,"win_rate":0,"timestamp":1538339600,"path_taken":["M","?","?","?","M","R","M","R","T","?","E","?","$","E","R","BOSS","M","?","M","$","?","E","R","?","T","R","E","R","?","M","R","BOSS","M","?","?","?","$","R","E","R","T","M","E","?","R","M","R","BOSS"],"build_version":"2018-09-27","purchased_purges":4,"victory":true,"max_hp_per_floor":[70,70,70,70,70,70,70,70,70,70,70,70,70,70,70,70,70,70,70,70,70,70,70,70,70,70,70,70,70,70,70,70,70,70,70,70,70,70,70,70,70,70,70,70,70,70,70,70,70,70],"card_choices":[{"not_picked":["Acrobatics","Prepared"],"picked":"Blade Dance","floor":1},{"not_picked":["Dagger Throw","Deflect"],"picked":"Finisher","floor":2},{"not_picked":["Prepared","Dagger Throw"],"picked":"Slice","floor":5},{"not_picked":["Terror","Flying Knee","Dagger Throw"],"picked":"SKIP","floor":7},{"not_picked":["Burst","Blur"],"picked":"Backstab","floor":11},{"not_picked":["Quick Slash","Catalyst"],"picked":"Dagger Spray","floor":12},{"not_picked":["Outmaneuver","Predator"],"picked":"Cloak And Dagger","floor":14},{"not_picked":["Malaise","Unload"],"picked":"A Thousand Cuts","floor":16},{"not_picked":["Calculated Gamble+1","Leg Sweep+1"],"picked":"Footwork","floor":18},{"not_picked":["Poisoned Stab+1","Flying Knee","Dagger Spray"],"picked":"SKIP","floor":20},{"not_picked":["Riddle With Holes","Dagger Throw+1"],"picked":"Backflip","floor":23},{"not_picked":["Slice","Acrobatics"],"picked":"Concentrate+1","floor":28},{"not_picked":["Tactician","Deadly Poison"],"picked":"Blade Dance+1","floor":31},{"not_picked":["Glass Knife","Storm of Steel"],"picked":"Wraith Form v2","floor":33},{"not_picked":["Escape Plan","Poisoned Stab+1","Deadly Poison+1"],"picked":"SKIP","floor":35},{"not_picked":["Heel Hook","Dodge and Roll+1","Poisoned Stab+1"],"picked":"SKIP","floor":38},{"not_picked":["Flying Knee+1","Eviscerate+1"],"picked":"Infinite Blades+1","floor":41},{"not_picked":["Sucker Punch","Bane+1","Dagger Throw+1"],"picked":"SKIP","floor":44},{"not_picked":["Underhanded Strike","Dagger Throw","Tactician"],"picked":"SKIP","floor":45},{"not_picked":["Flying Knee+1","Prepared"],"picked":"Flechettes","floor":48}],"player_experience":324568,"relics_obtained":[{"floor":9,"key":"Bottled Lightning"},{"floor":11,"key":"Orichalcum"},{"floor":14,"key":"Bird Faced Urn"},{"floor":19,"key":"Red Mask"},{"floor":23,"key":"Matryoshka"},{"floor":26,"key":"Blood Vial"},{"floor":26,"key":"Smiling Mask"},{"floor":28,"key":"Whetstone"},{"floor":41,"key":"The Courier"},{"floor":43,"key":"Boot"},{"floor":43,"key":"Dodecahedron"},{"floor":45,"key":"Frozen Egg 2"}],"event_choices":[{"event_name":"World of Goop","player_choice":"Gather Gold","floor":3,"damage_taken":0},{"event_name":"Scrap Ooze","player_choice":"success","floor":4,"damage_taken":3},{"event_name":"Masked Bandits","player_choice":"Fought Bandits","floor":19,"damage_taken":0},{"event_name":"Match and Keep!","player_choice":"0 cards matched","floor":22,"damage_taken":0},{"event_name":"Ghosts","player_choice":"Ignored","floor":25,"damage_taken":0},{"event_name":"The Mausoleum","player_choice":"Yes","floor":30,"damage_taken":0},{"event_name":"Falling","player_choice":"Removed Power","floor":37,"damage_taken":0},{"event_name":"Tomb of Lord Red Mask","player_choice":"Wore Mask","floor":46,"damage_taken":0}],"is_beta":false,"boss_relics":[{"not_picked":["Tiny House","Pandora\u0027s Box"],"picked":"WristBlade"},{"not_picked":["Coffee Dripper","Velvet Choker"],"picked":"Sozu"}],"items_purged_floors":[10,13,36,39],"is_endless":false,"potions_floor_spawned":[2,5,7,14,16,18,33,38,44,48],"ascension_level":7}