{"gold_per_floor":[116,127,127,140,150,150,176,195,195,213,240,240,258,183,183,183],"floor_reached":16,"playtime":970,"items_purged":["Strike_G"],"score":125,"play_id":"c4f6c989-6dca-4a4c-990c-9fb6aac34aca","local_time":"20190517054208","is_ascension_mode":true,"campfire_choices":[{"data":"Crippling Poison","floor":6,"key":"SMITH"},{"floor":12,"key":"REST"},{"floor":15,"key":"REST"}],"neow_cost":"NONE","seed_source_timestamp":6003530407400,"circlet_count":0,"master_deck":["Defend_G","Defend_G","Defend_G","Defend_G","Defend_G","Strike_G","Strike_G","Strike_G","Strike_G","Survivor","Neutralize","Backstab","Crippling Poison+1","Cloak And Dagger","A Thousand Cuts"],"relics":["Ring of the Snake","NeowsBlessing","Question Card","Gremlin Horn","Lantern"],"potions_floor_usage":[7,10,11,11,16],"damage_taken":[{"damage":0,"enemies":"Small Slimes","floor":1,"turns":1},{"damage":0,"enemies":"Cultist","floor":2,"turns":1},{"damage":0,"enemies":"2 Louse","floor":4,"turns":1},{"damage":6,"enemies":"2 Fungi Beasts","floor":5,"turns":4},{"damage":44,"enemies":"Lagavulin","floor":7,"turns":10},{"damage":1,"enemies":"Blue Slaver","floor":8,"turns":3},{"damage":1,"enemies":"Gremlin Gang","floor":10,"turns":3},{"damage":16,"enemies":"Gremlin Nob","floor":11,"turns":6},{"damage":1,"enemies":"Red Slaver","floor":13,"turns":4},{"damage":44,"enemies":"The Guardian","floor":16,"turns":19}],"seed_played":"8607760840162149002","potions_obtained":[{"floor":1,"key":"Swift Potion"},{"floor":3,"key":"SpeedPotion"},{"floor":3,"key":"Explosive Potion"},{"floor":3,"key":"Weak Potion"},{"floor":8,"key":"SteroidPotion"},{"floor":10,"key":"Block Potion"},{"floor":13,"key":"Weak Potion"}],"is_trial":false,"path_per_floor":["M","M","?","M","M","R","E","M","T","M","E","R","M","$","R","B"],"character_chosen":"THE_SILENT","items_purchased":[],"campfire_rested":2,"item_purchase_floors":[],"current_hp_per_floor":[70,70,70,70,64,64,20,19,19,18,2,23,22,22,43,0],"gold":183,"neow_bonus":"THREE_ENEMY_KILL","is_prod":false,"is_daily":false,"chose_seed":false,"campfire_upgraded":1,"win_rate":0,"timestamp":1558042928,"path_taken":["M","M","?","M","?","R","E","M","T","?","E","R","M","?","R","BOSS"],"build_version":"2019-01-17","purchased_purges":1,"victory":false,"max_hp_per_floor":[70,70,70,70,70,70,70,70,70,70,70,70,70,70,70,70],"card_choices":[{"not_picked":["Prepared","Bane"],"picked":"Backstab","floor":1},{"not_picked":["Slice","Dodge and Roll","Escape Plan"],"picked":"SKIP","floor":2},{"not_picked":["Escape Plan","Riddle With Holes"],"picked":"Crippling Poison","floor":4},{"not_picked":["Slice","Riddle With Holes","Sucker Punch"],"picked":"SKIP","floor":5},{"not_picked":["Acrobatics","Underhanded Strike","Choke"],"picked":"SKIP","floor":7},{"not_picked":["Eviscerate","Slice","Expertise","Flying Knee"],"picked":"SKIP","floor":8},{"not_picked":["Escape Plan","Dagger Throw","Endless Agony"],"picked":"Cloak And Dagger","floor":10},{"not_picked":["Dagger Spray","Deflect","PiercingWail"],"picked":"A Thousand Cuts","floor":11},{"not_picked":["Sucker Punch","Concentrate","PiercingWail","Dagger Spray"],"picked":"SKIP","floor":13}],"player_experience":145838,"relics_obtained":[{"floor":7,"key":"Question Card"},{"floor":9,"key":"Gremlin Horn"},{"floor":11,"key":"Lantern"}],"event_choices":[{"damage_healed":0,"gold_gain":0,"player_choice":"Got Potions","damage_taken":0,"max_hp_gain":0,"max_hp_loss":0,"event_name":"Lab","floor":3,"gold_loss":0}],"is_beta":false,"boss_relics":[],"items_purged_floors":[14],"is_endless":false,"potions_floor_spawned":[1,8,10,13],"killed_by":"The Guardian","ascension_level":2}