{"gold_per_floor":[117,67,67,242,93,131,131,164,164,164,185,205,14,28,28,153,153,172,195,219,42,66,66,79,79,379,379,379,393,403,403,403,403],"floor_reached":33,"playtime":1296,"items_purged":["Doubt"],"score":384,"play_id":"2fb695fb-85eb-45a3-ab07-6fbfe97ae114","local_time":"20181031011836","is_ascension_mode":true,"campfire_choices":[{"data":"Immolate","floor":7,"key":"SMITH"},{"data":"Fiend Fire","floor":10,"key":"SMITH"},{"data":"Apotheosis","floor":15,"key":"SMITH"},{"data":"Fiend Fire","floor":23,"key":"SMITH"},{"data":"Wild Strike","floor":25,"key":"SMITH"},{"data":"Inflame","floor":27,"key":"SMITH"},{"data":"Feel No Pain","floor":32,"key":"SMITH"}],"neow_cost":"NONE","seed_source_timestamp":357465839528697,"circlet_count":0,"master_deck":["Strike_R","Strike_R","Strike_R","Strike_R","Defend_R","Defend_R","Defend_R","Defend_R","Bash","Thunderclap","Immolate+1","Burning Pact","Fiend Fire+1","Evolve","Feel No Pain+1","Apotheosis+1","Pommel Strike","Fiend Fire+1","Spot Weakness","Wild Strike+1","Inflame+1","Ghostly Armor","Battle Trance"],"relics":["Burning Blood","NeowsBlessing","Bloody Idol","Bag of Preparation","Mango","Anchor","Runic Cube","Happy Flower","Old Coin"],"potions_floor_usage":[16,18,22,29],"damage_taken":[{"damage":0,"enemies":"2 Louse","floor":1,"turns":1},{"damage":0,"enemies":"Gremlin Nob","floor":6,"turns":1},{"damage":0,"enemies":"3 Sentries","floor":8,"turns":1},{"damage":0,"enemies":"Jaw Worm","floor":11,"turns":1},{"damage":0,"enemies":"Cultist","floor":12,"turns":2},{"damage":0,"enemies":"Large Slime","floor":14,"turns":2},{"damage":32,"enemies":"Slime Boss","floor":16,"turns":7},{"damage":3,"enemies":"3 Byrds","floor":18,"turns":3},{"damage":0,"enemies":"Spheric Guardian","floor":19,"turns":1},{"damage":2,"enemies":"Snecko","floor":20,"turns":3},{"damage":24,"enemies":"Sentry and Sphere","floor":22,"turns":4},{"damage":10,"enemies":"Snake Plant","floor":24,"turns":4},{"damage":32,"enemies":"Shelled Parasite and Fungi","floor":29,"turns":4},{"damage":10,"enemies":"Snecko","floor":30,"turns":4},{"damage":37,"enemies":"Champ","floor":33,"turns":6}],"seed_played":"-6190079847069958541","potions_obtained":[{"floor":8,"key":"EssenceOfSteel"},{"floor":12,"key":"Swift Potion"},{"floor":14,"key":"Explosive Potion"},{"floor":19,"key":"Ancient Potion"},{"floor":22,"key":"Poison Potion"},{"floor":24,"key":"EssenceOfSteel"},{"floor":30,"key":"SpeedPotion"}],"is_trial":false,"path_per_floor":["M","?","?","?","$","E","R","E","T","R","M","M","$","M","R","B",null,"M","M","M","$","M","R","M","R","T","R","?","M","M","?","R"],"character_chosen":"IRONCLAD","items_purchased":["Immolate","Apotheosis","Happy Flower","Inflame"],"campfire_rested":0,"item_purchase_floors":[5,13,21,21],"current_hp_per_floor":[80,80,60,60,60,66,66,86,86,86,92,94,94,94,94,68,88,91,94,94,94,76,76,72,72,72,72,72,51,52,83,83,46],"gold":403,"neow_bonus":"THREE_ENEMY_KILL","is_prod":false,"is_daily":false,"chose_seed":false,"campfire_upgraded":7,"win_rate":0,"timestamp":1540916316,"path_taken":["M","?","?","?","$","E","R","E","T","R","?","?","$","M","R","BOSS","M","M","M","$","M","R","M","R","T","R","?","M","M","?","R","BOSS"],"build_version":"2018-10-25v2","purchased_purges":1,"victory":false,"max_hp_per_floor":[80,80,80,80,80,80,80,94,94,94,94,94,94,94,94,94,94,94,94,94,94,94,94,94,94,94,94,94,94,94,94,94,94],"card_choices":[{"not_picked":["Flex","Iron Wave"],"picked":"Thunderclap","floor":1},{"not_picked":["Exhume","Shrug It Off"],"picked":"Burning Pact","floor":6},{"not_picked":["Juggernaut","Havoc"],"picked":"Fiend Fire","floor":8},{"not_picked":["Clothesline","Havoc"],"picked":"Evolve","floor":11},{"not_picked":["True Grit","Armaments"],"picked":"Feel No Pain","floor":12},{"not_picked":["Pummel","Perfected Strike"],"picked":"Pommel Strike","floor":14},{"not_picked":["Reaper","Berserk"],"picked":"Fiend Fire","floor":16},{"not_picked":["Sever Soul+1","Clash"],"picked":"Spot Weakness","floor":18},{"not_picked":["Hemokinesis+1","Heavy Blade"],"picked":"Wild Strike","floor":19},{"not_picked":["Anger","Clothesline+1","Headbutt"],"picked":"SKIP","floor":20},{"not_picked":["Entrench+1","Metallicize"],"picked":"Ghostly Armor","floor":22},{"not_picked":["Second Wind+1","Heavy Blade","Rage"],"picked":"SKIP","floor":24},{"not_picked":["Anger","Twin Strike+1","Disarm+1"],"picked":"SKIP","floor":29},{"not_picked":["Pommel Strike","Havoc"],"picked":"Battle Trance","floor":30}],"player_experience":413236,"relics_obtained":[{"floor":6,"key":"Bag of Preparation"},{"floor":8,"key":"Mango"},{"floor":9,"key":"Anchor"},{"floor":26,"key":"Old Coin"}],"event_choices":[{"cards_removed":["Strike_R"],"damage_healed":0,"gold_gain":0,"player_choice":"Card Removal","damage_taken":0,"max_hp_gain":0,"max_hp_loss":0,"event_name":"The Cleric","floor":2,"gold_loss":50},{"damage_healed":0,"gold_gain":0,"player_choice":"Take Damage","damage_taken":20,"relics_obtained":["Golden Idol"],"max_hp_gain":0,"max_hp_loss":0,"event_name":"Golden Idol","floor":3,"gold_loss":0},{"damage_healed":0,"gold_gain":175,"player_choice":"AGREE","damage_taken":0,"max_hp_gain":0,"max_hp_loss":0,"event_name":"Liars Game","floor":4,"gold_loss":0,"cards_obtained":["Doubt"]},{"damage_healed":0,"gold_gain":0,"player_choice":"Gave Idol","damage_taken":0,"relics_obtained":["Bloody Idol"],"max_hp_gain":0,"max_hp_loss":0,"event_name":"Forgotten Altar","floor":28,"relics_lost":["Golden Idol"],"gold_loss":0},{"damage_healed":31,"gold_gain":0,"player_choice":"Heal","damage_taken":0,"max_hp_gain":0,"max_hp_loss":0,"event_name":"The Library","floor":31,"gold_loss":0}],"is_beta":false,"boss_relics":[{"not_picked":["Philosopher\u0027s Stone","Empty Cage"],"picked":"Runic Cube"}],"items_purged_floors":[5],"is_endless":false,"potions_floor_spawned":[8,12,14,19,22,24,30],"killed_by":"Champ","ascension_level":5}