{"gold_per_floor":[214,224,238,208,133,133,159,159,213,226,226],"floor_reached":11,"playtime":699,"items_purged":[],"score":80,"play_id":"a2233e46-feeb-458e-bd96-afb1126dee02","local_time":"20190427145328","is_ascension_mode":true,"campfire_choices":[{"data":"Footwork","floor":6,"key":"SMITH"}],"neow_cost":"NONE","seed_source_timestamp":1021472199319050,"circlet_count":0,"master_deck":["Defend_G","Defend_G","Defend_G","Defend_G","Defend_G","Strike_G","Strike_G","Strike_G","Strike_G","Strike_G","Survivor","Neutralize","Deflect","Blur","Well Laid Plans","Calculated Gamble","Footwork+1","Noxious Fumes","Deflect"],"relics":["Ring of the Snake","Strawberry","Prayer Wheel","Omamori"],"potions_floor_usage":[11,11,11],"damage_taken":[{"damage":0,"enemies":"Cultist","floor":1,"turns":4},{"damage":0,"enemies":"Jaw Worm","floor":2,"turns":4},{"damage":8,"enemies":"Small Slimes","floor":3,"turns":6},{"damage":0,"enemies":"Looter","floor":4,"turns":4},{"damage":14,"enemies":"3 Sentries","floor":7,"turns":22},{"damage":3,"enemies":"Exordium Wildlife","floor":10,"turns":8},{"damage":52,"enemies":"Gremlin Nob","floor":11,"turns":6}],"seed_played":"-6907537255698128162","potions_obtained":[{"floor":3,"key":"Poison Potion"},{"floor":7,"key":"GamblersBrew"},{"floor":10,"key":"SkillPotion"}],"is_trial":false,"path_per_floor":["M","M","M","M","$","R","E","?","T","M","E"],"character_chosen":"THE_SILENT","items_purchased":["Footwork"],"campfire_rested":0,"item_purchase_floors":[5],"current_hp_per_floor":[70,70,62,62,62,62,55,43,43,40,0],"gold":226,"neow_bonus":"HUNDRED_GOLD","is_prod":false,"is_daily":false,"chose_seed":false,"campfire_upgraded":1,"win_rate":0,"timestamp":1556333608,"path_taken":["M","?","M","M","?","R","E","?","T","M","E"],"build_version":"2019-01-23","purchased_purges":0,"victory":false,"max_hp_per_floor":[70,70,70,70,70,70,77,77,77,77,77],"card_choices":[{"not_picked":["Backstab","Quick Slash"],"picked":"Deflect","floor":1},{"not_picked":["Cloak And Dagger","Poisoned Stab"],"picked":"Blur","floor":2},{"not_picked":["Dodge and Roll","Backflip"],"picked":"Well Laid Plans","floor":3},{"not_picked":["Eviscerate","Underhanded Strike"],"picked":"Calculated Gamble","floor":4},{"not_picked":["Dagger Throw","Concentrate","Expertise"],"picked":"SKIP","floor":7},{"not_picked":["Deadly Poison","Cloak And Dagger"],"picked":"Noxious Fumes","floor":10},{"not_picked":["Glass Knife","Masterful Stab"],"picked":"Deflect","floor":10}],"player_experience":91261,"relics_obtained":[{"floor":7,"key":"Strawberry"},{"floor":9,"key":"Omamori"}],"event_choices":[{"damage_healed":0,"gold_gain":0,"player_choice":"Success","damage_taken":12,"relics_obtained":["Prayer Wheel"],"max_hp_gain":0,"max_hp_loss":0,"event_name":"Scrap Ooze","floor":8,"gold_loss":0}],"is_beta":false,"boss_relics":[],"items_purged_floors":[],"is_endless":false,"potions_floor_spawned":[3,7,10],"killed_by":"Gremlin Nob","ascension_level":2}