{"gold_per_floor":[214,389,389,60,72,104,104,104,104,104,123,150,150,162,162,266,266,279,296,306,306,306],"floor_reached":22,"playtime":1064,"items_purged":["Doubt"],"score":213,"play_id":"39d98b38-222f-41a5-93ce-b27c49f63211","local_time":"20180902223850","is_ascension_mode":true,"campfire_choices":[{"data":"Zap","floor":7,"key":"SMITH"},{"data":"Dualcast","floor":10,"key":"SMITH"},{"data":"Conserve Battery","floor":13,"key":"SMITH"},{"floor":15,"key":"REST"}],"neow_cost":"NONE","seed_source_timestamp":1221394447529616,"circlet_count":0,"master_deck":["Strike_B","Strike_B","Strike_B","Strike_B","Defend_B","Defend_B","Defend_B","Defend_B","Zap+1","Dualcast+1","Conserve Battery+1","Cold Snap","Go for the Eyes","Ball Lightning","BootSequence","Redo","Buffer","Cold Snap+1","Conserve Battery","Writhe"],"relics":["Cracked Core","Happy Flower","Mercury Hourglass","Ornamental Fan","Anchor","Matryoshka","Ancient Tea Set","Nuclear Battery","Singing Bowl"],"potions_floor_usage":[16,22],"damage_taken":[{"damage":7,"enemies":"Small Slimes","floor":1,"turns":3},{"damage":0,"enemies":"2 Louse","floor":5,"turns":2},{"damage":21,"enemies":"3 Sentries","floor":6,"turns":5},{"damage":0,"enemies":"Jaw Worm","floor":11,"turns":2},{"damage":14,"enemies":"Gremlin Nob","floor":12,"turns":4},{"damage":5,"enemies":"2 Fungi Beasts","floor":14,"turns":3},{"damage":10,"enemies":"Slime Boss","floor":16,"turns":7},{"damage":5,"enemies":"Shell Parasite","floor":18,"turns":4},{"damage":9,"enemies":"Chosen","floor":19,"turns":5},{"damage":10,"enemies":"3 Cultists","floor":20,"turns":6},{"damage":7,"enemies":"Colosseum Slavers","floor":22,"turns":4},{"damage":50,"enemies":"Colosseum Nobs","floor":22,"turns":4}],"seed_played":"-2906971470419676736","potions_obtained":[{"floor":1,"key":"SpeedPotion"},{"floor":14,"key":"Poison Potion"},{"floor":18,"key":"GamblersBrew"}],"is_trial":false,"path_per_floor":["M","?","?","$","M","E","R","?","T","R","M","E","R","M","R","B",null,"M","M","M","?"],"character_chosen":"DEFECT","items_purchased":["Mercury Hourglass"],"campfire_rested":1,"item_purchase_floors":[4],"current_hp_per_floor":[68,68,68,68,68,47,47,44,44,44,44,30,30,25,47,37,75,70,61,51,51,0],"gold":306,"neow_bonus":"HUNDRED_GOLD","is_prod":false,"is_daily":false,"chose_seed":false,"campfire_upgraded":3,"win_rate":0,"timestamp":1535895530,"path_taken":["M","?","?","$","?","E","R","?","T","R","M","E","R","M","R","BOSS","M","M","M","?","?"],"build_version":"2018-08-30","purchased_purges":1,"victory":false,"max_hp_per_floor":[75,75,75,75,75,75,75,75,75,75,75,75,75,75,75,75,75,75,75,75,75,75],"card_choices":[{"not_picked":["Rebound","Genetic Algorithm"],"picked":"Conserve Battery","floor":1},{"not_picked":["Skim","Recycle"],"picked":"Cold Snap","floor":5},{"not_picked":["Amplify","Multi-Cast"],"picked":"Go for the Eyes","floor":6},{"not_picked":["Coolheaded","Cold Snap"],"picked":"Ball Lightning","floor":11},{"not_picked":["Barrage","Streamline"],"picked":"BootSequence","floor":12},{"not_picked":["Aggregate","Barrage"],"picked":"Redo","floor":14},{"not_picked":["Machine Learning","Seek"],"picked":"Buffer","floor":16},{"not_picked":["Streamline","Rebound+1","Go for the Eyes"],"picked":"SKIP","floor":18},{"not_picked":["Recycle+1","Beam Cell"],"picked":"Cold Snap+1","floor":19},{"not_picked":["Beam Cell","Turbo"],"picked":"Conserve Battery","floor":20}],"player_experience":198006,"relics_obtained":[{"floor":6,"key":"Ornamental Fan"},{"floor":9,"key":"Matryoshka"},{"floor":12,"key":"Ancient Tea Set"}],"event_choices":[{"event_name":"Liars Game","player_choice":"agreed","floor":2,"damage_taken":0},{"event_name":"WeMeetAgain","player_choice":"Potion","floor":3,"damage_taken":0},{"event_name":"Scrap Ooze","player_choice":"success","floor":8,"damage_taken":3},{"event_name":"The Mausoleum","player_choice":"Yes","floor":21,"damage_taken":0},{"event_name":"Colosseum","player_choice":"Fight","floor":22,"damage_taken":0},{"event_name":"Colosseum","player_choice":"Fought Nobs","floor":22,"damage_taken":0}],"is_beta":false,"boss_relics":[{"not_picked":["Black Star","FrozenCore"],"picked":"Nuclear Battery"}],"items_purged_floors":[4],"is_endless":false,"potions_floor_spawned":[1,6,14,18,22],"killed_by":"Colosseum Nobs","ascension_level":2}