{"gold_per_floor":[119,138,156,175,195,195,222,242,242,262,262,295,325,337,337,439,439,451,463,53,67,78,78,105,105,105,120,120,136,152,53,53,53],"floor_reached":33,"playtime":1958,"items_purged":["Defend_R","Defend_R"],"score":300,"play_id":"30d59bef-5c4a-4ca9-b952-fc8165eaa2d2","local_time":"20190509210622","is_ascension_mode":false,"campfire_choices":[{"data":"Clash","floor":6,"key":"SMITH"},{"data":"Flex","floor":11,"key":"SMITH"},{"data":"Perfected Strike","floor":15,"key":"SMITH"},{"floor":23,"key":"REST"},{"data":"Shrug It Off","floor":25,"key":"SMITH"},{"floor":32,"key":"REST"}],"neow_cost":"NONE","seed_source_timestamp":610843639516136,"circlet_count":0,"master_deck":["Strike_R","Strike_R","Strike_R","Strike_R","Strike_R","Defend_R","Defend_R","Bash","Cleave","Clash+1","Shrug It Off+1","Iron Wave","Pommel Strike","Flex+1","Perfected Strike+1","Twin Strike","Shrug It Off","Wild Strike","Twin Strike","Armaments+1"],"relics":["Black Blood","NeowsBlessing","Odd Mushroom","Smiling Mask","Oddly Smooth Stone","Tiny Chest","Mercury Hourglass","Singing Bowl","Pantograph"],"potions_floor_usage":[12,16,16,18,21,24,24,33,33,33],"damage_taken":[{"damage":0,"enemies":"Cultist","floor":1,"turns":1},{"damage":0,"enemies":"2 Louse","floor":2,"turns":2},{"damage":0,"enemies":"Small Slimes","floor":3,"turns":1},{"damage":8,"enemies":"Red Slaver","floor":4,"turns":2},{"damage":2,"enemies":"3 Louse","floor":5,"turns":3},{"damage":8,"enemies":"The Mushroom Lair","floor":7,"turns":3},{"damage":6,"enemies":"Large Slime","floor":8,"turns":6},{"damage":1,"enemies":"Exordium Thugs","floor":10,"turns":4},{"damage":0,"enemies":"Gremlin Nob","floor":12,"turns":2},{"damage":11,"enemies":"Looter","floor":14,"turns":3},{"damage":10,"enemies":"The Guardian","floor":16,"turns":8},{"damage":10,"enemies":"3 Byrds","floor":18,"turns":7},{"damage":16,"enemies":"Spheric Guardian","floor":19,"turns":4},{"damage":21,"enemies":"Chosen and Byrds","floor":21,"turns":6},{"damage":15,"enemies":"Snake Plant","floor":22,"turns":3},{"damage":19,"enemies":"Gremlin Leader","floor":24,"turns":4},{"damage":16,"enemies":"Shelled Parasite and Fungi","floor":27,"turns":5},{"damage":44,"enemies":"Centurion and Healer","floor":29,"turns":5},{"damage":15,"enemies":"Snecko","floor":30,"turns":4},{"damage":89,"enemies":"Collector","floor":33,"turns":11}],"seed_played":"7890997670779762833","potions_obtained":[{"floor":2,"key":"AttackPotion"},{"floor":3,"key":"Swift Potion"},{"floor":8,"key":"Ancient Potion"},{"floor":12,"key":"Block Potion"},{"floor":14,"key":"BloodPotion"},{"floor":16,"key":"Block Potion"},{"floor":21,"key":"Explosive Potion"},{"floor":22,"key":"Dexterity Potion"},{"floor":24,"key":"Dexterity Potion"},{"floor":29,"key":"AttackPotion"}],"is_trial":false,"path_per_floor":["M","M","M","M","M","R","?","M","T","M","R","E","?","M","R","B",null,"M","M","$","M","M","R","E","R","T","M","?","M","M","$","R","B"],"character_chosen":"IRONCLAD","items_purchased":["Mercury Hourglass","Shrug It Off","Wild Strike","Energy Potion"],"campfire_rested":2,"item_purchase_floors":[20,20,20,31],"current_hp_per_floor":[80,80,80,78,80,80,78,78,78,80,80,80,80,75,75,71,80,80,74,74,71,66,80,71,71,71,65,65,33,30,30,55,0],"gold":53,"neow_bonus":"THREE_ENEMY_KILL","is_prod":false,"is_daily":false,"chose_seed":false,"campfire_upgraded":4,"win_rate":0,"timestamp":1557453982,"path_taken":["M","M","M","M","M","R","?","M","T","M","R","E","?","M","R","BOSS","M","M","$","M","M","R","E","R","T","M","?","M","M","$","R","BOSS"],"build_version":"2019-01-23","purchased_purges":2,"victory":false,"max_hp_per_floor":[80,80,80,80,80,80,80,80,80,80,80,80,80,80,80,80,80,80,80,80,80,80,80,80,80,80,80,80,82,84,84,84,84],"card_choices":[{"not_picked":["Headbutt","Carnage"],"picked":"Cleave","floor":1},{"not_picked":["Havoc","Body Slam"],"picked":"Clash","floor":2},{"not_picked":["Power Through","Second Wind","Spot Weakness"],"picked":"SKIP","floor":3},{"not_picked":["Fire Breathing","Flex"],"picked":"Shrug It Off","floor":4},{"not_picked":["Shockwave","Anger"],"picked":"Iron Wave","floor":5},{"not_picked":["Clash","Bludgeon"],"picked":"Pommel Strike","floor":8},{"not_picked":["Infernal Blade","Heavy Blade"],"picked":"Flex","floor":10},{"not_picked":["Inflame","True Grit"],"picked":"Perfected Strike","floor":12},{"not_picked":["Headbutt","Cleave","Fire Breathing"],"picked":"SKIP","floor":14},{"not_picked":["Headbutt","Cleave","Fire Breathing"],"picked":"SKIP","floor":14},{"not_picked":["Heavy Blade","Body Slam"],"picked":"Twin Strike","floor":18},{"not_picked":["Pummel","Cleave+1","Power Through"],"picked":"SKIP","floor":19},{"not_picked":["Pummel","Cleave+1","Power Through"],"picked":"SKIP","floor":19},{"not_picked":["Clothesline","Intimidate+1","Searing Blow+1"],"picked":"SKIP","floor":21},{"not_picked":["Clothesline","Intimidate+1","Searing Blow+1"],"picked":"SKIP","floor":21},{"not_picked":["Limit Break","Pummel","Sword Boomerang"],"picked":"SKIP","floor":22},{"not_picked":["Limit Break","Flame Barrier"],"picked":"Twin Strike","floor":24},{"not_picked":["Feel No Pain","Disarm"],"picked":"Armaments+1","floor":27},{"not_picked":["Flex","Carnage+1","Intimidate"],"picked":"Singing Bowl","floor":29},{"not_picked":["Headbutt","Flame Barrier","Clash"],"picked":"Singing Bowl","floor":30}],"player_experience":515742,"relics_obtained":[{"floor":7,"key":"Odd Mushroom"},{"floor":9,"key":"Smiling Mask"},{"floor":12,"key":"Oddly Smooth Stone"},{"floor":24,"key":"Singing Bowl"},{"floor":26,"key":"Pantograph"}],"event_choices":[{"damage_healed":0,"gold_gain":0,"player_choice":"Fought Mushrooms","damage_taken":0,"max_hp_gain":0,"max_hp_loss":0,"event_name":"Mushrooms","floor":7,"gold_loss":0},{"damage_healed":0,"gold_gain":0,"player_choice":"Searched \u00272\u0027 times","damage_taken":0,"relics_obtained":["Tiny Chest"],"max_hp_gain":0,"max_hp_loss":0,"event_name":"Dead Adventurer","floor":13,"gold_loss":0},{"damage_healed":0,"gold_gain":0,"player_choice":"Ignored","damage_taken":0,"max_hp_gain":0,"max_hp_loss":0,"event_name":"Vampires","floor":28,"gold_loss":0}],"is_beta":false,"boss_relics":[{"not_picked":["Cursed Key","Calling Bell"],"picked":"Black Blood"}],"items_purged_floors":[20,31],"is_endless":false,"potions_floor_spawned":[2,3,8,12,14,16,21,22,24,29],"killed_by":"Collector","ascension_level":0}