{"gold_per_floor":[117,117,392,317,329,329,339,151,178,196,196,251,251,44,44,146,146,165,265,265,245,262,262,262,275,322,342,32,50,99,123,123,226,226,244,267,93,93,104,135,135,153,176,176,203,235,287,307,307,307],"floor_reached":51,"playtime":2143,"items_purged":["Regret","Defend_B","Strike_B"],"score":898,"play_id":"4fff529a-4f1f-469d-9ab7-7db946ccfef8","local_time":"20190420183203","daily_mods":["Vintage","Heirloom","Time Dilation","Flight"],"is_ascension_mode":false,"campfire_choices":[{"data":"Dualcast","floor":6,"key":"SMITH"},{"floor":13,"key":"REST"},{"data":"Capacitor","floor":15,"key":"SMITH"},{"floor":23,"key":"REST"},{"floor":24,"key":"REST"},{"data":"Echo Form","floor":32,"key":"SMITH"},{"floor":41,"key":"REST"},{"floor":44,"key":"REST"},{"data":"Fusion","floor":49,"key":"SMITH"}],"neow_cost":"","seed_source_timestamp":425662743015323,"circlet_count":0,"master_deck":["Strike_B","Strike_B","Strike_B","Defend_B","Defend_B","Zap","Dualcast+1","Blizzard+1","Coolheaded","Cold Snap+1","Capacitor+1","Echo Form+1","Heatsinks","Cold Snap+1","Amplify","Streamline+1","Coolheaded","Shame","Go for the Eyes+1","Compile Driver+1","Fusion+1"],"relics":["Cracked Core","Turnip","Dead Branch","Meat on the Bone","Molten Egg 2","Regal Pillow","Cables","Calipers","Kunai","Busted Crown","Dream Catcher","Bird Faced Urn","Singing Bowl","Lantern","Incense Burner","Pen Nib","Orichalcum","Thread and Needle","Vajra","Tiny Chest","Centennial Puzzle","Cursed Key","Boot","Potion Belt","DataDisk","Pantograph","StoneCalendar","Art of War","Bag of Preparation","Strawberry","Blue Candle","Mango","Toxic Egg 2"],"potions_floor_usage":[12,12,22],"damage_taken":[{"damage":9,"enemies":"Jaw Worm","floor":1,"turns":4},{"damage":0,"enemies":"Small Slimes","floor":5,"turns":3},{"damage":1,"enemies":"Cultist","floor":7,"turns":3},{"damage":20,"enemies":"Exordium Wildlife","floor":10,"turns":4},{"damage":28,"enemies":"Lagavulin Event","floor":12,"turns":5},{"damage":30,"enemies":"Slime Boss","floor":16,"turns":9},{"damage":10,"enemies":"Spheric Guardian","floor":18,"turns":3},{"damage":39,"enemies":"Colosseum Slavers","floor":19,"turns":5},{"damage":37,"enemies":"Colosseum Nobs","floor":19,"turns":5},{"damage":16,"enemies":"Shell Parasite","floor":22,"turns":4},{"damage":16,"enemies":"Centurion and Healer","floor":25,"turns":7},{"damage":13,"enemies":"3 Cultists","floor":27,"turns":5},{"damage":1,"enemies":"Chosen and Byrds","floor":29,"turns":5},{"damage":2,"enemies":"Centurion and Healer","floor":30,"turns":4},{"damage":12,"enemies":"Automaton","floor":33,"turns":9},{"damage":5,"enemies":"3 Darklings","floor":35,"turns":5},{"damage":5,"enemies":"Orb Walker","floor":39,"turns":2},{"damage":0,"enemies":"Giant Head","floor":40,"turns":8},{"damage":0,"enemies":"Transient","floor":42,"turns":5},{"damage":21,"enemies":"Nemesis","floor":45,"turns":5},{"damage":0,"enemies":"Giant Head","floor":46,"turns":8},{"damage":8,"enemies":"2 Orb Walkers","floor":47,"turns":4},{"damage":1,"enemies":"3 Darklings","floor":48,"turns":6},{"damage":17,"enemies":"Time Eater","floor":50,"turns":11}],"seed_played":"1220568412852055304","potions_obtained":[{"floor":1,"key":"SteroidPotion"},{"floor":5,"key":"SpeedPotion"},{"floor":7,"key":"Weak Potion"},{"floor":19,"key":"SpeedPotion"},{"floor":21,"key":"FairyPotion"},{"floor":22,"key":"FearPotion"},{"floor":45,"key":"SkillPotion"},{"floor":46,"key":"Fire Potion"},{"floor":48,"key":"Swift Potion"}],"is_trial":true,"path_per_floor":["M","?","?","$","M","R","M","$","T","M","?","?","R","$","R","B",null,"M","?","?","?","M","R","R","M","T","M","$","M","M","T","R","B",null,"M","T","$","?","M","E","R","M","T","R","E","E","?","M","R","B",null],"character_chosen":"DEFECT","items_purchased":["Blizzard+1","Coolheaded","Capacitor","Thread and Needle","Streamline+1","DataDisk"],"campfire_rested":5,"item_purchase_floors":[8,8,14,28,37,37],"current_hp_per_floor":[66,66,66,66,66,66,65,65,65,45,38,22,59,59,59,41,75,65,13,13,13,13,52,77,63,63,56,56,63,63,63,63,57,77,76,76,76,76,74,77,79,79,79,79,71,81,101,102,102,89],"gold":307,"neow_bonus":"","is_prod":false,"is_daily":false,"chose_seed":false,"campfire_upgraded":4,"win_rate":0,"timestamp":1555741923,"path_taken":["M","?","?","$","?","R","M","$","T","M","?","?","R","$","R","BOSS","M","?","?","?","M","R","R","M","T","M","$","M","?","?","R","BOSS","M","?","$","?","?","E","R","M","T","R","E","E","?","M","R","BOSS"],"build_version":"2019-01-23","purchased_purges":3,"victory":true,"max_hp_per_floor":[75,75,75,75,75,75,75,75,75,75,75,75,75,75,75,75,75,75,75,75,75,75,77,77,77,77,77,77,77,77,77,77,77,77,77,77,77,77,77,77,79,79,79,79,86,88,102,102,102,102],"card_choices":[{"not_picked":["White Noise","Leap"],"picked":"Cold Snap+1","floor":12},{"not_picked":["Biased Cognition","Reboot"],"picked":"Echo Form","floor":16},{"not_picked":[],"picked":"Heatsinks","floor":19},{"not_picked":["Go for the Eyes+1"],"picked":"Singing Bowl","floor":23},{"not_picked":[],"picked":"Cold Snap+1","floor":24},{"not_picked":[],"picked":"Amplify","floor":33},{"not_picked":[],"picked":"Coolheaded","floor":40},{"not_picked":["Compile Driver+1"],"picked":"Singing Bowl","floor":41},{"not_picked":[],"picked":"Go for the Eyes+1","floor":44},{"not_picked":[],"picked":"Compile Driver+1","floor":45},{"not_picked":["Turbo"],"picked":"Singing Bowl","floor":46},{"not_picked":[],"picked":"Fusion","floor":47}],"player_experience":37393,"relics_obtained":[{"floor":1,"key":"Dead Branch"},{"floor":5,"key":"Meat on the Bone"},{"floor":7,"key":"Molten Egg 2"},{"floor":9,"key":"Regal Pillow"},{"floor":10,"key":"Cables"},{"floor":12,"key":"Kunai"},{"floor":18,"key":"Dream Catcher"},{"floor":19,"key":"Bird Faced Urn"},{"floor":19,"key":"Singing Bowl"},{"floor":22,"key":"Lantern"},{"floor":25,"key":"Incense Burner"},{"floor":26,"key":"Pen Nib"},{"floor":27,"key":"Orichalcum"},{"floor":29,"key":"Vajra"},{"floor":30,"key":"Tiny Chest"},{"floor":31,"key":"Centennial Puzzle"},{"floor":35,"key":"Boot"},{"floor":36,"key":"Potion Belt"},{"floor":39,"key":"Pantograph"},{"floor":40,"key":"StoneCalendar"},{"floor":42,"key":"Art of War"},{"floor":43,"key":"Bag of Preparation"},{"floor":45,"key":"Strawberry"},{"floor":46,"key":"Blue Candle"},{"floor":47,"key":"Mango"},{"floor":48,"key":"Toxic Egg 2"}],"event_choices":[{"cards_removed":["Defend_B"],"damage_healed":0,"gold_gain":0,"player_choice":"Forget","damage_taken":0,"max_hp_gain":0,"max_hp_loss":0,"event_name":"Living Wall","floor":2,"gold_loss":0},{"damage_healed":0,"gold_gain":275,"player_choice":"Desecrate","damage_taken":0,"max_hp_gain":0,"max_hp_loss":0,"event_name":"Golden Shrine","floor":3,"gold_loss":0,"cards_obtained":["Regret"]},{"damage_healed":0,"gold_gain":0,"player_choice":"Success","damage_taken":7,"relics_obtained":["Calipers"],"max_hp_gain":0,"max_hp_loss":0,"event_name":"Scrap Ooze","floor":11,"gold_loss":0},{"damage_healed":0,"gold_gain":0,"player_choice":"Searched \u00271\u0027 times","damage_taken":0,"max_hp_gain":0,"max_hp_loss":0,"event_name":"Dead Adventurer","floor":12,"gold_loss":0},{"damage_healed":0,"gold_gain":0,"player_choice":"Fight","damage_taken":0,"max_hp_gain":0,"max_hp_loss":0,"event_name":"Colosseum","floor":19,"gold_loss":0},{"damage_healed":0,"gold_gain":0,"player_choice":"Fought Nobs","damage_taken":0,"max_hp_gain":0,"max_hp_loss":0,"event_name":"Colosseum","floor":19,"gold_loss":0},{"damage_healed":0,"gold_gain":0,"player_choice":"Ignored","damage_taken":0,"max_hp_gain":0,"max_hp_loss":0,"event_name":"Ghosts","floor":20,"gold_loss":0},{"damage_healed":0,"gold_gain":0,"player_choice":"Bought 1 Potion","damage_taken":0,"max_hp_gain":0,"max_hp_loss":0,"event_name":"The Woman in Blue","floor":21,"gold_loss":0},{"cards_removed":["Clumsy"],"damage_healed":0,"gold_gain":0,"player_choice":"Removed Curses","damage_taken":0,"max_hp_gain":0,"max_hp_loss":0,"event_name":"Fountain of Cleansing","floor":38,"gold_loss":0},{"damage_healed":0,"gold_gain":0,"player_choice":"Fight","damage_taken":0,"max_hp_gain":0,"max_hp_loss":0,"event_name":"Mysterious Sphere","floor":47,"gold_loss":0}],"is_beta":false,"boss_relics":[{"not_picked":["Astrolabe","Velvet Choker"],"picked":"Busted Crown"},{"not_picked":["Black Star","Coffee Dripper"],"picked":"Cursed Key"}],"items_purged_floors":[4,8,14],"is_endless":false,"potions_floor_spawned":[1,5,7,19,22,29,30,35,45,46,47,48],"ascension_level":0}