{"gold_per_floor":[114,114,131,142,159,159,194,194,220,235,247,247,260,260,260,355,355,368,4,4,19,19,19,118,118],"floor_reached":25,"playtime":1130,"items_purged":[],"score":254,"play_id":"f2689bd8-02f9-48af-a569-9b41580c8ed2","local_time":"20181208034919","is_ascension_mode":true,"campfire_choices":[{"data":"Zap","floor":6,"key":"SMITH"},{"data":"Self Repair","floor":8,"key":"SMITH"},{"data":"Doom and Gloom","floor":12,"key":"SMITH"},{"data":"Consume","floor":15,"key":"SMITH"},{"data":"Redo","floor":23,"key":"SMITH"}],"neow_cost":"NONE","seed_source_timestamp":1988234286446548,"circlet_count":0,"master_deck":["Strike_B","Strike_B+1","Strike_B","Strike_B","Defend_B+1","Defend_B","Defend_B","Defend_B+1","Zap+1","Dualcast+1","Cold Snap+1","Self Repair+1","Sunder","Self Repair","White Noise","Doom and Gloom+1","Consume+1","Seek","Redo+1","Core Surge"],"relics":["Cracked Core","War Paint","Whetstone","Happy Flower","Inserter","FossilizedHelix","Vajra"],"potions_floor_usage":[16],"damage_taken":[{"damage":6,"enemies":"2 Louse","floor":1,"turns":3},{"damage":3,"enemies":"Cultist","floor":3,"turns":4},{"damage":7,"enemies":"Jaw Worm","floor":4,"turns":3},{"damage":2,"enemies":"Exordium Wildlife","floor":5,"turns":3},{"damage":16,"enemies":"Lagavulin","floor":7,"turns":8},{"damage":16,"enemies":"Exordium Thugs","floor":10,"turns":5},{"damage":6,"enemies":"2 Fungi Beasts","floor":11,"turns":3},{"damage":6,"enemies":"Large Slime","floor":13,"turns":3},{"damage":41,"enemies":"The Guardian","floor":16,"turns":8},{"damage":36,"enemies":"Spheric Guardian","floor":18,"turns":5},{"damage":28,"enemies":"Shell Parasite","floor":21,"turns":6}],"seed_played":"477409777565011668","potions_obtained":[{"floor":7,"key":"AttackPotion"},{"floor":10,"key":"FocusPotion"},{"floor":13,"key":"Regen Potion"},{"floor":18,"key":"FearPotion"}],"is_trial":false,"path_per_floor":["M","?","M","M","M","R","E","R","T","M","M","R","M","?","R","B",null,"M","$","?","M","$","R","?","?"],"character_chosen":"DEFECT","items_purchased":["Core Surge","FossilizedHelix"],"campfire_rested":0,"item_purchase_floors":[19,19],"current_hp_per_floor":[69,69,66,66,71,71,69,69,69,70,75,75,69,74,74,50,73,54,54,54,43,43,43,43,43],"gold":118,"neow_bonus":"RANDOM_COMMON_RELIC","is_prod":false,"is_daily":false,"chose_seed":false,"campfire_upgraded":5,"win_rate":0,"timestamp":1544208559,"path_taken":["M","?","M","M","M","R","E","R","T","?","M","R","?","?","R","BOSS","M","$","?","M","?","R","?","?"],"build_version":"2018-12-06","purchased_purges":0,"victory":false,"max_hp_per_floor":[75,75,75,75,75,75,75,75,75,75,75,75,75,80,80,80,80,80,80,80,80,80,80,80,80],"card_choices":[{"not_picked":["Steam","Lockon"],"picked":"Cold Snap","floor":1},{"not_picked":["Sweeping Beam","Fusion"],"picked":"Self Repair","floor":3},{"not_picked":["Steam","Compile Driver"],"picked":"Sunder","floor":4},{"not_picked":["Fusion","Coolheaded"],"picked":"Self Repair","floor":5},{"not_picked":["Gash","Force Field","Hologram"],"picked":"SKIP","floor":7},{"not_picked":["Cold Snap","Gash"],"picked":"White Noise","floor":10},{"not_picked":["Compile Driver","Cold Snap"],"picked":"Doom and Gloom","floor":11},{"not_picked":["Streamline","Reprogram"],"picked":"Consume","floor":13},{"not_picked":["Reboot","Meteor Strike"],"picked":"Seek","floor":16},{"not_picked":["Leap","Hello World"],"picked":"Redo","floor":18},{"not_picked":["Steam","Turbo","Cold Snap"],"picked":"SKIP","floor":21}],"player_experience":507553,"relics_obtained":[{"floor":7,"key":"Whetstone"},{"floor":9,"key":"Happy Flower"}],"event_choices":[{"damage_healed":0,"gold_gain":0,"player_choice":"Forge","damage_taken":0,"max_hp_gain":0,"max_hp_loss":0,"event_name":"Accursed Blacksmith","floor":2,"gold_loss":0,"cards_upgraded":["Dualcast"]},{"damage_healed":0,"gold_gain":0,"player_choice":"Donut","damage_taken":0,"max_hp_gain":5,"max_hp_loss":0,"event_name":"Big Fish","floor":14,"gold_loss":0},{"damage_healed":0,"gold_gain":0,"player_choice":"Gave Potion","damage_taken":0,"relics_obtained":["Vajra"],"max_hp_gain":0,"max_hp_loss":0,"event_name":"WeMeetAgain","floor":20,"gold_loss":0},{"damage_healed":0,"gold_gain":99,"player_choice":"Stole From Cult","damage_taken":0,"max_hp_gain":0,"max_hp_loss":0,"event_name":"Nest","floor":24,"gold_loss":0}],"is_beta":false,"boss_relics":[{"not_picked":["Velvet Choker","Cursed Key"],"picked":"Inserter"}],"items_purged_floors":[],"is_endless":false,"potions_floor_spawned":[7,10,13,18],"ascension_level":5}