{"gold_per_floor":[362,282,299,326,1,1,14,14,38,54,54,54,54,87,87,178,178,191,191,6,6,27,27,71,71,71,94,94,135,17,37,37,136,136,154,51,66,91,51,51,35,35,114,114,41,41,61,82,82,82,82,82,5,36,36],"floor_reached":55,"playtime":2286,"items_purged":["Writhe"],"score":1248,"play_id":"7d7ce43b-bc77-4d23-92a1-40fbaf11fde1","local_time":"20190517115831","is_ascension_mode":true,"campfire_choices":[{"floor":6,"key":"REST"},{"data":"Noxious Fumes","floor":8,"key":"SMITH"},{"data":"Well Laid Plans","floor":12,"key":"SMITH"},{"data":"Footwork","floor":15,"key":"SMITH"},{"floor":23,"key":"DIG"},{"floor":25,"key":"REST"},{"floor":28,"key":"DIG"},{"floor":32,"key":"REST"},{"floor":40,"key":"REST"},{"floor":42,"key":"REST"},{"floor":44,"key":"DIG"},{"floor":46,"key":"RECALL"},{"floor":49,"key":"DIG"},{"floor":52,"key":"DIG"}],"neow_cost":"PERCENT_DAMAGE","seed_source_timestamp":2737389712046496,"circlet_count":0,"master_deck":["AscendersBane","Defend_G","Defend_G","Defend_G","Defend_G","Defend_G","Strike_G","Strike_G","Strike_G+1","Strike_G","Strike_G","Survivor","Neutralize+1","Footwork+1","Noxious Fumes+1","PiercingWail","Footwork","Well Laid Plans+1","Injury","Corpse Explosion+1","Bane","Noxious Fumes","PiercingWail+1","PiercingWail","Dodge and Roll","Leg Sweep","Footwork","Caltrops","Well Laid Plans","Well Laid Plans","Dodge and Roll+1","Catalyst"],"relics":["Ring of the Snake","Potion Belt","Membership Card","Singing Bowl","Strawberry","Golden Idol","Bottled Tornado","Orrery","Lantern","Shovel","War Paint","Dodecahedron","The Courier","Regal Pillow","Paper Crane","Mango","Philosopher\u0027s Stone","Snake Skull","Ancient Tea Set","Whetstone","Pocketwatch","Ornamental Fan","Anchor","Mummified Hand"],"potions_floor_usage":[14,24,38,38,38,50,50,50,50,54],"damage_taken":[{"damage":0,"enemies":"Cultist","floor":1,"turns":4},{"damage":4,"enemies":"2 Louse","floor":3,"turns":5},{"damage":4,"enemies":"Small Slimes","floor":7,"turns":5},{"damage":11,"enemies":"3 Louse","floor":10,"turns":5},{"damage":3,"enemies":"3 Sentries","floor":14,"turns":7},{"damage":0,"enemies":"The Guardian","floor":16,"turns":13},{"damage":13,"enemies":"Shell Parasite","floor":18,"turns":8},{"damage":2,"enemies":"Spheric Guardian","floor":22,"turns":7},{"damage":25,"enemies":"Slavers","floor":24,"turns":4},{"damage":0,"enemies":"Snake Plant","floor":27,"turns":6},{"damage":44,"enemies":"Gremlin Leader","floor":29,"turns":9},{"damage":7,"enemies":"Centurion and Healer","floor":31,"turns":7},{"damage":16,"enemies":"Champ","floor":33,"turns":16},{"damage":11,"enemies":"3 Darklings","floor":35,"turns":6},{"damage":20,"enemies":"Orb Walker","floor":37,"turns":7},{"damage":49,"enemies":"Transient","floor":38,"turns":5},{"damage":13,"enemies":"Writhing Mass","floor":47,"turns":7},{"damage":1,"enemies":"Maw","floor":48,"turns":10},{"damage":57,"enemies":"Donu and Deca","floor":50,"turns":12},{"damage":77,"enemies":"Shield and Spear","floor":54,"turns":8},{"damage":41,"enemies":"The Heart","floor":55,"turns":2}],"seed_played":"1582022230033720236","potions_obtained":[{"floor":1,"key":"SpeedPotion"},{"floor":7,"key":"EssenceOfSteel"},{"floor":18,"key":"SkillPotion"},{"floor":24,"key":"SpeedPotion"},{"floor":37,"key":"Fire Potion"},{"floor":39,"key":"PowerPotion"},{"floor":39,"key":"Dexterity Potion"},{"floor":39,"key":"Swift Potion"},{"floor":48,"key":"Block Potion"}],"is_trial":false,"path_per_floor":["M","$","M","T","$","R","M","R","T","M","?","R","?","E","R","B",null,"M","?","$","?","M","R","E","R","T","M","R","E","$","M","R","B",null,"M","$","M","M","?","R","$","R","T","R","$","R","M","M","R","B",null,"R","$","E","B"],"character_chosen":"THE_SILENT","items_purchased":["Noxious Fumes","Membership Card","Singing Bowl","Shovel","Mango","Snake Skull","Footwork","Caltrops","Well Laid Plans","Whetstone","Well Laid Plans","Anchor","PowerPotion"],"campfire_rested":5,"item_purchase_floors":[2,5,5,20,30,36,36,36,41,45,45,53,53],"current_hp_per_floor":[45,45,41,41,41,62,58,58,65,54,59,59,59,56,56,56,80,69,69,69,69,69,69,44,71,71,73,73,29,43,36,82,68,98,89,89,71,24,24,73,73,114,114,114,114,114,101,102,102,45,98,98,98,21,0],"gold":36,"neow_bonus":"TWO_FIFTY_GOLD","is_prod":false,"is_daily":false,"chose_seed":false,"campfire_upgraded":3,"win_rate":0,"timestamp":1558051111,"path_taken":["M","$","M","?","?","R","M","R","T","M","?","R","?","E","R","BOSS","M","?","$","?","M","R","E","R","T","M","R","E","?","?","R","BOSS","M","$","M","M","?","R","$","R","T","R","$","R","M","?","R","BOSS","R","$","E","BOSS"],"build_version":"2019-01-23","purchased_purges":1,"victory":false,"max_hp_per_floor":[70,70,70,70,70,70,70,70,77,77,82,82,82,82,82,82,86,88,88,88,88,90,90,90,90,90,92,92,92,106,106,106,108,108,110,110,112,114,114,114,114,114,114,114,114,114,114,116,116,116,116,116,116,116,116],"card_choices":[{"not_picked":["Blur","Prepared"],"picked":"Footwork","floor":1},{"not_picked":["Flying Knee","Cloak And Dagger"],"picked":"PiercingWail","floor":3},{"not_picked":["Riddle With Holes","Tools of the Trade"],"picked":"Footwork","floor":7},{"not_picked":["Tactician","Bane"],"picked":"Well Laid Plans","floor":10},{"not_picked":["Underhanded Strike","Riddle With Holes","Dodge and Roll"],"picked":"SKIP","floor":14},{"not_picked":["Wraith Form v2","Night Terror"],"picked":"Corpse Explosion","floor":16},{"not_picked":["Prepared","Acrobatics","Deflect"],"picked":"Singing Bowl","floor":17},{"not_picked":["Infinite Blades","Skewer"],"picked":"Bane","floor":17},{"not_picked":["PiercingWail","Dagger Throw"],"picked":"Noxious Fumes","floor":17},{"not_picked":["Cloak And Dagger","Quick Slash"],"picked":"PiercingWail","floor":17},{"not_picked":["Die Die Die","Flechettes","Tactician"],"picked":"Singing Bowl","floor":17},{"not_picked":["Predator+1","Riddle With Holes","Prepared+1"],"picked":"Singing Bowl","floor":18},{"not_picked":["Cloak And Dagger","All Out Attack","Acrobatics"],"picked":"Singing Bowl","floor":22},{"not_picked":["A Thousand Cuts","Backstab"],"picked":"PiercingWail","floor":24},{"not_picked":["Riddle With Holes","Accuracy","Infinite Blades"],"picked":"Singing Bowl","floor":27},{"not_picked":["Outmaneuver","Masterful Stab"],"picked":"Dodge and Roll","floor":29},{"not_picked":["Sucker Punch","Masterful Stab"],"picked":"Leg Sweep","floor":31},{"not_picked":["Wraith Form v2","Unload","Storm of Steel"],"picked":"Singing Bowl","floor":33},{"not_picked":["Flying Knee","Skewer+1","Backstab+1"],"picked":"Singing Bowl","floor":35},{"not_picked":["Expertise+1","Deadly Poison","Dagger Throw+1"],"picked":"Singing Bowl","floor":37},{"not_picked":["Dagger Spray","Caltrops","Acrobatics+1"],"picked":"Singing Bowl","floor":38},{"not_picked":["Slice","Cloak And Dagger"],"picked":"Dodge and Roll+1","floor":47},{"not_picked":["Bouncing Flask+1","Corpse Explosion","Dash"],"picked":"Singing Bowl","floor":48},{"not_picked":["All Out Attack+1","Escape Plan"],"picked":"Catalyst","floor":54}],"player_experience":278254,"relics_obtained":[{"floor":4,"key":"Potion Belt"},{"floor":9,"key":"Strawberry"},{"floor":14,"key":"Bottled Tornado"},{"floor":23,"key":"War Paint"},{"floor":24,"key":"Dodecahedron"},{"floor":26,"key":"The Courier"},{"floor":28,"key":"Regal Pillow"},{"floor":29,"key":"Paper Crane"},{"floor":44,"key":"Ancient Tea Set"},{"floor":49,"key":"Pocketwatch"},{"floor":52,"key":"Ornamental Fan"},{"floor":54,"key":"Mummified Hand"}],"event_choices":[{"damage_healed":0,"gold_gain":0,"player_choice":"Donut","damage_taken":0,"max_hp_gain":5,"max_hp_loss":0,"event_name":"Big Fish","floor":11,"gold_loss":0},{"damage_healed":0,"gold_gain":0,"player_choice":"Take Wound","damage_taken":0,"relics_obtained":["Golden Idol"],"max_hp_gain":0,"max_hp_loss":0,"event_name":"Golden Idol","floor":13,"gold_loss":0,"cards_obtained":["Injury"]},{"damage_healed":0,"gold_gain":0,"player_choice":"Opened","damage_taken":0,"relics_obtained":["Lantern"],"max_hp_gain":0,"max_hp_loss":0,"event_name":"The Mausoleum","floor":19,"gold_loss":0,"cards_obtained":["Writhe"]},{"damage_healed":0,"gold_gain":0,"player_choice":"Ignored","damage_taken":0,"max_hp_gain":0,"max_hp_loss":0,"event_name":"Ghosts","floor":21,"gold_loss":0},{"damage_healed":0,"gold_gain":0,"player_choice":"Bought 3 Potions","damage_taken":0,"max_hp_gain":0,"max_hp_loss":0,"event_name":"The Woman in Blue","floor":39,"gold_loss":0}],"is_beta":false,"boss_relics":[{"not_picked":["Black Star","Calling Bell"],"picked":"Orrery"},{"not_picked":["WristBlade","Runic Dome"],"picked":"Philosopher\u0027s Stone"}],"items_purged_floors":[20],"is_endless":false,"potions_floor_spawned":[1,7,18,24,37,48],"killed_by":"The Heart","ascension_level":13}