{"gold_per_floor":[109,109,139,40,51,51,70,70,70,70,83,83,102,120,120,245,245,263,163,88,88,113,113,126,126,126,1,1],"floor_reached":28,"playtime":1040,"items_purged":["Strike_R","Strike_R","Writhe"],"score":260,"play_id":"5d79731d-d8a4-41a5-bbc4-46b1b8cda15e","local_time":"20181031040126","is_ascension_mode":true,"campfire_choices":[{"data":"Armaments","floor":6,"key":"SMITH"},{"data":"Rampage","floor":8,"key":"SMITH"},{"data":"Searing Blow+1","floor":10,"key":"SMITH"},{"data":"Demon Form","floor":15,"key":"SMITH"},{"data":"Searing Blow+2","floor":23,"key":"SMITH"}],"neow_cost":"NONE","seed_source_timestamp":367495498345297,"circlet_count":0,"master_deck":["Strike_R","Strike_R","Strike_R","Defend_R","Defend_R","Defend_R","Bash+1","Searing Blow+3","Armaments+1","Rampage+1","Shrug It Off","Demon Form+1","Immolate","True Grit","Rupture+1"],"relics":["Burning Blood","Tiny Chest","Kunai","Golden Idol","Runic Pyramid","MutagenicStrength","Oddly Smooth Stone","Bottled Flame"],"potions_floor_usage":[18,28],"damage_taken":[{"damage":2,"enemies":"Jaw Worm","floor":1,"turns":3},{"damage":7,"enemies":"2 Louse","floor":5,"turns":3},{"damage":1,"enemies":"Cultist","floor":7,"turns":3},{"damage":9,"enemies":"3 Louse","floor":11,"turns":4},{"damage":10,"enemies":"2 Fungi Beasts","floor":13,"turns":4},{"damage":11,"enemies":"Blue Slaver","floor":14,"turns":4},{"damage":49,"enemies":"Hexaghost","floor":16,"turns":8},{"damage":17,"enemies":"Shell Parasite","floor":18,"turns":6},{"damage":13,"enemies":"Spheric Guardian","floor":22,"turns":5},{"damage":32,"enemies":"Snecko","floor":24,"turns":9},{"damage":0,"enemies":"Gremlin Leader","floor":28,"turns":2}],"seed_played":"-3067221281506614137","potions_obtained":[{"floor":1,"key":"Block Potion"},{"floor":7,"key":"SteroidPotion"},{"floor":13,"key":"Fire Potion"},{"floor":18,"key":"Strength Potion"}],"is_trial":false,"path_per_floor":["M","?","?","$","M","R","M","R","T","R","M","?","M","M","R","B",null,"M","$","?","?","M","R","M","?","T","$"],"character_chosen":"IRONCLAD","items_purchased":["Armaments"],"campfire_rested":0,"item_purchase_floors":[4],"current_hp_per_floor":[80,80,80,80,79,79,80,80,80,80,77,74,70,65,65,22,61,50,50,50,50,43,43,17,17,17,17,17],"gold":1,"neow_bonus":"UPGRADE_CARD","is_prod":false,"is_daily":false,"chose_seed":false,"campfire_upgraded":5,"win_rate":0,"timestamp":1540926086,"path_taken":["M","?","?","$","M","R","M","R","T","R","M","?","?","M","R","BOSS","M","$","?","?","M","R","M","?","T","$","E"],"build_version":"2018-10-25v2","purchased_purges":3,"victory":false,"max_hp_per_floor":[80,80,80,80,80,80,80,80,80,80,80,74,74,74,74,74,74,74,74,74,74,74,74,74,74,74,74,74],"card_choices":[{"not_picked":["Flame Barrier","True Grit"],"picked":"Searing Blow","floor":1},{"not_picked":["Iron Wave","Second Wind","Heavy Blade"],"picked":"SKIP","floor":5},{"not_picked":["Pommel Strike","Iron Wave"],"picked":"Rampage","floor":7},{"not_picked":["Rampage","Perfected Strike"],"picked":"Shrug It Off","floor":11},{"not_picked":["Perfected Strike","Seeing Red"],"picked":"Demon Form","floor":13},{"not_picked":["Warcry","Sever Soul","Headbutt"],"picked":"SKIP","floor":14},{"not_picked":["Brutality","Bludgeon"],"picked":"Immolate","floor":16},{"not_picked":["Headbutt","Shrug It Off"],"picked":"True Grit","floor":18},{"not_picked":["Clothesline","Shrug It Off"],"picked":"Rupture+1","floor":22},{"not_picked":["Warcry","Shrug It Off","Infernal Blade+1"],"picked":"SKIP","floor":24}],"player_experience":416203,"relics_obtained":[{"floor":9,"key":"Kunai"},{"floor":26,"key":"Bottled Flame"}],"event_choices":[{"damage_healed":0,"gold_gain":0,"player_choice":"Grow","damage_taken":0,"max_hp_gain":0,"max_hp_loss":0,"event_name":"Living Wall","floor":2,"gold_loss":0,"cards_upgraded":["Searing Blow"]},{"damage_healed":0,"gold_gain":0,"player_choice":"Gave Potion","damage_taken":0,"relics_obtained":["Tiny Chest"],"max_hp_gain":0,"max_hp_loss":0,"event_name":"WeMeetAgain","floor":3,"gold_loss":0},{"damage_healed":0,"gold_gain":0,"player_choice":"Lose Max HP","damage_taken":0,"relics_obtained":["Golden Idol"],"max_hp_gain":0,"max_hp_loss":6,"event_name":"Golden Idol","floor":12,"gold_loss":0},{"cards_removed":["Defend_R"],"damage_healed":0,"gold_gain":0,"player_choice":"Gave Gold","damage_taken":0,"max_hp_gain":0,"max_hp_loss":0,"event_name":"Beggar","floor":20,"gold_loss":75},{"damage_healed":0,"gold_gain":0,"player_choice":"Inject Mutagens","damage_taken":0,"relics_obtained":["MutagenicStrength"],"max_hp_gain":0,"max_hp_loss":0,"event_name":"Drug Dealer","floor":21,"gold_loss":0},{"damage_healed":0,"gold_gain":0,"player_choice":"Opened","damage_taken":0,"relics_obtained":["Oddly Smooth Stone"],"max_hp_gain":0,"max_hp_loss":0,"event_name":"The Mausoleum","floor":25,"gold_loss":0,"cards_obtained":["Writhe"]}],"is_beta":false,"boss_relics":[{"not_picked":["Busted Crown","Lizard Tail"],"picked":"Runic Pyramid"}],"items_purged_floors":[4,19,27],"is_endless":false,"potions_floor_spawned":[1,7,13,18],"killed_by":"Gremlin Leader","ascension_level":5}