{"gold_per_floor":[359,376,396,407,238,271,271,285,285,285,285,297,297,267,267,372,372,372,372,372,124,124,124,124,124,124,124,124,124,124,124],"floor_reached":31,"playtime":1366,"items_purged":["Strike_G"],"score":383,"play_id":"8a094ed0-ea10-41f4-a5ce-c4f49b15f391","local_time":"20190504221851","is_ascension_mode":true,"campfire_choices":[{"floor":7,"key":"REST"},{"floor":10,"key":"REST"},{"floor":13,"key":"REST"},{"data":"Bouncing Flask","floor":15,"key":"SMITH"},{"floor":23,"key":"REST"}],"neow_cost":"CURSE","seed_source_timestamp":1652315439112041,"circlet_count":0,"master_deck":["Defend_G","Defend_G","Defend_G","Defend_G+1","Defend_G","Strike_G","Strike_G","Strike_G","Strike_G","Survivor+1","Neutralize","Clumsy","PiercingWail","Dodge and Roll","Footwork","Deadly Poison","Caltrops","Deflect","Bane","Bouncing Flask+1","Corpse Explosion","Distraction","RitualDagger","Dagger Spray","Footwork","Catalyst","Noxious Fumes","Caltrops+1","Heel Hook+1","Backflip","Dodge and Roll+1","Die Die Die"],"relics":["Ring of the Snake","Ninja Scroll","Ectoplasm","Anchor","Unceasing Top","Bottled Lightning","Pocketwatch","Question Card","Oddly Smooth Stone"],"potions_floor_usage":[6,22,27,27,29],"damage_taken":[{"damage":8,"enemies":"Small Slimes","floor":1,"turns":5},{"damage":0,"enemies":"2 Louse","floor":2,"turns":3},{"damage":0,"enemies":"Jaw Worm","floor":3,"turns":6},{"damage":19,"enemies":"Exordium Thugs","floor":4,"turns":7},{"damage":32,"enemies":"Lagavulin","floor":6,"turns":11},{"damage":4,"enemies":"Exordium Wildlife","floor":8,"turns":8},{"damage":4,"enemies":"2 Fungi Beasts","floor":12,"turns":4},{"damage":0,"enemies":"Looter","floor":14,"turns":4},{"damage":11,"enemies":"The Guardian","floor":16,"turns":10},{"damage":11,"enemies":"Chosen","floor":18,"turns":5},{"damage":0,"enemies":"3 Byrds","floor":20,"turns":4},{"damage":4,"enemies":"Colosseum Slavers","floor":22,"turns":7},{"damage":7,"enemies":"Colosseum Nobs","floor":22,"turns":6},{"damage":14,"enemies":"Centurion and Healer","floor":24,"turns":7},{"damage":30,"enemies":"Gremlin Leader","floor":25,"turns":5},{"damage":0,"enemies":"Snecko","floor":27,"turns":5},{"damage":4,"enemies":"Cultist and Chosen","floor":28,"turns":7},{"damage":2,"enemies":"Centurion and Healer","floor":29,"turns":6},{"damage":6,"enemies":"Shelled Parasite and Fungi","floor":31,"turns":2}],"seed_played":"3064553247185389572","potions_obtained":[{"floor":1,"key":"Strength Potion"},{"floor":8,"key":"Energy Potion"},{"floor":12,"key":"Weak Potion"},{"floor":16,"key":"Energy Potion"},{"floor":20,"key":"GhostInAJar"},{"floor":22,"key":"SkillPotion"},{"floor":29,"key":"Fire Potion"}],"is_trial":false,"path_per_floor":["M","M","M","M","$","E","R","M","T","R","?","M","R","M","R","B",null,"M","?","M","$","?","R","M","E","T","M","M","M","T","M"],"character_chosen":"THE_SILENT","items_purchased":["Deadly Poison","Caltrops","Footwork","Catalyst","Anchor"],"campfire_rested":4,"item_purchase_floors":[5,5,21,21,21],"current_hp_per_floor":[55,55,55,36,36,4,25,21,21,42,28,24,45,45,45,34,61,50,44,44,44,33,54,40,10,10,10,6,4,4,0],"gold":124,"neow_bonus":"TWO_FIFTY_GOLD","is_prod":false,"is_daily":false,"chose_seed":false,"campfire_upgraded":1,"win_rate":0,"timestamp":1556965131,"path_taken":["M","M","M","M","$","E","R","M","T","R","?","M","R","M","R","BOSS","M","?","M","$","?","R","M","E","T","M","?","M","?","M"],"build_version":"2019-01-23","purchased_purges":1,"victory":false,"max_hp_per_floor":[70,70,70,70,70,70,70,70,70,70,70,70,70,70,70,70,70,70,70,70,70,70,70,70,70,70,70,70,70,70,70],"card_choices":[{"not_picked":["Prepared","Sucker Punch"],"picked":"PiercingWail","floor":1},{"not_picked":["Distraction","Deflect"],"picked":"Dodge and Roll","floor":2},{"not_picked":["Prepared","Underhanded Strike","Endless Agony"],"picked":"SKIP","floor":3},{"not_picked":["Underhanded Strike","Acrobatics"],"picked":"Footwork","floor":4},{"not_picked":["Masterful Stab","Skewer"],"picked":"Deflect","floor":6},{"not_picked":["Slice","Catalyst"],"picked":"Bane","floor":8},{"not_picked":["Distraction","Tactician"],"picked":"Bouncing Flask","floor":12},{"not_picked":["Infinite Blades","Prepared","Dagger Throw"],"picked":"SKIP","floor":14},{"not_picked":["Tools of the Trade","Burst"],"picked":"Corpse Explosion","floor":16},{"not_picked":["Flying Knee","Crippling Poison+1"],"picked":"Distraction","floor":18},{"not_picked":["Infinite Blades+1","Sucker Punch"],"picked":"Dagger Spray","floor":20},{"not_picked":["Finisher+1","Slice"],"picked":"Noxious Fumes","floor":22},{"not_picked":["Poisoned Stab","Bane"],"picked":"Caltrops+1","floor":24},{"not_picked":["Unload","Dagger Throw"],"picked":"Heel Hook+1","floor":25},{"not_picked":["Finisher","Flying Knee","Infinite Blades"],"picked":"Backflip","floor":27},{"not_picked":["Underhanded Strike","Acrobatics","Blade Dance"],"picked":"Dodge and Roll+1","floor":28},{"not_picked":["Dagger Throw","Eviscerate","Quick Slash+1"],"picked":"Die Die Die","floor":29}],"player_experience":181422,"relics_obtained":[{"floor":6,"key":"Ninja Scroll"},{"floor":22,"key":"Unceasing Top"},{"floor":22,"key":"Bottled Lightning"},{"floor":25,"key":"Pocketwatch"},{"floor":26,"key":"Question Card"},{"floor":30,"key":"Oddly Smooth Stone"}],"event_choices":[{"damage_healed":0,"gold_gain":0,"player_choice":"Entered Light","damage_taken":14,"max_hp_gain":0,"max_hp_loss":0,"event_name":"Shining Light","floor":11,"gold_loss":0,"cards_upgraded":["Defend_G","Survivor"]},{"damage_healed":0,"gold_gain":0,"player_choice":"Joined the Cult","damage_taken":6,"max_hp_gain":0,"max_hp_loss":0,"event_name":"Nest","floor":19,"gold_loss":0,"cards_obtained":["RitualDagger"]},{"damage_healed":0,"gold_gain":0,"player_choice":"Fight","damage_taken":0,"max_hp_gain":0,"max_hp_loss":0,"event_name":"Colosseum","floor":22,"gold_loss":0},{"damage_healed":0,"gold_gain":0,"player_choice":"Fought Nobs","damage_taken":0,"max_hp_gain":0,"max_hp_loss":0,"event_name":"Colosseum","floor":22,"gold_loss":0}],"is_beta":false,"boss_relics":[{"not_picked":["HoveringKite","Snecko Eye"],"picked":"Ectoplasm"}],"items_purged_floors":[5],"is_endless":false,"potions_floor_spawned":[1,8,12,16,18,20,22,22,29],"killed_by":"Shelled Parasite and Fungi","ascension_level":7}