{"gold_per_floor":[117,70,87,87,101,101,135,135,161,161,181,181,191,42,42,147,147,159,179,83,94,109,109,109,109,109,34,34,47,47],"floor_reached":30,"playtime":1806,"items_purged":["Defend_G"],"score":230,"play_id":"b99a32ed-babf-4adc-87c1-ea85fd3e715c","local_time":"20180707024823","is_ascension_mode":false,"campfire_choices":[{"data":"Flying Knee","floor":6,"key":"SMITH"},{"data":"Endless Agony","floor":8,"key":"SMITH"},{"data":"Survivor","floor":10,"key":"SMITH"},{"data":"Dagger Spray","floor":12,"key":"SMITH"},{"data":"Caltrops","floor":15,"key":"SMITH"},{"floor":23,"key":"REST"},{"data":"Storm of Steel","floor":25,"key":"SMITH"}],"neow_cost":"NONE","seed_source_timestamp":18732436493665,"circlet_count":0,"master_deck":["Defend_G","Defend_G","Defend_G","Defend_G","Strike_G","Strike_G","Strike_G","Strike_G","Survivor+1","Neutralize","Endless Agony+1","Backflip+1","Flying Knee+1","Dagger Spray+1","Caltrops+1","Die Die Die","Infinite Blades","PiercingWail","Dodge and Roll","Storm of Steel+1","Footwork","RitualDagger","Flying Knee+1"],"relics":["Ring of the Snake","Vajra","Art of War","Eternal Feather","Bottled Tornado"],"potions_floor_usage":[16,16,29,30],"damage_taken":[{"damage":0,"enemies":"Small Slimes","floor":1,"turns":3},{"damage":0,"enemies":"Cultist","floor":3,"turns":4},{"damage":0,"enemies":"2 Louse","floor":5,"turns":3},{"damage":23,"enemies":"Gremlin Nob","floor":7,"turns":5},{"damage":0,"enemies":"Blue Slaver","floor":11,"turns":3},{"damage":0,"enemies":"3 Louse","floor":13,"turns":1},{"damage":35,"enemies":"The Guardian","floor":16,"turns":10},{"damage":2,"enemies":"Shell Parasite","floor":18,"turns":6},{"damage":5,"enemies":"Chosen","floor":19,"turns":5},{"damage":15,"enemies":"3 Cultists","floor":21,"turns":5},{"damage":36,"enemies":"Slaver and Parasite","floor":22,"turns":5},{"damage":13,"enemies":"Centurion and Healer","floor":29,"turns":8},{"damage":31,"enemies":"Sentry and Sphere","floor":30,"turns":7}],"seed_played":"486269364881681499","potions_obtained":[{"floor":3,"key":"SmokeBomb"},{"floor":5,"key":"Explosive Potion"},{"floor":11,"key":"Swift Potion"},{"floor":16,"key":"Swift Potion"},{"floor":21,"key":"Swift Potion"}],"is_trial":false,"path_per_floor":["M","$","M","?","M","R","E","R","T","R","M","R","M","$","R","B",null,"M","M","$","M","M","R","?","R","T","?","$","M"],"character_chosen":"THE_SILENT","items_purchased":["Backflip","Caltrops","PiercingWail","Dodge and Roll"],"campfire_rested":1,"item_purchase_floors":[2,14,20,20],"current_hp_per_floor":[70,70,70,70,70,70,47,47,47,47,47,47,47,47,47,12,70,68,63,63,48,12,41,35,43,43,43,43,30,0],"gold":47,"neow_bonus":"THREE_CARDS","is_prod":false,"is_daily":false,"chose_seed":false,"campfire_upgraded":6,"win_rate":0.0,"timestamp":1530899303,"path_taken":["M","$","M","?","M","R","E","R","T","R","M","R","M","?","R","BOSS","M","M","$","M","M","R","?","R","T","?","$","M","?"],"build_version":"2018-07-05","purchased_purges":1,"victory":false,"max_hp_per_floor":[70,70,70,70,70,70,70,70,70,70,70,70,70,70,70,70,70,70,70,70,70,70,70,70,70,70,70,70,70,70],"card_choices":[{"not_picked":["Acrobatics","Dagger Throw"],"picked":"Endless Agony","floor":0},{"not_picked":["Outmaneuver","Flechettes","Poisoned Stab"],"picked":"SKIP","floor":1},{"not_picked":["Eviscerate","Quick Slash","Finisher"],"picked":"SKIP","floor":3},{"not_picked":["Leg Sweep","Reflex"],"picked":"Flying Knee","floor":5},{"not_picked":["Tools of the Trade","Expertise","Poisoned Stab"],"picked":"SKIP","floor":7},{"not_picked":["Caltrops","Finisher"],"picked":"Dagger Spray","floor":11},{"not_picked":["Bane","Slice","Finisher"],"picked":"SKIP","floor":13},{"not_picked":["Unload","Envenom"],"picked":"Die Die Die","floor":16},{"not_picked":["Blur","Caltrops"],"picked":"Infinite Blades","floor":18},{"not_picked":["Outmaneuver","Predator","Blur"],"picked":"SKIP","floor":19},{"not_picked":["Dagger Spray","Dagger Throw"],"picked":"Storm of Steel","floor":21},{"not_picked":["Prepared+1","Outmaneuver"],"picked":"Footwork","floor":22},{"not_picked":["Choke","Dagger Spray+1"],"picked":"Flying Knee+1","floor":29}],"player_experience":42410,"relics_obtained":[{"floor":7,"key":"Vajra"},{"floor":9,"key":"Art of War"},{"floor":26,"key":"Bottled Tornado"}],"event_choices":[{"event_name":"Upgrade Shrine","player_choice":"Upgraded","floor":4,"damage_taken":0},{"event_name":"Nest","player_choice":"Joined the Cult","floor":24,"damage_taken":0},{"event_name":"Beggar","player_choice":"Gave Gold","floor":27,"damage_taken":0}],"boss_relics":[{"not_picked":["Orrery","Fusion Hammer"],"picked":"Eternal Feather"}],"items_purged_floors":[14],"is_endless":false,"potions_floor_spawned":[3,5,11,16,21],"killed_by":"Sentry and Sphere","ascension_level":0}