{"gold_per_floor":[119,44,119,134,134,134,175,175,175,214,239,263,263,163,163,287,287,302,302,302,322,322,322,247,247,330,350,350,350],"floor_reached":29,"playtime":1528,"items_purged":["Defend_G","Strike_G"],"score":304,"play_id":"84289b73-c1c5-4821-9351-368a2b297129","local_time":"20190517042807","is_ascension_mode":true,"campfire_choices":[{"data":"Survivor","floor":6,"key":"SMITH"},{"data":"Noxious Fumes","floor":8,"key":"SMITH"},{"floor":13,"key":"REST"},{"data":"Bane","floor":15,"key":"SMITH"},{"data":"Envenom","floor":23,"key":"SMITH"},{"data":"Blade Dance","floor":25,"key":"SMITH"},{"floor":28,"key":"REST"}],"neow_cost":"NONE","seed_source_timestamp":1003070692400,"circlet_count":0,"master_deck":["Defend_G","Defend_G","Defend_G","Strike_G","Strike_G","Strike_G+1","Survivor+1","Neutralize+1","Dodge and Roll","Noxious Fumes+1","Burst","Bane+1","Envenom+1","Blade Dance+1","Ghostly","Ghostly","Ghostly","Ghostly","Ghostly","Noxious Fumes+1"],"relics":["Ring of the Snake","NeowsBlessing","Golden Idol","Calipers","Snake Skull","Whetstone","Empty Cage","Pen Nib","Tiny Chest"],"potions_floor_usage":[18,20,27],"damage_taken":[{"damage":0,"enemies":"Cultist","floor":1,"turns":1},{"damage":0,"enemies":"Jaw Worm","floor":4,"turns":1},{"damage":0,"enemies":"Lagavulin","floor":7,"turns":1},{"damage":9,"enemies":"3 Sentries","floor":10,"turns":7},{"damage":0,"enemies":"Small Slimes","floor":11,"turns":4},{"damage":12,"enemies":"2 Fungi Beasts","floor":12,"turns":4},{"damage":15,"enemies":"Hexaghost","floor":16,"turns":10},{"damage":4,"enemies":"Spheric Guardian","floor":18,"turns":4},{"damage":0,"enemies":"Colosseum Slavers","floor":20,"turns":1},{"damage":1,"enemies":"Chosen","floor":21,"turns":7},{"damage":14,"enemies":"Centurion and Healer","floor":27,"turns":6},{"damage":45,"enemies":"Cultist and Chosen","floor":29,"turns":5}],"seed_played":"2108103941551923557","potions_obtained":[{"floor":4,"key":"Energy Potion"},{"floor":10,"key":"Block Potion"},{"floor":11,"key":"SmokeBomb"},{"floor":21,"key":"Ancient Potion"},{"floor":27,"key":"Dexterity Potion"}],"is_trial":false,"path_per_floor":["M","$","?","M","?","R","E","R","T","E","M","M","R","$","R","B",null,"M","?","?","M","?","R","?","R","T","M","R","M"],"character_chosen":"THE_SILENT","items_purchased":[],"campfire_rested":2,"item_purchase_floors":[],"current_hp_per_floor":[70,70,59,59,42,42,42,42,42,33,33,21,42,42,42,27,70,66,35,35,34,34,34,34,34,34,20,30,0],"gold":350,"neow_bonus":"THREE_ENEMY_KILL","is_prod":false,"is_daily":false,"chose_seed":false,"campfire_upgraded":5,"win_rate":0,"timestamp":1558038487,"path_taken":["M","?","?","M","?","R","E","R","T","E","M","M","R","$","R","BOSS","M","?","?","M","?","R","?","R","T","M","R","M"],"build_version":"2019-01-17","purchased_purges":2,"victory":false,"max_hp_per_floor":[70,70,70,70,70,70,70,70,70,70,70,70,70,70,70,70,70,70,35,35,35,35,35,35,35,35,35,35,35],"card_choices":[{"not_picked":["Flying Knee","PiercingWail","Outmaneuver"],"picked":"SKIP","floor":1},{"not_picked":["Flying Knee","Dash"],"picked":"Dodge and Roll","floor":4},{"not_picked":["Prepared","PiercingWail"],"picked":"Noxious Fumes","floor":7},{"not_picked":["Quick Slash","Tactician"],"picked":"Burst","floor":10},{"not_picked":["Poisoned Stab","Sucker Punch","Flying Knee"],"picked":"SKIP","floor":11},{"not_picked":["Flying Knee","Backflip"],"picked":"Bane","floor":12},{"not_picked":["Grand Finale","Die Die Die"],"picked":"Envenom","floor":16},{"not_picked":["Acrobatics","Distraction"],"picked":"Blade Dance","floor":18},{"not_picked":["Riddle With Holes","Dagger Throw"],"picked":"Noxious Fumes+1","floor":21},{"not_picked":["Bane","Quick Slash","Blade Dance"],"picked":"SKIP","floor":27}],"player_experience":140875,"relics_obtained":[{"floor":7,"key":"Calipers"},{"floor":9,"key":"Snake Skull"},{"floor":10,"key":"Whetstone"},{"floor":26,"key":"Tiny Chest"}],"event_choices":[{"damage_healed":0,"gold_gain":75,"player_choice":"Gather Gold","damage_taken":11,"max_hp_gain":0,"max_hp_loss":0,"event_name":"World of Goop","floor":3,"gold_loss":0},{"damage_healed":0,"gold_gain":0,"player_choice":"Take Damage","damage_taken":17,"relics_obtained":["Golden Idol"],"max_hp_gain":0,"max_hp_loss":0,"event_name":"Golden Idol","floor":5,"gold_loss":0},{"damage_healed":0,"gold_gain":0,"player_choice":"Became a Ghost","damage_taken":0,"max_hp_gain":0,"max_hp_loss":35,"event_name":"Ghosts","floor":19,"gold_loss":0,"cards_obtained":["Ghostly","Ghostly","Ghostly","Ghostly","Ghostly"]},{"damage_healed":0,"gold_gain":0,"player_choice":"Fight","damage_taken":0,"max_hp_gain":0,"max_hp_loss":0,"event_name":"Colosseum","floor":20,"gold_loss":0},{"damage_healed":0,"gold_gain":0,"player_choice":"Fled From Nobs","damage_taken":0,"max_hp_gain":0,"max_hp_loss":0,"event_name":"Colosseum","floor":20,"gold_loss":0},{"damage_healed":0,"gold_gain":0,"player_choice":"Opened","damage_taken":0,"relics_obtained":["Pen Nib"],"max_hp_gain":0,"max_hp_loss":0,"event_name":"The Mausoleum","floor":22,"gold_loss":0,"cards_obtained":["Writhe"]},{"cards_removed":["Writhe"],"damage_healed":0,"gold_gain":0,"player_choice":"Gave Gold","damage_taken":0,"max_hp_gain":0,"max_hp_loss":0,"event_name":"Beggar","floor":24,"gold_loss":75}],"is_beta":false,"boss_relics":[{"not_picked":["White Beast Statue","Coffee Dripper"],"picked":"Empty Cage"}],"items_purged_floors":[2,14],"is_endless":false,"potions_floor_spawned":[4,10,11,21,27],"killed_by":"Cultist and Chosen","ascension_level":2}