{"gold_per_floor":[113,113,113,130,79,79,109,109,109,123,38,51,71,91,91,191,191,203,303,319,5,5,5,365,365,443,459,474,23,58,58],"floor_reached":31,"playtime":2509,"items_purged":[],"score":280,"play_id":"4576cea6-53d7-453f-8b81-34b8dffa5336","local_time":"20180706044442","is_ascension_mode":false,"campfire_choices":[{"data":"Footwork","floor":6,"key":"SMITH"},{"floor":15,"key":"REST"},{"floor":23,"key":"REST"},{"floor":25,"key":"REST"}],"neow_cost":"NONE","seed_source_timestamp":118281578289786,"circlet_count":0,"master_deck":["Defend_G","Defend_G","Defend_G","Defend_G","Defend_G","Strike_G","Strike_G","Strike_G","Strike_G","Strike_G","Survivor","Neutralize","Footwork+1","Acrobatics","PiercingWail","Quick Slash","Deadly Poison","Poisoned Stab","Infinite Blades","Bane","Bane","Poisoned Stab","Poisoned Stab","Bouncing Flask","Crippling Poison","Catalyst+1","Poisoned Stab","After Image+1"],"relics":["Ring of the Snake","Darkstone Periapt","Toolbox","Torii","Frozen Egg 2","Orichalcum","Ninja Scroll","Bottled Lightning"],"potions_floor_usage":[16,16,30,31,31],"damage_taken":[{"damage":6,"enemies":"Jaw Worm","floor":1,"turns":9},{"damage":2,"enemies":"2 Louse","floor":4,"turns":3},{"damage":14,"enemies":"3 Sentries","floor":7,"turns":15},{"damage":0,"enemies":"Cultist","floor":10,"turns":5},{"damage":3,"enemies":"Large Slime","floor":12,"turns":7},{"damage":0,"enemies":"2 Fungi Beasts","floor":13,"turns":3},{"damage":16,"enemies":"Gremlin Gang","floor":14,"turns":6},{"damage":58,"enemies":"Slime Boss","floor":16,"turns":14},{"damage":14,"enemies":"Shell Parasite","floor":18,"turns":6},{"damage":18,"enemies":"Spheric Guardian","floor":20,"turns":5},{"damage":3,"enemies":"Snake Plant","floor":27,"turns":5},{"damage":49,"enemies":"Sentry and Sphere","floor":28,"turns":7},{"damage":4,"enemies":"Book of Stabbing","floor":30,"turns":5},{"damage":11,"enemies":"Cultist and Chosen","floor":31,"turns":6}],"seed_played":"-1427456612588245845","potions_obtained":[{"floor":4,"key":"FearPotion"},{"floor":12,"key":"AttackPotion"},{"floor":14,"key":"GhostInAJar"},{"floor":28,"key":"Poison Potion"},{"floor":30,"key":"Block Potion"}],"is_trial":false,"path_per_floor":["M","?","?","M","$","R","E","?","T","M","$","M","M","M","R","B",null,"M","?","M","$","?","R","?","R","T","M","M","$","E"],"character_chosen":"THE_SILENT","items_purchased":["PiercingWail","Poisoned Stab","Infinite Blades","Torii","Orichalcum","Ninja Scroll","Poisoned Stab"],"campfire_rested":3,"item_purchase_floors":[5,11,11,21,29,29,29],"current_hp_per_floor":[71,71,76,74,74,74,60,60,60,60,60,57,57,41,65,7,82,68,68,50,50,50,74,34,58,58,55,6,6,2,0],"gold":58,"neow_bonus":"TEN_PERCENT_HP_BONUS","is_prod":false,"is_daily":false,"chose_seed":false,"campfire_upgraded":1,"win_rate":0.0,"timestamp":1530819882,"path_taken":["M","?","?","M","$","R","E","?","T","?","$","M","M","M","R","BOSS","M","?","M","$","?","R","?","R","T","M","?","$","E","M"],"build_version":"2018-06-28","purchased_purges":0,"victory":false,"max_hp_per_floor":[77,77,82,82,82,82,82,82,82,82,82,82,82,82,82,82,82,82,82,82,82,82,82,82,82,82,82,82,82,82,82],"card_choices":[{"not_picked":["Prepared","Dodge and Roll"],"picked":"Footwork","floor":1},{"not_picked":["Underhanded Strike","Doppelganger"],"picked":"Acrobatics","floor":4},{"not_picked":["Outmaneuver","Accuracy"],"picked":"Quick Slash","floor":7},{"not_picked":["Flying Knee","Dagger Spray"],"picked":"Deadly Poison","floor":10},{"not_picked":["Dash","Masterful Stab"],"picked":"Bane","floor":12},{"not_picked":["Eviscerate","Cloak And Dagger"],"picked":"Bane","floor":13},{"not_picked":["Bane","Deflect"],"picked":"Poisoned Stab","floor":14},{"not_picked":["Quick Slash","Blur"],"picked":"Poisoned Stab","floor":18},{"not_picked":["Underhanded Strike","Flying Knee+1"],"picked":"Bouncing Flask","floor":20},{"not_picked":["Backflip","Underhanded Strike+1"],"picked":"Crippling Poison","floor":27},{"not_picked":["PiercingWail+1","Slice"],"picked":"Catalyst+1","floor":28},{"not_picked":["Leg Sweep","Slice+1"],"picked":"After Image+1","floor":30}],"player_experience":28080,"relics_obtained":[{"floor":7,"key":"Darkstone Periapt"},{"floor":9,"key":"Toolbox"},{"floor":26,"key":"Frozen Egg 2"},{"floor":30,"key":"Bottled Lightning"}],"event_choices":[{"event_name":"The Cleric","player_choice":"Leave","floor":2,"damage_taken":0},{"event_name":"Big Fish","player_choice":"Donut","floor":3,"damage_taken":0},{"event_name":"The Woman in Blue","player_choice":"Bought 0 Potions","floor":8,"damage_taken":0},{"event_name":"Golden Shrine","player_choice":"Pray","floor":19,"damage_taken":0},{"event_name":"Beggar","player_choice":"Ignored","floor":22,"damage_taken":0},{"event_name":"Knowing Skull","player_choice":"GOLD GOLD GOLD GOLD ","floor":24,"damage_taken":0}],"boss_relics":[{"not_picked":["Runic Pyramid","Snecko Eye","Velvet Choker"]}],"items_purged_floors":[],"is_endless":false,"potions_floor_spawned":[4,12,14,28,30],"killed_by":"Cultist and Chosen","ascension_level":0}