{"gold_per_floor":[112,112,131,131,146,146,165,165,189,217,235,235,252,38,38,141,141,154,169,182,182,202,202,222,222,276,295,310,310,310],"floor_reached":30,"playtime":2125,"items_purged":[],"score":236,"play_id":"8ef1343a-395d-46c6-9b54-cdf5a5cdf500","local_time":"20180707194841","is_ascension_mode":false,"campfire_choices":[{"data":"Caltrops","floor":6,"key":"SMITH"},{"data":"Deadly Poison","floor":8,"key":"SMITH"},{"floor":12,"key":"REST"},{"floor":15,"key":"REST"},{"floor":23,"key":"REST"},{"data":"Backflip","floor":25,"key":"SMITH"},{"floor":29,"key":"REST"}],"neow_cost":"","seed_source_timestamp":79629393479520,"circlet_count":0,"master_deck":["Defend_G","Defend_G","Defend_G","Defend_G","Defend_G","Strike_G","Strike_G","Strike_G","Strike_G","Survivor","Neutralize","Noxious Fumes","Crippling Poison","Caltrops+1","Deadly Poison+1","Cloak And Dagger","PiercingWail","Blade Dance","Accuracy","PiercingWail","Die Die Die","Dagger Spray","Footwork","Dodge and Roll+1","Burst","Backflip+1","Cloak And Dagger"],"relics":["Ring of the Snake","Bag of Marbles","The Courier","Boot","Eternal Feather","Nloth\u0027s Gift","Tiny Chest"],"potions_floor_usage":[7,11,11,16,19,30,30],"damage_taken":[{"damage":0,"enemies":"Small Slimes","floor":1,"turns":5},{"damage":2,"enemies":"2 Louse","floor":3,"turns":4},{"damage":0,"enemies":"Cultist","floor":5,"turns":5},{"damage":16,"enemies":"Gremlin Gang","floor":7,"turns":5},{"damage":30,"enemies":"Gremlin Nob","floor":10,"turns":5},{"damage":0,"enemies":"Looter","floor":11,"turns":4},{"damage":14,"enemies":"Exordium Thugs","floor":13,"turns":6},{"damage":32,"enemies":"The Guardian","floor":16,"turns":10},{"damage":6,"enemies":"3 Byrds","floor":18,"turns":3},{"damage":23,"enemies":"2 Thieves","floor":19,"turns":5},{"damage":23,"enemies":"Sentry and Sphere","floor":20,"turns":5},{"damage":3,"enemies":"3 Cultists","floor":22,"turns":5},{"damage":8,"enemies":"Snake Plant","floor":24,"turns":5},{"damage":20,"enemies":"Cultist and Chosen","floor":27,"turns":7},{"damage":24,"enemies":"Sentry and Sphere","floor":28,"turns":8},{"damage":46,"enemies":"Gremlin Leader","floor":30,"turns":8}],"seed_played":"8101104724233216465","potions_obtained":[{"floor":1,"key":"Regen Potion"},{"floor":5,"key":"AttackPotion"},{"floor":7,"key":"Swift Potion"},{"floor":13,"key":"Fruit Juice"},{"floor":16,"key":"Block Potion"},{"floor":24,"key":"PowerPotion"},{"floor":27,"key":"SkillPotion"}],"is_trial":false,"path_per_floor":["M","?","M","?","M","R","M","R","T","E","M","R","M","$","R","B",null,"M","M","M","?","M","R","M","R","T","M","M","R"],"character_chosen":"THE_SILENT","items_purchased":["Accuracy","PiercingWail","Boot"],"campfire_rested":4,"item_purchase_floors":[14,14,14],"current_hp_per_floor":[70,63,61,61,61,61,59,59,59,29,29,50,36,36,57,30,75,69,46,23,23,20,52,44,54,54,34,10,42,0],"gold":310,"neow_bonus":"","is_prod":false,"is_daily":false,"chose_seed":false,"campfire_upgraded":3,"win_rate":0.0,"timestamp":1530960521,"path_taken":["M","?","?","?","M","R","M","R","T","E","M","R","M","$","R","BOSS","M","M","M","?","M","R","M","R","T","?","M","R","E"],"build_version":"2018-07-05","purchased_purges":0,"victory":false,"max_hp_per_floor":[70,70,70,70,70,70,70,70,70,70,70,70,70,70,70,75,75,75,75,75,75,75,75,75,75,75,75,75,75,75],"card_choices":[{"not_picked":["Dagger Throw","Blur"],"picked":"Noxious Fumes","floor":1},{"not_picked":["Prepared","Predator"],"picked":"Crippling Poison","floor":3},{"not_picked":["Cloak And Dagger","Sucker Punch"],"picked":"Caltrops","floor":5},{"not_picked":["Outmaneuver","Catalyst"],"picked":"Deadly Poison","floor":7},{"not_picked":["Outmaneuver","Eviscerate"],"picked":"Cloak And Dagger","floor":10},{"not_picked":["Quick Slash","Acrobatics"],"picked":"PiercingWail","floor":11},{"not_picked":["Night Terror","Prepared"],"picked":"Blade Dance","floor":13},{"not_picked":["Glass Knife","Envenom"],"picked":"Die Die Die","floor":16},{"not_picked":["Heel Hook","Slice+1"],"picked":"Dagger Spray","floor":18},{"not_picked":["Outmaneuver","Escape Plan+1"],"picked":"Footwork","floor":19},{"not_picked":["Deadly Poison","Poisoned Stab+1"],"picked":"Dodge and Roll+1","floor":20},{"not_picked":["PiercingWail+1","Crippling Poison"],"picked":"Burst","floor":22},{"not_picked":["Dodge and Roll","Acrobatics+1"],"picked":"Backflip","floor":24},{"not_picked":["Bane+1","Sucker Punch"],"picked":"Cloak And Dagger","floor":27},{"not_picked":["Slice","Acrobatics","Dash"],"picked":"SKIP","floor":28}],"player_experience":50008,"relics_obtained":[{"floor":9,"key":"Bag of Marbles"},{"floor":10,"key":"The Courier"},{"floor":26,"key":"Tiny Chest"}],"event_choices":[{"event_name":"Scrap Ooze","player_choice":"success","floor":2,"damage_taken":7},{"event_name":"Purifier","player_choice":"One Purge","floor":4,"damage_taken":0},{"event_name":"N\u0027loth","player_choice":"Traded a Omamori","floor":21,"damage_taken":0}],"boss_relics":[{"not_picked":["Tiny House","Runic Pyramid"],"picked":"Eternal Feather"}],"items_purged_floors":[],"is_endless":false,"potions_floor_spawned":[1,5,7,13,16,24,27],"killed_by":"Gremlin Leader","ascension_level":0}