{"gold_per_floor":[109,11,11,29,43,74,87,142,165,183,197,224,224,240,240,345,345,359,359,372,14,28,63,75,87,99,128,140,164,176,36,36,36],"floor_reached":33,"playtime":3734,"items_purged":["Strike_B"],"score":321,"play_id":"57a52ce8-c22c-4fb9-bf9a-6cc843021165","local_time":"20190515221128","is_ascension_mode":true,"campfire_choices":[{"data":"Sweeping Beam","floor":15,"key":"SMITH"},{"floor":24,"key":"REST"},{"data":"Rainbow","floor":28,"key":"SMITH"},{"data":"Zap","floor":30,"key":"SMITH"},{"floor":32,"key":"REST"}],"neow_cost":"NONE","seed_source_timestamp":92088691825920,"circlet_count":0,"master_deck":["Strike_B","Strike_B","Strike_B","Defend_B","Defend_B","Defend_B","Defend_B","Zap+1","Dualcast","Rip and Tear","Steam","Cold Snap","Conserve Battery","Sweeping Beam+1","Compile Driver","Auto Shields","Hologram","Cold Snap","Sunder","Rainbow+1","Undo","Doom and Gloom+1","Creative AI","Beam Cell+1","Zap+1","Bandage Up","Echo Form","Coolheaded"],"relics":["FrozenCore","Bronze Scales","Tiny Chest","Lantern","Nloth\u0027s Gift","Turnip","MawBank","Kunai","Oddly Smooth Stone"],"potions_floor_usage":[6,16,20,23,23,33],"damage_taken":[{"damage":1,"enemies":"Cultist","floor":1,"turns":3},{"damage":0,"enemies":"2 Louse","floor":4,"turns":2},{"damage":4,"enemies":"Small Slimes","floor":5,"turns":2},{"damage":18,"enemies":"Gremlin Nob","floor":6,"turns":5},{"damage":0,"enemies":"Looter","floor":7,"turns":3},{"damage":10,"enemies":"3 Sentries","floor":8,"turns":6},{"damage":6,"enemies":"Blue Slaver","floor":10,"turns":3},{"damage":0,"enemies":"2 Fungi Beasts","floor":11,"turns":2},{"damage":0,"enemies":"Gremlin Gang","floor":14,"turns":2},{"damage":7,"enemies":"The Guardian","floor":16,"turns":13},{"damage":5,"enemies":"Chosen","floor":18,"turns":6},{"damage":0,"enemies":"3 Byrds","floor":20,"turns":1},{"damage":3,"enemies":"Snake Plant","floor":22,"turns":4},{"damage":56,"enemies":"Gremlin Leader","floor":23,"turns":7},{"damage":7,"enemies":"Centurion and Healer","floor":27,"turns":11},{"damage":1,"enemies":"Chosen and Byrds","floor":29,"turns":7},{"damage":73,"enemies":"Automaton","floor":33,"turns":12}],"seed_played":"-8378725795581407365","potions_obtained":[{"floor":0,"key":"Block Potion"},{"floor":0,"key":"LiquidBronze"},{"floor":0,"key":"Ancient Potion"},{"floor":1,"key":"Energy Potion"},{"floor":7,"key":"Ancient Potion"},{"floor":16,"key":"Block Potion"},{"floor":20,"key":"Poison Potion"},{"floor":22,"key":"Energy Potion"},{"floor":29,"key":"Dexterity Potion"}],"is_trial":false,"path_per_floor":["M","$","?","M","M","E","M","E","T","M","M","T","?","M","R","B",null,"M","?","M","$","M","E","R","?","T","M","R","M","R","$","R","B"],"character_chosen":"DEFECT","items_purchased":["Steam","Turnip","Creative AI","Oddly Smooth Stone"],"campfire_rested":2,"item_purchase_floors":[2,21,21,31],"current_hp_per_floor":[74,74,74,74,70,52,52,42,42,36,36,36,41,41,41,34,80,75,75,75,75,72,16,40,40,40,37,37,40,40,40,64,0],"gold":36,"neow_bonus":"THREE_SMALL_POTIONS","is_prod":false,"is_daily":false,"chose_seed":false,"campfire_upgraded":3,"win_rate":0,"timestamp":1557972688,"path_taken":["M","$","?","M","M","E","?","E","T","M","M","?","?","M","R","BOSS","M","?","M","$","?","E","R","?","T","?","R","M","R","?","R","BOSS"],"build_version":"2019-01-23","purchased_purges":1,"victory":false,"max_hp_per_floor":[75,75,75,75,75,75,75,75,75,75,75,75,80,80,80,80,80,80,80,80,80,80,80,80,80,80,80,80,80,80,80,80,80],"card_choices":[{"not_picked":["Cold Snap","Beam Cell"],"picked":"Rip and Tear","floor":1},{"not_picked":["Gash","Blizzard"],"picked":"Cold Snap","floor":4},{"not_picked":["Double Energy","Chaos"],"picked":"Conserve Battery","floor":5},{"not_picked":["Force Field","Turbo"],"picked":"Sweeping Beam","floor":6},{"not_picked":["Blizzard","Scrape"],"picked":"Compile Driver","floor":7},{"not_picked":["Fusion","Rip and Tear"],"picked":"Auto Shields","floor":8},{"not_picked":["Static Discharge","All For One"],"picked":"Hologram","floor":10},{"not_picked":["Gash","Fusion"],"picked":"Cold Snap","floor":11},{"not_picked":["Rebound","Hologram"],"picked":"Sunder","floor":14},{"not_picked":["Reboot","Multi-Cast"],"picked":"Rainbow","floor":16},{"not_picked":["Rebound","Streamline"],"picked":"Undo","floor":18},{"not_picked":["Go for the Eyes","Stack+1"],"picked":"Doom and Gloom+1","floor":20},{"not_picked":["Barrage","Auto Shields","Beam Cell"],"picked":"SKIP","floor":22},{"not_picked":["Meteor Strike","Steam"],"picked":"Beam Cell+1","floor":23},{"not_picked":["Reinforced Body","Ball Lightning+1"],"picked":"Echo Form","floor":27},{"not_picked":["Redo+1","Sweeping Beam"],"picked":"Coolheaded","floor":29}],"player_experience":284686,"relics_obtained":[{"floor":6,"key":"Bronze Scales"},{"floor":8,"key":"Tiny Chest"},{"floor":9,"key":"Pen Nib"},{"floor":12,"key":"Lantern"},{"floor":23,"key":"MawBank"},{"floor":26,"key":"Kunai"}],"event_choices":[{"damage_healed":0,"gold_gain":0,"player_choice":"Upgraded","damage_taken":0,"max_hp_gain":0,"max_hp_loss":0,"event_name":"Upgrade Shrine","floor":3,"gold_loss":0,"cards_upgraded":["Zap"]},{"damage_healed":0,"gold_gain":0,"player_choice":"Donut","damage_taken":0,"max_hp_gain":5,"max_hp_loss":0,"event_name":"Big Fish","floor":13,"gold_loss":0},{"damage_healed":0,"gold_gain":0,"player_choice":"Traded Relic","damage_taken":0,"relics_obtained":["Nloth\u0027s Gift"],"max_hp_gain":0,"max_hp_loss":0,"event_name":"N\u0027loth","floor":19,"relics_lost":["Pen Nib"],"gold_loss":0},{"damage_healed":0,"gold_gain":0,"player_choice":"2 cards matched","damage_taken":0,"max_hp_gain":0,"max_hp_loss":0,"event_name":"Match and Keep!","floor":25,"gold_loss":0,"cards_obtained":["Zap","Bandage Up"]}],"is_beta":false,"boss_relics":[{"not_picked":["Nuclear Battery","Tiny House"],"picked":"FrozenCore"}],"items_purged_floors":[2],"is_endless":false,"potions_floor_spawned":[1,7,8,16,20,22,29],"killed_by":"Automaton","ascension_level":3}