{"gold_per_floor":[115,290,290,175,192,192,192,192,192,209,209,58,58,77,77,182,182,201,211,64,83,108,108,122,122,122,140,140,140,114,133,133,231,231,248,261,132,148,196,196],"floor_reached":40,"playtime":2337,"items_purged":["Doubt","Strike_G"],"score":508,"play_id":"b281544d-0750-4ca1-8b70-e7d7b3d338e8","local_time":"20180921012904","is_ascension_mode":true,"campfire_choices":[{"data":"Noxious Fumes","floor":6,"key":"SMITH"},{"data":"Cloak And Dagger","floor":8,"key":"SMITH"},{"data":"Backstab","floor":13,"key":"SMITH"},{"data":"Dagger Spray","floor":15,"key":"SMITH"},{"data":"Phantasmal Killer","floor":23,"key":"SMITH"},{"data":"Cloak And Dagger","floor":25,"key":"SMITH"},{"data":"Blade Dance","floor":29,"key":"SMITH"},{"floor":32,"key":"REST"}],"neow_cost":"TEN_PERCENT_HP_LOSS","seed_source_timestamp":413262148118947,"circlet_count":0,"master_deck":["Defend_G","Defend_G","Defend_G","Strike_G","Strike_G","Survivor","Neutralize+1","Cloak And Dagger+1","Noxious Fumes+1","Backstab+1","Dagger Spray+1","Escape Plan","Phantasmal Killer+1","Cloak And Dagger+1","PiercingWail","Blade Dance+1","Backflip","Wraith Form v2","Deflect","Blade Dance","Footwork","Cloak And Dagger","Bane"],"relics":["Ring of the Snake","Sundial","Meat on the Bone","Singing Bowl","Empty Cage","Bag of Marbles","Red Mask","Juzu Bracelet","Black Star","Bird Faced Urn"],"potions_floor_usage":[21,22,33,33,38,40],"damage_taken":[{"damage":1,"enemies":"2 Louse","floor":1,"turns":4},{"damage":6,"enemies":"Small Slimes","floor":5,"turns":4},{"damage":0,"enemies":"Jaw Worm","floor":10,"turns":3},{"damage":4,"enemies":"Blue Slaver","floor":14,"turns":4},{"damage":17,"enemies":"The Guardian","floor":16,"turns":12},{"damage":14,"enemies":"Spheric Guardian","floor":18,"turns":6},{"damage":0,"enemies":"3 Byrds","floor":19,"turns":3},{"damage":15,"enemies":"Snecko","floor":21,"turns":6},{"damage":0,"enemies":"Masked Bandits","floor":22,"turns":2},{"damage":18,"enemies":"Centurion and Healer","floor":24,"turns":7},{"damage":0,"enemies":"3 Cultists","floor":27,"turns":4},{"damage":2,"enemies":"Colosseum Slavers","floor":28,"turns":3},{"damage":18,"enemies":"Snake Plant","floor":31,"turns":6},{"damage":41,"enemies":"Automaton","floor":33,"turns":8},{"damage":12,"enemies":"Orb Walker","floor":35,"turns":5},{"damage":3,"enemies":"3 Shapes","floor":36,"turns":5},{"damage":14,"enemies":"Sphere and 2 Shapes","floor":38,"turns":7},{"damage":24,"enemies":"Mysterious Sphere","floor":39,"turns":6},{"damage":47,"enemies":"Giant Head","floor":40,"turns":7}],"seed_played":"-2559357373249653414","potions_obtained":[{"floor":10,"key":"Block Potion"},{"floor":18,"key":"Strength Potion"},{"floor":19,"key":"Dexterity Potion"},{"floor":21,"key":"Explosive Potion"},{"floor":31,"key":"LiquidBronze"},{"floor":36,"key":"EssenceOfSteel"},{"floor":38,"key":"Energy Potion"}],"is_trial":false,"path_per_floor":["M","?","?","$","M","R","?","R","T","M","?","$","R","M","R","B",null,"M","M","$","M","?","R","M","R","T","M","?","R","$","M","R","B",null,"M","M","$","M","?"],"character_chosen":"THE_SILENT","items_purchased":["Noxious Fumes","Dagger Spray","Bag of Marbles","Backflip","Footwork","Cloak And Dagger"],"campfire_rested":1,"item_purchase_floors":[4,12,20,30,37,37],"current_hp_per_floor":[62,62,62,62,56,56,56,56,56,56,56,56,56,52,52,35,56,44,44,44,43,43,43,37,37,37,39,37,37,37,33,54,25,60,48,45,45,43,33,0],"gold":196,"neow_bonus":"REMOVE_TWO","is_prod":false,"is_daily":false,"chose_seed":false,"campfire_upgraded":7,"win_rate":0,"timestamp":1537460944,"path_taken":["M","?","?","$","M","R","?","R","T","?","?","$","R","M","R","BOSS","M","M","$","M","?","R","M","R","T","M","?","R","?","M","R","BOSS","M","M","$","M","?","E"],"build_version":"2018-09-06","purchased_purges":2,"victory":false,"max_hp_per_floor":[63,63,63,63,63,63,63,63,63,63,63,63,63,63,63,63,63,65,65,65,67,67,67,67,67,67,69,69,69,69,71,71,71,71,71,71,71,71,73,73],"card_choices":[{"not_picked":["Slice","Reflex"],"picked":"Cloak And Dagger","floor":1},{"not_picked":["Dagger Spray","Deadly Poison"],"picked":"Backstab","floor":5},{"not_picked":["Leg Sweep","Night Terror","Outmaneuver"],"picked":"SKIP","floor":10},{"not_picked":["Acrobatics","Bane"],"picked":"Escape Plan","floor":14},{"not_picked":["Burst","Unload"],"picked":"Phantasmal Killer","floor":16},{"not_picked":["Choke","Prepared","Masterful Stab"],"picked":"Singing Bowl","floor":18},{"not_picked":["Quick Slash+1","Slice"],"picked":"Cloak And Dagger","floor":19},{"not_picked":["Caltrops","Choke","Masterful Stab"],"picked":"Singing Bowl","floor":21},{"not_picked":["Outmaneuver","Deadly Poison"],"picked":"PiercingWail","floor":22},{"not_picked":["Blur","Choke"],"picked":"Blade Dance","floor":24},{"not_picked":["Heel Hook","Dodge and Roll","Riddle With Holes+1"],"picked":"Singing Bowl","floor":27},{"not_picked":["Deadly Poison","All Out Attack","Corpse Explosion"],"picked":"Singing Bowl","floor":31},{"not_picked":["Glass Knife","Tools of the Trade"],"picked":"Wraith Form v2","floor":33},{"not_picked":["Quick Slash+1","Tactician"],"picked":"Deflect","floor":35},{"not_picked":["Slice","Deadly Poison"],"picked":"Blade Dance","floor":36},{"not_picked":["Dodge and Roll","Terror+1"],"picked":"Bane","floor":38},{"not_picked":["Slice+1","Dagger Throw+1","Eviscerate"],"picked":"Singing Bowl","floor":39}],"player_experience":311223,"relics_obtained":[{"floor":9,"key":"Meat on the Bone"},{"floor":22,"key":"Red Mask"},{"floor":26,"key":"Juzu Bracelet"},{"floor":39,"key":"Bird Faced Urn"}],"event_choices":[{"event_name":"Liars Game","player_choice":"agreed","floor":2,"damage_taken":0},{"event_name":"Living Wall","player_choice":"Grow","floor":3,"damage_taken":0},{"event_name":"Dead Adventurer","player_choice":"Searched \u00271\u0027 times","floor":7,"damage_taken":0},{"event_name":"WeMeetAgain","player_choice":"Potion","floor":11,"damage_taken":0},{"event_name":"Masked Bandits","player_choice":"Fought Bandits","floor":22,"damage_taken":0},{"event_name":"Colosseum","player_choice":"Fight","floor":28,"damage_taken":0},{"event_name":"Colosseum","player_choice":"Fled From Nobs","floor":28,"damage_taken":0},{"event_name":"Mysterious Sphere","player_choice":"Fight","floor":39,"damage_taken":0}],"is_beta":false,"boss_relics":[{"not_picked":["Philosopher\u0027s Stone","Busted Crown"],"picked":"Empty Cage"},{"not_picked":["HoveringKite","Velvet Choker"],"picked":"Black Star"}],"items_purged_floors":[4,12],"is_endless":false,"potions_floor_spawned":[10,18,19,21,31,36,38],"killed_by":"Giant Head","ascension_level":7}