{"gold_per_floor":[369,544,27,27,41,41,67,67,92,108,58,58,58,76,76,76],"floor_reached":16,"playtime":629,"items_purged":["Doubt"],"score":113,"play_id":"df53a202-6cb0-4ccb-b66c-0b9050850777","local_time":"20180911113955","is_ascension_mode":true,"campfire_choices":[{"data":"Neutralize","floor":6,"key":"SMITH"},{"data":"Survivor","floor":8,"key":"SMITH"},{"data":"Quick Slash","floor":13,"key":"SMITH"},{"data":"Defend_G","floor":15,"key":"SMITH"}],"neow_cost":"TEN_PERCENT_HP_LOSS","seed_source_timestamp":1959891578412470,"circlet_count":0,"master_deck":["Defend_G","Defend_G","Defend_G","Defend_G+1","Strike_G","Strike_G","Strike_G","Strike_G","Survivor+1","Neutralize+1","Metamorphosis+1","Blur+1","Dodge and Roll+1","Quick Slash+1"],"relics":["Ring of the Snake","Toxic Egg 2","Mango","Omamori"],"potions_floor_usage":[],"damage_taken":[{"damage":0,"enemies":"2 Louse","floor":1,"turns":5},{"damage":10,"enemies":"Small Slimes","floor":5,"turns":4},{"damage":7,"enemies":"Lagavulin","floor":7,"turns":7},{"damage":0,"enemies":"Jaw Worm","floor":10,"turns":3},{"damage":2,"enemies":"Looter","floor":14,"turns":3},{"damage":20,"enemies":"Slime Boss","floor":16,"turns":8}],"seed_played":"-4581097763897058665","potions_obtained":[{"floor":1,"key":"SmokeBomb"}],"is_trial":false,"path_per_floor":["M","?","$","?","M","R","E","R","T","M","?","?","R","M","R"],"character_chosen":"THE_SILENT","items_purchased":["Toxic Egg 2","Metamorphosis+1"],"campfire_rested":0,"item_purchase_floors":[3,3],"current_hp_per_floor":[63,63,63,68,58,58,65,65,65,65,65,65,65,63,63,43],"gold":76,"neow_bonus":"TWO_FIFTY_GOLD","is_prod":false,"is_daily":false,"chose_seed":false,"campfire_upgraded":4,"win_rate":0,"timestamp":1536633595,"path_taken":["M","?","$","?","M","R","E","R","T","?","?","?","R","M","R","BOSS"],"build_version":"2018-09-06","purchased_purges":1,"victory":false,"max_hp_per_floor":[63,63,63,68,68,68,82,82,82,82,82,82,82,82,82,82],"card_choices":[{"not_picked":["Expertise","Calculated Gamble","Concentrate"],"picked":"SKIP","floor":1},{"not_picked":["Heel Hook","Underhanded Strike"],"picked":"Blur+1","floor":5},{"not_picked":["Dagger Spray","Choke"],"picked":"Dodge and Roll+1","floor":7},{"not_picked":["Sucker Punch","Crippling Poison+1"],"picked":"Quick Slash","floor":10},{"not_picked":["Acrobatics+1","Expertise+1","Dagger Throw"],"picked":"SKIP","floor":14}],"player_experience":245905,"relics_obtained":[{"floor":7,"key":"Mango"},{"floor":9,"key":"Omamori"}],"event_choices":[{"event_name":"Liars Game","player_choice":"agreed","floor":2,"damage_taken":0},{"event_name":"Big Fish","player_choice":"Donut","floor":4,"damage_taken":0},{"event_name":"The Cleric","player_choice":"Card Removal","floor":11,"damage_taken":0},{"event_name":"Living Wall","player_choice":"Forget","floor":12,"damage_taken":0}],"is_beta":false,"boss_relics":[],"items_purged_floors":[3],"is_endless":false,"potions_floor_spawned":[1,14],"killed_by":"Slime Boss","ascension_level":3}