{"gold_per_floor":[359,215,227,237,261,293,305,305,305,305,305,317,333,345,345,448,448,460,460,479,493,493,493,508,508,508,270,297,126,138,148,148,251,301,319,330,330,340,360,372,372,385,460,460,472,472],"floor_reached":46,"playtime":2132,"items_purged":[],"score":480,"play_id":"ed815436-d17b-4ad3-adfa-6599895b6c45","local_time":"20190420164534","is_ascension_mode":false,"campfire_choices":[{"floor":8,"key":"REST"},{"floor":10,"key":"REST"},{"floor":15,"key":"REST"},{"floor":23,"key":"REST"},{"floor":25,"key":"REST"},{"floor":32,"key":"REST"},{"floor":41,"key":"REST"},{"floor":44,"key":"REST"}],"neow_cost":"TEN_PERCENT_HP_LOSS","seed_source_timestamp":421966254127637,"circlet_count":0,"master_deck":["Strike_B+1","Strike_B+1","Strike_B+1","Strike_B+1","Defend_B+1","Defend_B+1","Defend_B+1","Defend_B+1","Zap","Dualcast","Blizzard","Turbo+1","Rebound","Barrage","Conserve Battery","Cold Snap","Cold Snap","Gash","Streamline","Core Surge","Conserve Battery","Coolheaded","Leap","Loop","Apotheosis+1","Coolheaded+1","Loop+1","Electrodynamics+1","Go for the Eyes","Capacitor+1","Coolheaded","Conserve Battery","Genetic Algorithm+1","Parasite","Coolheaded","Self Repair+1"],"relics":["Cracked Core","Bag of Marbles","War Paint","Gremlin Horn","Philosopher\u0027s Stone","MutagenicStrength","Orichalcum","Frozen Egg 2","Pen Nib","Tiny House","Molten Egg 2","Pear"],"potions_floor_usage":[6,16,33,33,33,39,39,46],"damage_taken":[{"damage":0,"enemies":"Cultist","floor":1,"turns":2},{"damage":11,"enemies":"Jaw Worm","floor":3,"turns":2},{"damage":0,"enemies":"2 Louse","floor":4,"turns":1},{"damage":51,"enemies":"Gremlin Nob","floor":6,"turns":5},{"damage":0,"enemies":"Exordium Wildlife","floor":7,"turns":3},{"damage":7,"enemies":"Lots of Slimes","floor":12,"turns":4},{"damage":5,"enemies":"Large Slime","floor":13,"turns":4},{"damage":4,"enemies":"Red Slaver","floor":14,"turns":3},{"damage":44,"enemies":"The Guardian","floor":16,"turns":9},{"damage":4,"enemies":"3 Byrds","floor":18,"turns":4},{"damage":15,"enemies":"Spheric Guardian","floor":20,"turns":4},{"damage":24,"enemies":"Cultist and Chosen","floor":21,"turns":8},{"damage":28,"enemies":"Shelled Parasite and Fungi","floor":24,"turns":6},{"damage":5,"enemies":"Centurion and Healer","floor":30,"turns":6},{"damage":13,"enemies":"Sentry and Sphere","floor":31,"turns":4},{"damage":12,"enemies":"Automaton","floor":33,"turns":14},{"damage":7,"enemies":"Orb Walker","floor":35,"turns":3},{"damage":3,"enemies":"3 Shapes","floor":36,"turns":3},{"damage":59,"enemies":"3 Darklings","floor":38,"turns":5},{"damage":4,"enemies":"Maw","floor":39,"turns":7},{"damage":11,"enemies":"Writhing Mass","floor":40,"turns":7},{"damage":18,"enemies":"Jaw Worm Horde","floor":42,"turns":5},{"damage":33,"enemies":"4 Shapes","floor":45,"turns":5},{"damage":14,"enemies":"Transient","floor":46,"turns":3}],"seed_played":"-3105950758980609615","potions_obtained":[{"floor":3,"key":"PowerPotion"},{"floor":7,"key":"Fire Potion"},{"floor":14,"key":"SteroidPotion"},{"floor":16,"key":"FearPotion"},{"floor":20,"key":"Dexterity Potion"},{"floor":30,"key":"AttackPotion"},{"floor":33,"key":"Regen Potion"},{"floor":34,"key":"AttackPotion"},{"floor":38,"key":"Weak Potion"},{"floor":45,"key":"Explosive Potion"}],"is_trial":false,"path_per_floor":["M","$","M","M","T","E","M","R","T","R","?","M","M","M","R","B",null,"M","?","M","M","?","R","M","R","T","$","T","$","M","M","R","B",null,"M","M","?","M","M","M","R","M","T","R","M","M"],"character_chosen":"DEFECT","items_purchased":["Blizzard","Turbo","Rebound","Frozen Egg 2","Apotheosis"],"campfire_rested":8,"item_purchase_floors":[2,2,2,27,29],"current_hp_per_floor":[68,68,57,57,57,6,6,26,26,46,46,39,34,30,50,6,68,64,64,49,25,25,45,17,37,37,37,37,37,32,19,39,27,73,66,63,63,4,15,4,25,7,17,41,8,0],"gold":472,"neow_bonus":"TWO_FIFTY_GOLD","is_prod":false,"is_daily":false,"chose_seed":false,"campfire_upgraded":0,"win_rate":0,"timestamp":1555735534,"path_taken":["M","$","M","M","?","E","M","R","T","R","?","M","?","M","R","BOSS","M","?","M","M","?","R","M","R","T","$","?","$","?","M","R","BOSS","M","M","?","M","M","M","R","M","T","R","?","M"],"build_version":"2019-01-23","purchased_purges":0,"victory":false,"max_hp_per_floor":[68,68,68,68,68,68,68,68,68,68,68,68,68,68,68,68,68,68,68,68,68,68,68,68,68,68,68,68,68,68,68,68,68,73,73,73,73,73,73,73,73,73,83,83,83,83],"card_choices":[{"not_picked":["Stack","Sunder"],"picked":"Turbo","floor":1},{"not_picked":["Fusion","Compile Driver"],"picked":"Barrage","floor":3},{"not_picked":["Redo","Turbo"],"picked":"Conserve Battery","floor":4},{"not_picked":["Rebound","Stack"],"picked":"Cold Snap","floor":6},{"not_picked":["Rebound","Stack","Compile Driver"],"picked":"SKIP","floor":7},{"not_picked":["Steam","Scrape"],"picked":"Cold Snap","floor":12},{"not_picked":["Sweeping Beam","Skim"],"picked":"Gash","floor":13},{"not_picked":["Machine Learning","Leap"],"picked":"Streamline","floor":14},{"not_picked":["Reboot","Biased Cognition"],"picked":"Core Surge","floor":16},{"not_picked":["Compile Driver","Steam+1"],"picked":"Conserve Battery","floor":18},{"not_picked":["Double Energy","Barrage"],"picked":"Coolheaded","floor":20},{"not_picked":["Melter","Conserve Battery"],"picked":"Leap","floor":21},{"not_picked":["Steam Power","Recycle+1"],"picked":"Loop","floor":24},{"not_picked":["Conserve Battery","Compile Driver+1"],"picked":"Coolheaded+1","floor":30},{"not_picked":["Consume","Sweeping Beam+1"],"picked":"Loop+1","floor":31},{"not_picked":["Hyperbeam","All For One"],"picked":"Electrodynamics+1","floor":33},{"not_picked":["Scrape","Sweeping Beam"],"picked":"Go for the Eyes","floor":34},{"not_picked":["Darkness+1","Hello World+1"],"picked":"Capacitor+1","floor":35},{"not_picked":["Compile Driver","Genetic Algorithm"],"picked":"Coolheaded","floor":36},{"not_picked":["Sunder+1","Rebound+1"],"picked":"Conserve Battery","floor":38},{"not_picked":["Coolheaded+1","Rebound+1"],"picked":"Genetic Algorithm+1","floor":39},{"not_picked":["Reinforced Body","Scrape+1","Reprogram"],"picked":"SKIP","floor":40},{"not_picked":["Steam Power+1","Ball Lightning+1"],"picked":"Coolheaded","floor":42},{"not_picked":["Rebound+1","Ball Lightning+1"],"picked":"Self Repair+1","floor":45}],"player_experience":31208,"relics_obtained":[{"floor":5,"key":"Bag of Marbles"},{"floor":6,"key":"War Paint"},{"floor":9,"key":"Gremlin Horn"},{"floor":26,"key":"Orichalcum"},{"floor":28,"key":"Pen Nib"},{"floor":37,"key":"Molten Egg 2"},{"floor":43,"key":"Pear"}],"event_choices":[{"cards_removed":["Turbo"],"damage_healed":0,"gold_gain":0,"player_choice":"Purged","damage_taken":0,"max_hp_gain":0,"max_hp_loss":0,"event_name":"Purifier","floor":11,"gold_loss":0},{"damage_healed":0,"gold_gain":0,"player_choice":"Inject Mutagens","damage_taken":0,"relics_obtained":["MutagenicStrength"],"max_hp_gain":0,"max_hp_loss":0,"event_name":"Drug Dealer","floor":19,"gold_loss":0},{"damage_healed":0,"gold_gain":0,"player_choice":"Simplicity","damage_taken":0,"max_hp_gain":0,"max_hp_loss":0,"event_name":"Back to Basics","floor":22,"gold_loss":0,"cards_upgraded":["Strike_B","Strike_B","Strike_B","Strike_B","Defend_B","Defend_B","Defend_B"]},{"damage_healed":0,"gold_gain":0,"player_choice":"Relic","damage_taken":0,"max_hp_gain":0,"max_hp_loss":0,"event_name":"Wheel of Change","floor":37,"gold_loss":0}],"is_beta":false,"boss_relics":[{"not_picked":["Eternal Feather","Orrery"],"picked":"Philosopher\u0027s Stone"},{"not_picked":["Cursed Key","Astrolabe"],"picked":"Tiny House"}],"items_purged_floors":[],"is_endless":false,"potions_floor_spawned":[3,7,14,16,20,30,33,38,45],"killed_by":"Transient","ascension_level":0}