{"gold_per_floor":[119,138,150,150,166,202,202,202,270,306,318,364,391,75,75,206,206,231,231,254,273,198,198,231,231,256,277,87,87,100,114,114,114],"floor_reached":33,"playtime":1108,"items_purged":["Injury"],"score":287,"play_id":"131d2b6a-867a-46e9-81f1-361aad62041d","local_time":"20190424222140","is_ascension_mode":false,"campfire_choices":[{"floor":7,"key":"REST"},{"floor":8,"key":"REST"},{"floor":11,"key":"REST"},{"floor":15,"key":"REST"},{"data":"Capacitor","floor":23,"key":"SMITH"},{"floor":25,"key":"REST"},{"floor":32,"key":"REST"}],"neow_cost":"NONE","seed_source_timestamp":788751788814254,"circlet_count":0,"master_deck":["Strike_B","Strike_B","Strike_B","Defend_B","Defend_B","Defend_B+1","Defend_B","Zap+1","Dualcast","Gash","Ball Lightning","Force Field","BootSequence","Streamline","Turbo","Static Discharge","Storm","Cold Snap","Capacitor+1","Electrodynamics","Rebound+1","Streamline","Coolheaded+1","Blizzard+1","Barrage","Defragment","Hologram+1","Genetic Algorithm"],"relics":["Cracked Core","Regal Pillow","Golden Idol","WingedGreaves","MawBank","War Paint","DataDisk","Cursed Key","Pen Nib","Anchor","Omamori"],"potions_floor_usage":[33,33],"damage_taken":[{"damage":1,"enemies":"Cultist","floor":1,"turns":4},{"damage":4,"enemies":"Jaw Worm","floor":2,"turns":4},{"damage":0,"enemies":"Small Slimes","floor":3,"turns":2},{"damage":5,"enemies":"Looter","floor":5,"turns":3},{"damage":36,"enemies":"Lagavulin","floor":6,"turns":6},{"damage":33,"enemies":"3 Sentries","floor":10,"turns":9},{"damage":28,"enemies":"Gremlin Nob","floor":12,"turns":4},{"damage":3,"enemies":"Exordium Wildlife","floor":13,"turns":4},{"damage":45,"enemies":"The Guardian","floor":16,"turns":9},{"damage":0,"enemies":"Chosen","floor":18,"turns":4},{"damage":9,"enemies":"Shell Parasite","floor":20,"turns":4},{"damage":12,"enemies":"3 Cultists","floor":21,"turns":4},{"damage":32,"enemies":"Slavers","floor":24,"turns":4},{"damage":12,"enemies":"Snake Plant","floor":27,"turns":4},{"damage":0,"enemies":"Sentry and Sphere","floor":30,"turns":3},{"damage":22,"enemies":"Snecko","floor":31,"turns":5},{"damage":63,"enemies":"Collector","floor":33,"turns":5}],"seed_played":"-2259761320640266833","potions_obtained":[{"floor":2,"key":"Poison Potion"},{"floor":5,"key":"Block Potion"},{"floor":10,"key":"Regen Potion"},{"floor":13,"key":"Energy Potion"},{"floor":16,"key":"Weak Potion"}],"is_trial":false,"path_per_floor":["M","M","M","?","M","E","R","R","T","E","R","E","M","$","R","B",null,"M","?","M","M","?","R","E","R","T","M","$","?","M","M","R","B"],"character_chosen":"DEFECT","items_purchased":["Cold Snap","Capacitor","DataDisk","Defragment","Omamori"],"campfire_rested":6,"item_purchase_floors":[14,14,14,28,28],"current_hp_per_floor":[74,70,70,70,65,29,66,75,75,42,75,47,44,44,75,30,75,75,75,66,54,54,54,22,59,59,47,47,47,47,25,61,0],"gold":114,"neow_bonus":"RANDOM_COMMON_RELIC","is_prod":false,"is_daily":false,"chose_seed":false,"campfire_upgraded":1,"win_rate":0,"timestamp":1556101300,"path_taken":["M","M","?","?","M","E","R","R","T","E","R","E","M","$","R","BOSS","M","?","?","M","?","R","E","R","T","M","$","?","M","M","R","BOSS"],"build_version":"2019-01-23","purchased_purges":1,"victory":false,"max_hp_per_floor":[75,75,75,75,75,75,75,75,75,75,75,75,75,75,75,75,75,75,75,75,75,75,75,75,75,75,75,75,72,72,72,72,72],"card_choices":[{"not_picked":["Force Field","Go for the Eyes"],"picked":"Gash","floor":1},{"not_picked":["Compile Driver","Scrape"],"picked":"Ball Lightning","floor":2},{"not_picked":["Hologram","Ball Lightning"],"picked":"Force Field","floor":3},{"not_picked":["Amplify","Hologram"],"picked":"BootSequence","floor":5},{"not_picked":["Biased Cognition","Skim"],"picked":"Streamline","floor":6},{"not_picked":["Rebound","Ball Lightning"],"picked":"Turbo","floor":10},{"not_picked":["Compile Driver","Seek"],"picked":"Static Discharge","floor":12},{"not_picked":["BootSequence","Beam Cell"],"picked":"Storm","floor":13},{"not_picked":["Biased Cognition","Rainbow"],"picked":"Electrodynamics","floor":16},{"not_picked":["Turbo","Redo"],"picked":"Rebound+1","floor":18},{"not_picked":["Rebound+1","Hello World"],"picked":"Streamline","floor":20},{"not_picked":["Barrage+1","Rebound"],"picked":"Coolheaded+1","floor":21},{"not_picked":["Rip and Tear","Storm"],"picked":"Blizzard+1","floor":24},{"not_picked":["Heatsinks+1","Static Discharge"],"picked":"Barrage","floor":27},{"not_picked":["Rip and Tear","Blizzard+1"],"picked":"Hologram+1","floor":30},{"not_picked":["Go for the Eyes","Sweeping Beam"],"picked":"Genetic Algorithm","floor":31}],"player_experience":70317,"relics_obtained":[{"floor":6,"key":"WingedGreaves"},{"floor":10,"key":"MawBank"},{"floor":12,"key":"War Paint"},{"floor":24,"key":"Pen Nib"},{"floor":26,"key":"Anchor"}],"event_choices":[{"damage_healed":0,"gold_gain":0,"player_choice":"Take Wound","damage_taken":0,"relics_obtained":["Golden Idol"],"max_hp_gain":0,"max_hp_loss":0,"event_name":"Golden Idol","floor":4,"gold_loss":0,"cards_obtained":["Injury"]},{"damage_healed":0,"gold_gain":0,"player_choice":"Got Potions","damage_taken":0,"max_hp_gain":0,"max_hp_loss":0,"event_name":"Lab","floor":19,"gold_loss":0},{"cards_removed":["Strike_B"],"damage_healed":0,"gold_gain":0,"player_choice":"Gave Gold","damage_taken":0,"max_hp_gain":0,"max_hp_loss":0,"event_name":"Beggar","floor":22,"gold_loss":75},{"cards_removed":["Parasite"],"damage_healed":0,"gold_gain":0,"player_choice":"Removed Curses","damage_taken":0,"max_hp_gain":0,"max_hp_loss":0,"event_name":"Fountain of Cleansing","floor":29,"gold_loss":0}],"is_beta":false,"boss_relics":[{"not_picked":["Snecko Eye","Velvet Choker"],"picked":"Cursed Key"}],"items_purged_floors":[14],"is_endless":false,"potions_floor_spawned":[2,5,10,13,16,24,27],"killed_by":"Collector","ascension_level":0}