{"gold_per_floor":[115,65,82,100,120,145,145,145,145,160,8,24,24,85,85,85],"floor_reached":16,"playtime":815,"items_purged":["Zap"],"score":102,"play_id":"ec16ff05-6711-47f3-a660-e357fe890a73","local_time":"20190424094925","is_ascension_mode":false,"campfire_choices":[{"floor":7,"key":"REST"},{"floor":13,"key":"RECALL"},{"floor":15,"key":"REST"}],"neow_cost":"CURSE","seed_source_timestamp":743912357779272,"circlet_count":0,"master_deck":["Strike_B","Strike_B","Strike_B","Strike_B","Defend_B","Defend_B","Defend_B","Defend_B","Dualcast","Steam","Coolheaded","Sweeping Beam","Go for the Eyes","Glacier","Leap","Double Energy"],"relics":["Cracked Core","Gremlin Horn","The Courier","Tiny Chest","Bottled Flame"],"potions_floor_usage":[14,14,16],"damage_taken":[{"damage":1,"enemies":"Cultist","floor":1,"turns":3},{"damage":0,"enemies":"2 Louse","floor":3,"turns":3},{"damage":9,"enemies":"Small Slimes","floor":4,"turns":4},{"damage":6,"enemies":"Blue Slaver","floor":5,"turns":4},{"damage":20,"enemies":"Gremlin Nob","floor":6,"turns":4},{"damage":2,"enemies":"Lots of Slimes","floor":10,"turns":4},{"damage":1,"enemies":"Looter","floor":12,"turns":3},{"damage":48,"enemies":"Lagavulin Event","floor":14,"turns":15},{"damage":62,"enemies":"Slime Boss","floor":16,"turns":20}],"seed_played":"944880755583064806","potions_obtained":[{"floor":4,"key":"Energy Potion"},{"floor":10,"key":"FearPotion"},{"floor":12,"key":"LiquidBronze"}],"is_trial":false,"path_per_floor":["M","?","M","M","M","E","R","?","T","M","$","M","R","?","R","B"],"character_chosen":"DEFECT","items_purchased":["Tiny Chest"],"campfire_rested":2,"item_purchase_floors":[11],"current_hp_per_floor":[74,74,74,65,59,39,61,85,85,83,83,82,82,34,59,0],"gold":85,"neow_bonus":"THREE_RARE_CARDS","is_prod":false,"is_daily":false,"chose_seed":false,"campfire_upgraded":0,"win_rate":0,"timestamp":1556056165,"path_taken":["M","?","M","M","M","E","R","?","T","M","$","?","R","?","R","BOSS"],"build_version":"2019-01-23","purchased_purges":1,"victory":false,"max_hp_per_floor":[75,75,75,75,75,75,75,85,85,85,85,85,85,85,85,85],"card_choices":[{"not_picked":["Machine Learning","Amplify"],"picked":"Seek","floor":0},{"not_picked":["Turbo","Undo"],"picked":"Steam","floor":1},{"not_picked":["Conserve Battery","Ball Lightning"],"picked":"Coolheaded","floor":3},{"not_picked":["Steam","Doom and Gloom"],"picked":"Sweeping Beam","floor":4},{"not_picked":["Ball Lightning","Stack"],"picked":"Go for the Eyes","floor":5},{"not_picked":["Compile Driver","Heatsinks"],"picked":"Glacier","floor":6},{"not_picked":["Stack","Chaos","Hologram"],"picked":"SKIP","floor":10},{"not_picked":["Steam Power","Fusion"],"picked":"Leap","floor":12},{"not_picked":["Compile Driver","Heatsinks"],"picked":"Double Energy","floor":14}],"player_experience":61637,"relics_obtained":[{"floor":6,"key":"Gremlin Horn"},{"floor":9,"key":"The Courier"},{"floor":14,"key":"Bottled Flame"}],"event_choices":[{"cards_removed":["Doubt"],"damage_healed":0,"gold_gain":0,"player_choice":"Card Removal","damage_taken":0,"max_hp_gain":0,"max_hp_loss":0,"event_name":"The Cleric","floor":2,"gold_loss":50},{"cards_removed":["Seek"],"damage_healed":14,"gold_gain":0,"player_choice":"Offered Rare","damage_taken":0,"max_hp_gain":10,"max_hp_loss":0,"event_name":"Bonfire Elementals","floor":8,"gold_loss":0},{"damage_healed":0,"gold_gain":0,"player_choice":"Searched \u00272\u0027 times","damage_taken":0,"max_hp_gain":0,"max_hp_loss":0,"event_name":"Dead Adventurer","floor":14,"gold_loss":0}],"is_beta":false,"boss_relics":[],"items_purged_floors":[11],"is_endless":false,"potions_floor_spawned":[4,10,12],"killed_by":"Slime Boss","ascension_level":0}