{"gold_per_floor":[113,128,143,153,103,103,137,137,163,163,190,190,190,213,213,339,339,355,323,338,338,338,338,354,379,405,405,426,426,426,447,447,447],"floor_reached":33,"playtime":5608,"items_purged":[],"score":380,"play_id":"541a8f0e-deb6-4f83-af40-f0f3aa24d9da","local_time":"20190516205933","is_ascension_mode":true,"campfire_choices":[{"data":"Neutralize","floor":6,"key":"SMITH"},{"data":"Cloak And Dagger","floor":8,"key":"SMITH"},{"data":"Poisoned Stab","floor":10,"key":"SMITH"},{"floor":13,"key":"REST"},{"data":"Outmaneuver","floor":15,"key":"SMITH"},{"data":"Prepared","floor":23,"key":"SMITH"},{"data":"Reflex","floor":27,"key":"SMITH"},{"data":"Bouncing Flask","floor":29,"key":"SMITH"},{"data":"Deadly Poison","floor":32,"key":"SMITH"}],"neow_cost":"NONE","seed_source_timestamp":1060618288875801,"circlet_count":0,"master_deck":["Defend_G","Defend_G","Defend_G","Defend_G","Survivor","Neutralize+1","Deflect","Poisoned Stab+1","Cloak And Dagger+1","PiercingWail","Dagger Throw","Outmaneuver+1","After Image","Prepared+1","Bouncing Flask+1","Reflex+1","Bite","Bite","Bite","Bite","Bite","Cloak And Dagger+1","PiercingWail","Adrenaline","J.A.X.","Deadly Poison+1"],"relics":["Ring of the Serpent","Anchor","Regal Pillow","Ancient Tea Set","Golden Idol","Tingsha"],"potions_floor_usage":[7,11,11,16,18,24,33],"damage_taken":[{"damage":6,"enemies":"Jaw Worm","floor":1,"turns":7},{"damage":0,"enemies":"2 Louse","floor":2,"turns":3},{"damage":0,"enemies":"Small Slimes","floor":3,"turns":3},{"damage":2,"enemies":"Exordium Thugs","floor":4,"turns":5},{"damage":12,"enemies":"Lagavulin","floor":7,"turns":8},{"damage":0,"enemies":"Gremlin Nob","floor":11,"turns":3},{"damage":0,"enemies":"Large Slime","floor":14,"turns":6},{"damage":35,"enemies":"The Guardian","floor":16,"turns":16},{"damage":0,"enemies":"3 Byrds","floor":18,"turns":6},{"damage":7,"enemies":"2 Thieves","floor":19,"turns":5},{"damage":2,"enemies":"Snecko","floor":20,"turns":6},{"damage":0,"enemies":"Snake Plant","floor":24,"turns":4},{"damage":12,"enemies":"Centurion and Healer","floor":25,"turns":9},{"damage":1,"enemies":"Cultist and Chosen","floor":28,"turns":6},{"damage":3,"enemies":"Snecko","floor":31,"turns":4},{"damage":79,"enemies":"Collector","floor":33,"turns":8}],"seed_played":"-1226368223642540309","potions_obtained":[{"floor":2,"key":"Dexterity Potion"},{"floor":4,"key":"Block Potion"},{"floor":7,"key":"Strength Potion"},{"floor":14,"key":"Energy Potion"},{"floor":16,"key":"AttackPotion"},{"floor":20,"key":"GhostInAJar"},{"floor":28,"key":"Regen Potion"}],"is_trial":false,"path_per_floor":["M","M","M","M","?","R","E","R","T","R","E","?","R","M","R","B",null,"M","M","M","?","?","R","M","M","T","R","M","R","?","M","R","B"],"character_chosen":"THE_SILENT","items_purchased":[],"campfire_rested":1,"item_purchase_floors":[],"current_hp_per_floor":[71,71,71,69,69,69,57,57,57,57,57,38,76,76,76,41,68,68,61,59,53,53,53,53,53,53,53,53,53,53,53,53,0],"gold":447,"neow_bonus":"TEN_PERCENT_HP_BONUS","is_prod":false,"is_daily":false,"chose_seed":false,"campfire_upgraded":8,"win_rate":0,"timestamp":1558065573,"path_taken":["M","M","M","M","?","R","E","R","T","R","E","?","R","M","R","BOSS","M","M","M","?","?","R","M","?","T","R","M","R","?","M","R","BOSS"],"build_version":"2019-01-23","purchased_purges":0,"victory":false,"max_hp_per_floor":[77,77,77,77,77,77,77,77,77,77,77,77,77,77,77,77,77,77,77,77,53,53,53,53,53,53,53,53,53,53,53,53,53],"card_choices":[{"not_picked":["Prepared","Skewer"],"picked":"Deflect","floor":1},{"not_picked":["Concentrate","Predator"],"picked":"Poisoned Stab","floor":2},{"not_picked":["Caltrops","Choke"],"picked":"Cloak And Dagger","floor":3},{"not_picked":["Cloak And Dagger","Slice"],"picked":"PiercingWail","floor":4},{"not_picked":["Skewer","Concentrate"],"picked":"Dagger Throw","floor":7},{"not_picked":["Sucker Punch","Glass Knife"],"picked":"Outmaneuver","floor":11},{"not_picked":["Underhanded Strike","Tactician","Slice"],"picked":"SKIP","floor":14},{"not_picked":["Die Die Die","Phantasmal Killer"],"picked":"After Image","floor":16},{"not_picked":["Well Laid Plans","Backflip+1"],"picked":"Prepared","floor":18},{"not_picked":["Sucker Punch+1","Cloak And Dagger"],"picked":"Bouncing Flask","floor":19},{"not_picked":["Deflect+1","Accuracy+1"],"picked":"Reflex","floor":20},{"not_picked":["Blade Dance","Dagger Spray"],"picked":"Cloak And Dagger+1","floor":24},{"not_picked":["Dagger Throw","Cloak And Dagger"],"picked":"PiercingWail","floor":25},{"not_picked":["PiercingWail","Cloak And Dagger+1"],"picked":"Adrenaline","floor":28},{"not_picked":["Dagger Spray","Bane"],"picked":"Deadly Poison","floor":31}],"player_experience":245233,"relics_obtained":[{"floor":7,"key":"Anchor"},{"floor":9,"key":"Regal Pillow"},{"floor":11,"key":"Ancient Tea Set"},{"floor":22,"key":"Tingsha"}],"event_choices":[{"cards_removed":["Defend_G"],"damage_healed":0,"gold_gain":0,"player_choice":"Card Removal","damage_taken":0,"max_hp_gain":0,"max_hp_loss":0,"event_name":"The Cleric","floor":5,"gold_loss":50},{"damage_healed":0,"gold_gain":0,"player_choice":"Take Damage","damage_taken":19,"relics_obtained":["Golden Idol"],"max_hp_gain":0,"max_hp_loss":0,"event_name":"Golden Idol","floor":12,"gold_loss":0},{"damage_healed":0,"gold_gain":0,"player_choice":"Became a vampire","damage_taken":0,"max_hp_gain":0,"max_hp_loss":24,"event_name":"Vampires","floor":21,"gold_loss":0,"cards_obtained":["Bite","Bite","Bite","Bite","Bite"]},{"damage_healed":0,"gold_gain":0,"player_choice":"Relic","damage_taken":0,"max_hp_gain":0,"max_hp_loss":0,"event_name":"Wheel of Change","floor":22,"gold_loss":0},{"damage_healed":0,"gold_gain":0,"player_choice":"Obtain J.A.X.","damage_taken":0,"max_hp_gain":0,"max_hp_loss":0,"event_name":"Drug Dealer","floor":30,"gold_loss":0,"cards_obtained":["J.A.X."]}],"is_beta":false,"boss_relics":[{"not_picked":["Snecko Eye","Runic Dome"],"picked":"Ring of the Serpent"}],"items_purged_floors":[],"is_endless":false,"potions_floor_spawned":[2,4,7,14,16,20,28],"killed_by":"Collector","ascension_level":5}