{"gold_per_floor":[109,284,284,295,370,395,395,405,405,405,415,431,443,443,443,538,538,557,282,197,467,496,496,507,507],"floor_reached":25,"playtime":1352,"items_purged":["Strike_G"],"score":262,"play_id":"83768663-dc3d-4fae-9722-2d9410719a5a","local_time":"20180905025919","is_ascension_mode":true,"campfire_choices":[{"data":"Neutralize","floor":7,"key":"SMITH"},{"data":"After Image","floor":10,"key":"SMITH"},{"data":"Poisoned Stab","floor":15,"key":"SMITH"},{"floor":23,"key":"REST"}],"neow_cost":"NONE","seed_source_timestamp":1409535064786657,"circlet_count":0,"master_deck":["Defend_G","Defend_G","Defend_G","Defend_G","Strike_G","Strike_G","Survivor","Neutralize+1","Expertise","Doubt","Backflip","After Image+1","Poisoned Stab+1","Caltrops","PiercingWail","Corpse Explosion","Tools of the Trade+1","Choke+1","A Thousand Cuts+1","Poisoned Stab+1","Noxious Fumes","Deadly Poison","Dramatic Entrance"],"relics":["Ring of the Snake","NeowsBlessing","The Courier","Kunai","Strawberry","FaceOfCleric","Astrolabe","Bag of Marbles","Singing Bowl","Red Mask"],"potions_floor_usage":[16,18,22,24],"damage_taken":[{"damage":0,"enemies":"Jaw Worm","floor":1,"turns":1},{"damage":0,"enemies":"2 Louse","floor":4,"turns":1},{"damage":0,"enemies":"3 Sentries","floor":6,"turns":1},{"damage":3,"enemies":"Cultist","floor":8,"turns":5},{"damage":0,"enemies":"Blue Slaver","floor":11,"turns":7},{"damage":0,"enemies":"Looter","floor":12,"turns":4},{"damage":1,"enemies":"Red Slaver","floor":13,"turns":6},{"damage":25,"enemies":"The Guardian","floor":16,"turns":12},{"damage":13,"enemies":"Chosen","floor":18,"turns":6},{"damage":24,"enemies":"Masked Bandits","floor":22,"turns":4},{"damage":8,"enemies":"2 Thieves","floor":24,"turns":3},{"damage":5,"enemies":"Cultist and Chosen","floor":25,"turns":4}],"seed_played":"-5105636933500360564","potions_obtained":[{"floor":1,"key":"Dexterity Potion"},{"floor":11,"key":"Poison Potion"},{"floor":13,"key":"Dexterity Potion"},{"floor":22,"key":"Dexterity Potion"},{"floor":24,"key":"SteroidPotion"}],"is_trial":false,"path_per_floor":["M","?","?","M","?","E","R","M","T","R","M","M","M","?","R","B",null,"M","$","?","?","?","R","M"],"character_chosen":"THE_SILENT","items_purchased":["Noxious Fumes","Deadly Poison","Bag of Marbles"],"campfire_rested":1,"item_purchase_floors":[19,19,19],"current_hp_per_floor":[70,70,63,63,52,52,52,49,56,56,56,56,55,55,55,31,78,66,66,66,31,10,34,29,24],"gold":507,"neow_bonus":"THREE_ENEMY_KILL","is_prod":false,"is_daily":false,"chose_seed":false,"campfire_upgraded":3,"win_rate":0,"timestamp":1536083959,"path_taken":["M","?","?","?","?","E","R","M","T","R","M","M","M","?","R","BOSS","M","$","?","?","?","R","M","M"],"build_version":"2018-08-30","purchased_purges":1,"victory":false,"max_hp_per_floor":[70,70,70,70,70,70,70,70,77,77,77,77,77,77,77,78,78,79,79,79,79,82,82,85,85],"card_choices":[{"not_picked":["Calculated Gamble","Skewer"],"picked":"Expertise","floor":1},{"not_picked":["Quick Slash","Acrobatics","Underhanded Strike"],"picked":"SKIP","floor":4},{"not_picked":["Infinite Blades","Outmaneuver"],"picked":"Backflip","floor":6},{"not_picked":["Cloak And Dagger","Predator"],"picked":"After Image","floor":8},{"not_picked":["Heel Hook","Backflip"],"picked":"Poisoned Stab","floor":11},{"not_picked":["Dagger Spray","Dodge and Roll"],"picked":"Caltrops","floor":12},{"not_picked":["Blade Dance","Finisher"],"picked":"PiercingWail","floor":13},{"not_picked":["Die Die Die","Tools of the Trade"],"picked":"Corpse Explosion","floor":16},{"not_picked":["Slice","Dagger Throw"],"picked":"Poisoned Stab+1","floor":18},{"not_picked":["Sucker Punch","Accuracy","Backstab"],"picked":"Singing Bowl","floor":22},{"not_picked":["Setup","Acrobatics+1","Finisher+1"],"picked":"Singing Bowl","floor":24}],"player_experience":229834,"relics_obtained":[{"floor":6,"key":"Kunai"},{"floor":9,"key":"Strawberry"},{"floor":22,"key":"Red Mask"}],"event_choices":[{"event_name":"Liars Game","player_choice":"agreed","floor":2,"damage_taken":0},{"event_name":"Scrap Ooze","player_choice":"success","floor":3,"damage_taken":7},{"event_name":"World of Goop","player_choice":"Gather Gold","floor":5,"damage_taken":0},{"event_name":"FaceTrader","player_choice":"Trade","floor":14,"damage_taken":0},{"event_name":"Addict","player_choice":"Obtained Relic","floor":20,"damage_taken":0},{"event_name":"Knowing Skull","player_choice":"CARD GOLD GOLD GOLD ","floor":21,"damage_taken":0},{"event_name":"Masked Bandits","player_choice":"Fought Bandits","floor":22,"damage_taken":0}],"is_beta":false,"boss_relics":[{"not_picked":["HoveringKite","Philosopher\u0027s Stone"],"picked":"Astrolabe"}],"items_purged_floors":[19],"is_endless":false,"potions_floor_spawned":[1,11,13,22,24],"killed_by":"Cultist and Chosen","ascension_level":1}