{"gold_per_floor":[117,117,140,156,35,35,71,71,71,71,71,71,90,90,90,213,213,233,248,11,11,30,30],"floor_reached":23,"playtime":5161,"items_purged":[],"score":208,"play_id":"d6a690f8-7f54-466b-9360-b8a829380c14","local_time":"20190508000936","is_ascension_mode":true,"campfire_choices":[{"data":"Dagger Throw","floor":6,"key":"SMITH"},{"floor":8,"key":"REST"},{"data":"Neutralize","floor":10,"key":"SMITH"},{"floor":15,"key":"REST"}],"neow_cost":"NONE","seed_source_timestamp":509366544812800,"circlet_count":0,"master_deck":["Defend_G","Defend_G","Defend_G","Defend_G","Defend_G+1","Strike_G","Strike_G","Strike_G","Strike_G","Survivor","Neutralize+1","Burst","Calculated Gamble+1","Dagger Throw+1","Doppelganger+1","Leg Sweep","Footwork","Dash","Deadly Poison","Backflip+1","PiercingWail","Mind Blast","Blade Dance"],"relics":["Ring of the Snake","Golden Idol","Pocketwatch","Matryoshka","Oddly Smooth Stone","Runic Pyramid","Pen Nib"],"potions_floor_usage":[7,7,13,13,19,22],"damage_taken":[{"damage":4,"enemies":"Small Slimes","floor":1,"turns":9},{"damage":4,"enemies":"Jaw Worm","floor":3,"turns":6},{"damage":1,"enemies":"2 Louse","floor":4,"turns":4},{"damage":31,"enemies":"3 Sentries","floor":7,"turns":13},{"damage":0,"enemies":"2 Fungi Beasts","floor":13,"turns":4},{"damage":16,"enemies":"The Guardian","floor":16,"turns":12},{"damage":2,"enemies":"Shell Parasite","floor":18,"turns":15},{"damage":10,"enemies":"2 Thieves","floor":19,"turns":5},{"damage":13,"enemies":"Cultist and Chosen","floor":22,"turns":12},{"damage":45,"enemies":"Gremlin Leader","floor":23,"turns":6}],"seed_played":"-2386790851970817975","potions_obtained":[{"floor":3,"key":"AttackPotion"},{"floor":4,"key":"EntropicBrew"},{"floor":18,"key":"Weak Potion"},{"floor":22,"key":"SpeedPotion"}],"is_trial":false,"path_per_floor":["M","?","M","M","$","R","E","R","T","R","?","?","M","?","R","B",null,"M","M","$","?","M","E"],"character_chosen":"THE_SILENT","items_purchased":["Leg Sweep","Footwork","Mind Blast","Pen Nib"],"campfire_rested":2,"item_purchase_floors":[5,5,20,20],"current_hp_per_floor":[66,49,45,44,44,44,13,34,34,34,22,22,49,35,56,40,70,68,58,58,58,45,0],"gold":30,"neow_bonus":"ONE_RANDOM_RARE_CARD","is_prod":false,"is_daily":false,"chose_seed":false,"campfire_upgraded":2,"win_rate":0,"timestamp":1557288576,"path_taken":["M","?","M","M","$","R","E","R","T","R","?","?","M","?","R","BOSS","M","M","$","?","M","E"],"build_version":"2019-01-23","purchased_purges":0,"victory":false,"max_hp_per_floor":[70,70,70,70,70,70,70,70,70,70,70,70,70,70,70,70,70,70,70,70,70,70,70],"card_choices":[{"not_picked":["Outmaneuver","Choke"],"picked":"Calculated Gamble","floor":1},{"not_picked":["Acrobatics","Dodge and Roll"],"picked":"Dagger Throw","floor":3},{"not_picked":["Backflip","Underhanded Strike"],"picked":"Doppelganger","floor":4},{"not_picked":["Predator","Endless Agony"],"picked":"Dash","floor":7},{"not_picked":["Poisoned Stab","Bane"],"picked":"Deadly Poison","floor":13},{"not_picked":["Quick Slash","Masterful Stab"],"picked":"Backflip+1","floor":18},{"not_picked":["Escape Plan","Prepared"],"picked":"PiercingWail","floor":19},{"not_picked":["Expertise+1","Quick Slash"],"picked":"Blade Dance","floor":22}],"player_experience":131165,"relics_obtained":[{"floor":7,"key":"Pocketwatch"},{"floor":9,"key":"Matryoshka"}],"event_choices":[{"damage_healed":0,"gold_gain":0,"player_choice":"Take Damage","damage_taken":17,"relics_obtained":["Golden Idol"],"max_hp_gain":0,"max_hp_loss":0,"event_name":"Golden Idol","floor":2,"gold_loss":0},{"damage_healed":0,"gold_gain":0,"player_choice":"Success","damage_taken":12,"relics_obtained":["Oddly Smooth Stone"],"max_hp_gain":0,"max_hp_loss":0,"event_name":"Scrap Ooze","floor":11,"gold_loss":0},{"damage_healed":0,"gold_gain":0,"player_choice":"Grow","damage_taken":0,"max_hp_gain":0,"max_hp_loss":0,"event_name":"Living Wall","floor":12,"gold_loss":0,"cards_upgraded":["Calculated Gamble"]},{"damage_healed":0,"gold_gain":0,"player_choice":"Entered Light","damage_taken":14,"max_hp_gain":0,"max_hp_loss":0,"event_name":"Shining Light","floor":14,"gold_loss":0,"cards_upgraded":["Doppelganger","Defend_G"]},{"cards_removed":["Strike_G"],"damage_healed":0,"gold_gain":0,"player_choice":"Offered Basic","damage_taken":0,"max_hp_gain":0,"max_hp_loss":0,"event_name":"Bonfire Elementals","floor":21,"gold_loss":0}],"is_beta":false,"boss_relics":[{"not_picked":["Empty Cage","Snecko Eye"],"picked":"Runic Pyramid"}],"items_purged_floors":[],"is_endless":false,"potions_floor_spawned":[3,4,7,18,22],"killed_by":"Gremlin Leader","ascension_level":2}