{"gold_per_floor":[362,437,208,218,237,265,265,300,300,313,313,332,332,332,332,431,431,450,431,18,32,32,32],"floor_reached":23,"playtime":719,"items_purged":["Regret"],"score":241,"play_id":"6f552266-900b-4e9e-97ef-ea1fef0d222c","local_time":"20190506210747","is_ascension_mode":true,"campfire_choices":[{"data":"Self Repair","floor":7,"key":"SMITH"},{"floor":11,"key":"REST"},{"floor":15,"key":"RECALL"}],"neow_cost":"TEN_PERCENT_HP_LOSS","seed_source_timestamp":1821499243056845,"circlet_count":0,"master_deck":["Strike_B","Strike_B","Strike_B","Strike_B","Defend_B","Defend_B","Defend_B","Defend_B","Zap","Dualcast","Compile Driver","Self Repair+1","Rebound","Streamline","Multi-Cast","White Noise","Glacier","BootSequence","Core Surge","Beam Cell","Ball Lightning","Defragment","Amplify","Master of Strategy","Hologram"],"relics":["FrozenCore","Anchor","Centennial Puzzle","Pantograph","Bronze Scales","Peace Pipe","Calipers"],"potions_floor_usage":[6,6,16,23,23],"damage_taken":[{"damage":0,"enemies":"Small Slimes","floor":1,"turns":3},{"damage":0,"enemies":"Jaw Worm","floor":4,"turns":3},{"damage":0,"enemies":"2 Louse","floor":5,"turns":2},{"damage":28,"enemies":"Gremlin Nob","floor":6,"turns":4},{"damage":35,"enemies":"3 Sentries","floor":8,"turns":6},{"damage":3,"enemies":"Blue Slaver","floor":10,"turns":3},{"damage":20,"enemies":"2 Fungi Beasts","floor":12,"turns":3},{"damage":59,"enemies":"Slime Boss","floor":16,"turns":11},{"damage":24,"enemies":"3 Byrds","floor":18,"turns":5},{"damage":11,"enemies":"2 Thieves","floor":19,"turns":4},{"damage":12,"enemies":"Snake Plant","floor":21,"turns":5},{"damage":56,"enemies":"Gremlin Leader","floor":23,"turns":8}],"seed_played":"1615657443092221419","potions_obtained":[{"floor":1,"key":"Dexterity Potion"},{"floor":4,"key":"Regen Potion"},{"floor":5,"key":"Energy Potion"},{"floor":10,"key":"FocusPotion"},{"floor":16,"key":"Explosive Potion"},{"floor":18,"key":"Poison Potion"},{"floor":21,"key":"Regen Potion"}],"is_trial":false,"path_per_floor":["M","?","$","M","M","E","R","E","T","M","R","M","T","?","R","B",null,"M","M","$","M","?","E"],"character_chosen":"DEFECT","items_purchased":["Self Repair","Anchor","Defragment","Amplify","Master of Strategy"],"campfire_rested":1,"item_purchase_floors":[3,3,20,20,20],"current_hp_per_floor":[68,57,57,64,64,48,48,23,23,30,50,40,40,40,40,16,68,54,43,43,41,41,0],"gold":32,"neow_bonus":"TWO_FIFTY_GOLD","is_prod":false,"is_daily":false,"chose_seed":false,"campfire_upgraded":1,"win_rate":0,"timestamp":1557133667,"path_taken":["M","?","$","M","M","E","R","E","T","M","R","M","?","?","R","BOSS","M","M","$","M","?","E"],"build_version":"2019-01-23","purchased_purges":1,"victory":false,"max_hp_per_floor":[68,68,68,68,68,68,68,68,68,68,68,68,68,68,68,68,68,68,68,68,68,68,68],"card_choices":[{"not_picked":["Rip and Tear","Coolheaded"],"picked":"Compile Driver","floor":1},{"not_picked":["Hologram","Turbo"],"picked":"Rebound","floor":4},{"not_picked":["Auto Shields","Sweeping Beam"],"picked":"Streamline","floor":5},{"not_picked":["Turbo","Rebound"],"picked":"Multi-Cast","floor":6},{"not_picked":["Recycle","Turbo"],"picked":"White Noise","floor":8},{"not_picked":["Multi-Cast","Darkness"],"picked":"Glacier","floor":10},{"not_picked":["Heatsinks","Genetic Algorithm"],"picked":"BootSequence","floor":12},{"not_picked":["Rainbow","Multi-Cast"],"picked":"Core Surge","floor":16},{"not_picked":["Hello World","Turbo"],"picked":"Beam Cell","floor":18},{"not_picked":["Steam Power","Force Field"],"picked":"Ball Lightning","floor":19},{"not_picked":["Hyperbeam","Doom and Gloom"],"picked":"Hologram","floor":21}],"player_experience":197945,"relics_obtained":[{"floor":6,"key":"Centennial Puzzle"},{"floor":8,"key":"Pantograph"},{"floor":9,"key":"Bronze Scales"},{"floor":13,"key":"Peace Pipe"}],"event_choices":[{"damage_healed":0,"gold_gain":75,"player_choice":"Gather Gold","damage_taken":11,"max_hp_gain":0,"max_hp_loss":0,"event_name":"World of Goop","floor":2,"gold_loss":0},{"damage_healed":0,"gold_gain":0,"player_choice":"Box","damage_taken":0,"relics_obtained":["Calipers"],"max_hp_gain":0,"max_hp_loss":0,"event_name":"Big Fish","floor":14,"gold_loss":0,"cards_obtained":["Regret"]},{"damage_healed":0,"gold_gain":0,"player_choice":"Ignored","damage_taken":0,"max_hp_gain":0,"max_hp_loss":0,"event_name":"Vampires","floor":22,"gold_loss":0}],"is_beta":false,"boss_relics":[{"not_picked":["Eternal Feather","Orrery"],"picked":"FrozenCore"}],"items_purged_floors":[20],"is_endless":false,"potions_floor_spawned":[1,4,5,10,16,18,21],"killed_by":"Gremlin Leader","ascension_level":4}