{"gold_per_floor":[115,129,129,145,145,145,145,173,173,185,202,212,212,223,223,223],"floor_reached":16,"playtime":708,"items_purged":[],"score":114,"play_id":"0afc1481-8a48-42f6-b4da-1e68478ea043","local_time":"20190428150935","is_ascension_mode":true,"campfire_choices":[{"data":"Defragment","floor":6,"key":"SMITH"},{"floor":13,"key":"REST"},{"data":"Defragment","floor":15,"key":"SMITH"}],"neow_cost":"NONE","seed_source_timestamp":1108830295662003,"circlet_count":0,"master_deck":["Strike_B","Strike_B","Strike_B","Defend_B","Defend_B","Defend_B","Defend_B","Zap","Dualcast","Cold Snap","Conserve Battery","Leap","Storm","Chaos","Defragment+1","Steam","Cold Snap","Regret","Defragment+1","Chill","Fusion","FTL"],"relics":["Orrery","Bag of Preparation","Gremlin Horn","Singing Bowl"],"potions_floor_usage":[16,16],"damage_taken":[{"damage":6,"enemies":"Cultist","floor":1,"turns":5},{"damage":2,"enemies":"Small Slimes","floor":2,"turns":4},{"damage":8,"enemies":"2 Louse","floor":4,"turns":3},{"damage":8,"enemies":"3 Sentries","floor":8,"turns":10},{"damage":2,"enemies":"Exordium Wildlife","floor":10,"turns":3},{"damage":7,"enemies":"2 Fungi Beasts","floor":11,"turns":4},{"damage":3,"enemies":"3 Louse","floor":12,"turns":5},{"damage":10,"enemies":"Gremlin Gang","floor":14,"turns":7},{"damage":51,"enemies":"Hexaghost","floor":16,"turns":16}],"seed_played":"-4211868322553948475","potions_obtained":[{"floor":10,"key":"FearPotion"},{"floor":11,"key":"Weak Potion"}],"is_trial":false,"path_per_floor":["M","M","?","M","?","R","?","E","T","M","M","M","R","M","R","B"],"character_chosen":"DEFECT","items_purchased":[],"campfire_rested":1,"item_purchase_floors":[],"current_hp_per_floor":[69,67,64,56,56,56,56,48,48,46,39,36,58,50,50,0],"gold":223,"neow_bonus":"BOSS_RELIC","is_prod":false,"is_daily":false,"chose_seed":false,"campfire_upgraded":2,"win_rate":0,"timestamp":1556420975,"path_taken":["M","?","?","M","?","R","?","E","T","M","M","M","R","M","R","BOSS"],"build_version":"2019-01-23","purchased_purges":0,"victory":false,"max_hp_per_floor":[75,75,75,75,75,75,75,75,75,75,75,75,75,77,77,77],"card_choices":[{"not_picked":["Sweeping Beam","Go for the Eyes"],"picked":"Cold Snap","floor":0},{"not_picked":["Static Discharge","Turbo"],"picked":"Conserve Battery","floor":0},{"not_picked":["Barrage","Stack"],"picked":"Leap","floor":0},{"not_picked":["Compile Driver","Cold Snap"],"picked":"Storm","floor":0},{"not_picked":["Leap","Reinforced Body"],"picked":"Chaos","floor":0},{"not_picked":["Sweeping Beam","Darkness","Fission"],"picked":"SKIP","floor":1},{"not_picked":["BootSequence","Static Discharge"],"picked":"Defragment","floor":2},{"not_picked":["Barrage","Conserve Battery"],"picked":"Steam","floor":4},{"not_picked":["Undo","Cold Snap"],"picked":"Defragment","floor":8},{"not_picked":["Redo","Stack"],"picked":"Chill","floor":10},{"not_picked":["Compile Driver","Gash"],"picked":"Fusion","floor":11},{"not_picked":["Stack","Beam Cell"],"picked":"FTL","floor":12},{"not_picked":["Rainbow","Sweeping Beam","Go for the Eyes"],"picked":"Singing Bowl","floor":14}],"player_experience":111468,"relics_obtained":[{"floor":8,"key":"Singing Bowl"}],"event_choices":[{"damage_healed":0,"gold_gain":0,"player_choice":"Success","damage_taken":3,"relics_obtained":["Bag of Preparation"],"max_hp_gain":0,"max_hp_loss":0,"event_name":"Scrap Ooze","floor":3,"gold_loss":0},{"damage_healed":0,"gold_gain":0,"cards_transformed":["Strike_B"],"player_choice":"Change","damage_taken":0,"max_hp_gain":0,"max_hp_loss":0,"event_name":"Living Wall","floor":5,"gold_loss":0,"cards_obtained":["Cold Snap"]},{"damage_healed":0,"gold_gain":0,"player_choice":"Box","damage_taken":0,"relics_obtained":["Gremlin Horn"],"max_hp_gain":0,"max_hp_loss":0,"event_name":"Big Fish","floor":7,"gold_loss":0,"cards_obtained":["Regret"]}],"is_beta":false,"boss_relics":[],"items_purged_floors":[],"is_endless":false,"potions_floor_spawned":[10,11],"killed_by":"Hexaghost","ascension_level":2}