{"gold_per_floor":[217,235,235,235,235,235,235,266,266,266,284,5,5,19,19,150,150,166,166,66,80,30,63,63,86,86,86,99,119,119,44,44,44],"floor_reached":33,"playtime":1658,"items_purged":["Strike_R","Strike_R+1"],"score":289,"play_id":"7a0ae84e-4314-4582-b8c0-5f247f2e2466","local_time":"20180915142237","is_ascension_mode":true,"campfire_choices":[{"data":"Wild Strike","floor":6,"key":"SMITH"},{"data":"Double Tap","floor":10,"key":"SMITH"},{"data":"Shrug It Off","floor":15,"key":"SMITH"},{"data":"Pommel Strike","floor":24,"key":"SMITH"},{"data":"Seeing Red","floor":27,"key":"SMITH"},{"data":"Perfected Strike","floor":32,"key":"SMITH"}],"neow_cost":"NONE","seed_source_timestamp":2314222203993166,"circlet_count":0,"master_deck":["Strike_R+1","Defend_R+1","Defend_R+1","Defend_R+1","Defend_R+1","Bash+1","Wild Strike+1","Double Tap+1","Shrug It Off+1","Perfected Strike+1","Feed","Twin Strike","Perfected Strike","Pommel Strike+1","Seeing Red+1","Shrug It Off","Battle Trance+1"],"relics":["Burning Blood","Dream Catcher","Happy Flower","Sundial","Orichalcum","Golden Idol","Sozu","Pen Nib","Omamori"],"potions_floor_usage":[18,33],"damage_taken":[{"damage":9,"enemies":"Jaw Worm","floor":1,"turns":6},{"damage":7,"enemies":"Small Slimes","floor":2,"turns":3},{"damage":39,"enemies":"3 Sentries","floor":8,"turns":10},{"damage":6,"enemies":"2 Louse","floor":11,"turns":3},{"damage":0,"enemies":"Exordium Wildlife","floor":14,"turns":5},{"damage":14,"enemies":"Slime Boss","floor":16,"turns":5},{"damage":12,"enemies":"Shell Parasite","floor":18,"turns":3},{"damage":4,"enemies":"3 Byrds","floor":21,"turns":5},{"damage":14,"enemies":"Slavers","floor":23,"turns":5},{"damage":8,"enemies":"Cultist and Chosen","floor":25,"turns":4},{"damage":5,"enemies":"Sentry and Sphere","floor":28,"turns":4},{"damage":1,"enemies":"Centurion and Healer","floor":29,"turns":5},{"damage":103,"enemies":"Collector","floor":33,"turns":11}],"seed_played":"-5871784794783709991","potions_obtained":[{"floor":11,"key":"GamblersBrew"},{"floor":14,"key":"Poison Potion"}],"is_trial":false,"path_per_floor":["M","M","?","?","?","R","?","E","T","R","M","$","?","M","R","B",null,"M","?","$","M","$","E","R","M","T","R","M","M","$","?","R"],"character_chosen":"IRONCLAD","items_purchased":["Shrug It Off","Orichalcum","Perfected Strike"],"campfire_rested":0,"item_purchase_floors":[12,12,22],"current_hp_per_floor":[77,76,81,81,74,74,71,38,38,38,38,38,38,44,44,36,79,73,73,73,78,78,73,73,74,74,74,78,83,83,83,83,0],"gold":44,"neow_bonus":"HUNDRED_GOLD","is_prod":false,"is_daily":false,"chose_seed":false,"campfire_upgraded":6,"win_rate":0,"timestamp":1536988957,"path_taken":["M","M","?","?","?","R","?","E","T","R","M","$","?","M","R","BOSS","M","?","?","M","$","E","R","M","T","R","M","M","$","?","R","BOSS"],"build_version":"2018-09-06","purchased_purges":2,"victory":false,"max_hp_per_floor":[80,80,85,85,85,85,85,85,85,85,85,85,79,79,79,79,79,79,79,79,82,82,85,85,88,88,88,91,91,91,91,91,91],"card_choices":[{"not_picked":["Thunderclap","Heavy Blade"],"picked":"Wild Strike","floor":1},{"not_picked":["Clash","Warcry","Heavy Blade"],"picked":"SKIP","floor":2},{"not_picked":["Armaments","Shockwave"],"picked":"Double Tap","floor":8},{"not_picked":["Cleave","Iron Wave","Second Wind"],"picked":"SKIP","floor":11},{"not_picked":["Pummel","Disarm"],"picked":"Perfected Strike","floor":14},{"not_picked":["Reaper","Bludgeon"],"picked":"Feed","floor":16},{"not_picked":["Headbutt","Body Slam+1","True Grit+1"],"picked":"SKIP","floor":18},{"not_picked":["Feel No Pain+1","Bloodletting"],"picked":"Twin Strike","floor":21},{"not_picked":["Rupture+1","True Grit+1"],"picked":"Pommel Strike","floor":23},{"not_picked":["Hemokinesis+1","Disarm"],"picked":"Seeing Red","floor":25},{"not_picked":["Immolate","Spot Weakness"],"picked":"Shrug It Off","floor":28},{"not_picked":["Sword Boomerang","Flex"],"picked":"Battle Trance+1","floor":29}],"player_experience":275700,"relics_obtained":[{"floor":8,"key":"Happy Flower"},{"floor":9,"key":"Sundial"},{"floor":23,"key":"Pen Nib"},{"floor":26,"key":"Omamori"}],"event_choices":[{"event_name":"Big Fish","player_choice":"Donut","floor":3,"damage_taken":0},{"event_name":"Living Wall","player_choice":"Grow","floor":4,"damage_taken":0},{"event_name":"Golden Wing","player_choice":"Card Removal","floor":5,"damage_taken":0},{"event_name":"Scrap Ooze","player_choice":"success","floor":7,"damage_taken":3},{"event_name":"Golden Idol","player_choice":"Lose Max HP","floor":13,"damage_taken":0},{"event_name":"Back to Basics","player_choice":"Simplicity","floor":19,"damage_taken":0},{"event_name":"Beggar","player_choice":"Gave Gold","floor":31,"damage_taken":0}],"is_beta":false,"boss_relics":[{"not_picked":["Orrery","Mark of Pain"],"picked":"Sozu"}],"items_purged_floors":[12,20],"is_endless":false,"potions_floor_spawned":[11,14,25],"killed_by":"Collector","ascension_level":2}