{"gold_per_floor":[117,117,137,153,328,328,358,358,437,437,449,449,68,68,80,92],"floor_reached":16,"playtime":684,"items_purged":["Strike_R"],"score":103,"play_id":"cf0086cb-665a-4bab-a541-b82f7786aa85","local_time":"20180828082453","is_ascension_mode":true,"campfire_choices":[{"data":"Armaments","floor":6.0,"key":"SMITH"},{"floor":8.0,"key":"REST"},{"data":"Wild Strike","floor":10.0,"key":"SMITH"},{"floor":15.0,"key":"REST"}],"neow_cost":"PERCENT_DAMAGE","seed_source_timestamp":0,"circlet_count":0,"master_deck":["Strike_R","Strike_R+1","Strike_R","Defend_R","Defend_R","Defend_R","Defend_R","Bash+1","Armaments+1","Doubt","Wild Strike+1","Apotheosis","Heavy Blade","Pommel Strike"],"special_seed":0,"relics":["Burning Blood","Charon\u0027s Ashes","Whetstone","Frozen Egg 2","Mercury Hourglass","MawBank"],"potions_floor_usage":[16],"damage_taken":[{"damage":10.0,"enemies":"Cultist","floor":1.0,"turns":4.0},{"damage":1.0,"enemies":"Small Slimes","floor":3.0,"turns":3.0},{"damage":10.0,"enemies":"Jaw Worm","floor":4.0,"turns":5.0},{"damage":38.0,"enemies":"Gremlin Nob","floor":7.0,"turns":6.0},{"damage":21.0,"enemies":"Lots of Slimes","floor":11.0,"turns":6.0},{"damage":23,"enemies":"The Guardian","floor":16,"turns":6}],"seed_played":"-3118066725254000893","potions_obtained":[{"floor":1.0,"key":"Ancient Potion"},{"floor":4.0,"key":"Weak Potion"},{"floor":11.0,"key":"Ancient Potion"}],"is_trial":false,"path_per_floor":["M","?","M","M","?","R","E","R","T","R","M","T","$","?","R"],"character_chosen":"IRONCLAD","items_purchased":["Apotheosis","Heavy Blade","Pommel Strike"],"campfire_rested":2,"item_purchase_floors":[13,13,13],"current_hp_per_floor":[52,52,57,53,53,53,21,45,45,45,30,30,30,18,42,19],"gold":92,"neow_bonus":"ONE_RARE_RELIC","is_prod":false,"is_daily":false,"chose_seed":false,"campfire_upgraded":2,"win_rate":0,"timestamp":1535412293,"path_taken":["M","?","M","?","?","R","E","R","T","R","M","?","$","?","R","BOSS"],"build_version":"2018-08-23v2","purchased_purges":1,"victory":false,"max_hp_per_floor":[80,80,80,80,80,80,80,80,80,80,80,80,80,80,80,80],"card_choices":[{"not_picked":["Hemokinesis","Thunderclap","Havoc"],"picked":"SKIP","floor":1.0},{"not_picked":["Wild Strike","Corruption"],"picked":"Armaments","floor":3.0},{"not_picked":["Sword Boomerang","Spot Weakness","Armaments"],"picked":"SKIP","floor":4.0},{"not_picked":["Bloodletting","Inflame"],"picked":"Wild Strike","floor":7.0},{"not_picked":["Body Slam","Bludgeon","Headbutt"],"picked":"SKIP","floor":11.0}],"player_experience":154463,"relics_obtained":[{"floor":7.0,"key":"Whetstone"},{"floor":9.0,"key":"Frozen Egg 2"},{"floor":12.0,"key":"Mercury Hourglass"}],"event_choices":[{"event_name":"Living Wall","player_choice":"Forget","floor":2.0,"damage_taken":0.0},{"event_name":"Liars Game","player_choice":"agreed","floor":5.0,"damage_taken":0.0},{"event_name":"Scrap Ooze","player_choice":"success","floor":14.0,"damage_taken":12.0}],"is_beta":false,"boss_relics":[],"items_purged_floors":[13],"is_endless":false,"potions_floor_spawned":[1,4,11],"killed_by":"The Guardian","ascension_level":1}