{"gold_per_floor":[117,292,309,333,56,56,89,89,89,124,45,57,57,57,57,187,187,207,207,207,202,202,46,46,79,126,151,151,172,192,44,44,174,174,193,256,589,589,383,408,408,419,444,461,461,476,476,492,492,492],"floor_reached":51,"playtime":3108,"items_purged":["Doubt","Defend_B","Injury"],"score":856,"play_id":"de287a46-5c3f-4e7b-9ec7-44fd5c881e4d","local_time":"20180903223757","is_ascension_mode":true,"campfire_choices":[{"data":"Zap","floor":6,"key":"SMITH"},{"data":"Dualcast","floor":8,"key":"SMITH"},{"data":"White Noise","floor":13,"key":"SMITH"},{"data":"Hello World","floor":15,"key":"SMITH"},{"data":"Self Repair","floor":24,"key":"SMITH"},{"data":"Electrodynamics","floor":28,"key":"SMITH"},{"data":"Defragment","floor":32,"key":"SMITH"},{"data":"Defragment","floor":41,"key":"SMITH"},{"data":"Stack","floor":45,"key":"SMITH"},{"data":"Ball Lightning","floor":47,"key":"SMITH"},{"floor":49,"key":"REST"}],"neow_cost":"NONE","seed_source_timestamp":1305686732156656,"circlet_count":0,"master_deck":["Zap+1","Dualcast+1","White Noise+1","Stack+1","Undo","Hello World+1","Self Repair+1","Defragment+1","Double Energy+1","BootSequence+1","Coolheaded+1","Defragment+1","Electrodynamics+1","Undo+1","Turbo+1","White Noise+1","Tempest+1","Glacier+1","Hologram+1","BootSequence+1","Self Repair","Stack+1","Ball Lightning+1","Transmutation+1","Enlightenment+1","Master of Strategy+1","FTL","Cold Snap","Conserve Battery+1","Glacier+1","Biased Cognition"],"relics":["Cracked Core","Dream Catcher","Blood Vial","Lantern","Bronze Scales","Toxic Egg 2","Cables","Sozu","MawBank","Blue Candle","Centennial Puzzle","Juzu Bracelet","Pandora\u0027s Box","Incense Burner","DataDisk","Happy Flower"],"potions_floor_usage":[7,10,25],"damage_taken":[{"damage":0,"enemies":"Small Slimes","floor":1,"turns":2},{"damage":4,"enemies":"Jaw Worm","floor":3,"turns":5},{"damage":25,"enemies":"3 Sentries","floor":7,"turns":7},{"damage":5,"enemies":"Gremlin Nob","floor":10,"turns":4},{"damage":0,"enemies":"Cultist","floor":12,"turns":3},{"damage":9,"enemies":"Slime Boss","floor":16,"turns":9},{"damage":7,"enemies":"Shell Parasite","floor":18,"turns":5},{"damage":21,"enemies":"2 Thieves","floor":21,"turns":4},{"damage":22,"enemies":"Slavers","floor":25,"turns":4},{"damage":12,"enemies":"Centurion and Healer","floor":27,"turns":4},{"damage":13,"enemies":"Snecko","floor":29,"turns":4},{"damage":13,"enemies":"3 Cultists","floor":30,"turns":3},{"damage":10,"enemies":"Automaton","floor":33,"turns":10},{"damage":4,"enemies":"Orb Walker","floor":35,"turns":3},{"damage":20,"enemies":"Mysterious Sphere","floor":36,"turns":4},{"damage":16,"enemies":"Giant Head","floor":40,"turns":10},{"damage":12,"enemies":"3 Darklings","floor":42,"turns":4},{"damage":0,"enemies":"Sphere and 2 Shapes","floor":44,"turns":3},{"damage":5,"enemies":"Maw","floor":46,"turns":6},{"damage":28,"enemies":"Spire Growth","floor":48,"turns":4},{"damage":0,"enemies":"Donu and Deca","floor":50,"turns":6}],"seed_played":"8973017725000152698","potions_obtained":[{"floor":1,"key":"Strength Potion"},{"floor":7,"key":"Weak Potion"},{"floor":12,"key":"FearPotion"}],"is_trial":false,"path_per_floor":["M","?","M","T","$","R","E","R","T","E","$","M","R","?","R","B",null,"M","?","?","M","T","$","R","E","T","M","R","M","M","$","R","B",null,"M","?","?","?","$","E","R","M","T","M","R","M","R","M","R","B"],"character_chosen":"DEFECT","items_purchased":["Lantern","Stack","Self Repair","Defragment","Juzu Bracelet","FTL"],"campfire_rested":1,"item_purchase_floors":[5,5,11,23,31,39],"current_hp_per_floor":[75,75,71,71,71,71,48,48,48,45,45,54,54,54,54,47,75,75,75,75,61,61,61,61,51,51,51,51,50,49,49,49,51,75,75,72,72,62,62,72,72,69,69,75,75,75,75,54,75,75],"gold":492,"neow_bonus":"RANDOM_COMMON_RELIC","is_prod":false,"is_daily":false,"chose_seed":false,"campfire_upgraded":10,"win_rate":0,"timestamp":1535981877,"path_taken":["M","?","?","?","$","R","E","R","T","E","$","M","R","?","R","BOSS","M","?","?","?","?","?","R","E","T","M","R","M","?","$","R","BOSS","M","?","?","?","?","E","R","M","T","M","R","M","R","M","R","BOSS"],"build_version":"2018-08-30","purchased_purges":3,"victory":true,"max_hp_per_floor":[75,75,75,75,75,75,75,75,75,75,75,75,75,75,75,75,75,75,75,75,75,75,75,75,75,75,75,75,75,75,75,75,75,75,75,75,75,75,75,75,75,75,75,75,75,75,75,75,75,75],"card_choices":[{"not_picked":["Recycle","Beam Cell"],"picked":"White Noise","floor":1},{"not_picked":["Skim","Turbo","Barrage"],"picked":"SKIP","floor":3},{"not_picked":["Reinforced Body","Beam Cell"],"picked":"Undo","floor":7},{"not_picked":["Turbo+1","Force Field+1"],"picked":"Hello World","floor":10},{"not_picked":["Beam Cell","Sweeping Beam"],"picked":"Defragment","floor":12},{"not_picked":["Rebound","Steam+1"],"picked":"Double Energy+1","floor":18},{"not_picked":["Beam Cell","Stack+1"],"picked":"Coolheaded+1","floor":21},{"not_picked":["Hello World+1","Stack+1"],"picked":"Electrodynamics","floor":25},{"not_picked":["Hologram+1","Compile Driver+1"],"picked":"Undo+1","floor":27},{"not_picked":["Sweeping Beam","Barrage+1"],"picked":"Turbo+1","floor":29},{"not_picked":["Turbo+1","Stack+1"],"picked":"White Noise+1","floor":30},{"not_picked":["Rip and Tear","Leap+1"],"picked":"Ball Lightning","floor":35},{"not_picked":["Apotheosis+1","Magnetism"],"picked":"Transmutation+1","floor":38},{"not_picked":["Good Instincts+1","Transmutation+1"],"picked":"Enlightenment+1","floor":38},{"not_picked":["Panache","Trip+1"],"picked":"Master of Strategy+1","floor":38},{"not_picked":["Stack+1","Compile Driver+1"],"picked":"Cold Snap","floor":40},{"not_picked":["Chaos+1","Beam Cell"],"picked":"Conserve Battery+1","floor":42},{"not_picked":["Darkness+1","Cold Snap"],"picked":"Glacier+1","floor":44},{"not_picked":["Storm","Glacier+1","Conserve Battery+1"],"picked":"SKIP","floor":46},{"not_picked":["Steam+1","Coolheaded+1","Reprogram+1"],"picked":"SKIP","floor":48},{"not_picked":["Genetic Algorithm+1","Chill+1"],"picked":"Biased Cognition","floor":49}],"player_experience":212892,"relics_obtained":[{"floor":4,"key":"Blood Vial"},{"floor":7,"key":"Bronze Scales"},{"floor":9,"key":"Toxic Egg 2"},{"floor":10,"key":"Cables"},{"floor":22,"key":"MawBank"},{"floor":25,"key":"Blue Candle"},{"floor":26,"key":"Centennial Puzzle"},{"floor":36,"key":"Incense Burner"},{"floor":40,"key":"DataDisk"},{"floor":43,"key":"Happy Flower"}],"event_choices":[{"event_name":"Liars Game","player_choice":"agreed","floor":2,"damage_taken":0},{"event_name":"Golden Idol","player_choice":"Take Wound","floor":14,"damage_taken":0},{"event_name":"The Library","player_choice":"Read","floor":19,"damage_taken":0},{"event_name":"Purifier","player_choice":"One Purge","floor":20,"damage_taken":0},{"event_name":"Mysterious Sphere","player_choice":"Fight","floor":36,"damage_taken":0},{"event_name":"The Moai Head","player_choice":"Gave Idol","floor":37,"damage_taken":0},{"event_name":"SensoryStone","player_choice":"Memory 3","floor":38,"damage_taken":0}],"is_beta":false,"boss_relics":[{"not_picked":["Nuclear Battery","Calling Bell"],"picked":"Sozu"},{"not_picked":["FrozenCore","Tiny House"],"picked":"Pandora\u0027s Box"}],"items_purged_floors":[5,23,39],"is_endless":false,"potions_floor_spawned":[1,7,12,21,25,29,36,40,46,48],"ascension_level":3}