{"gold_per_floor":[115,40,315,315,330,356,356,373,419,419,119,119,149,149,149,244,244,261,261,294,209,84,109,109,129,129,145,145,160,160,39,39,39],"floor_reached":33,"playtime":2547,"items_purged":["Defend_G","Regret","Strike_G","Strike_G"],"score":296,"play_id":"99ad6652-4c0a-4ec7-8071-e8e6343334d1","local_time":"20180911054004","is_ascension_mode":true,"campfire_choices":[{"data":"Neutralize","floor":7,"key":"SMITH"},{"data":"Quick Slash","floor":10,"key":"SMITH"},{"data":"1","floor":15,"key":"LIFT"},{"data":"2","floor":24,"key":"LIFT"},{"data":"3","floor":28,"key":"LIFT"},{"data":"Tools of the Trade","floor":30,"key":"SMITH"},{"data":"Choke","floor":32,"key":"SMITH"}],"neow_cost":"NONE","seed_source_timestamp":1936383336098403,"circlet_count":0,"master_deck":["Defend_G","Defend_G","Defend_G+1","Defend_G+1","Strike_G","Strike_G","Survivor+1","Neutralize+1","Footwork","Dagger Spray","Quick Slash+1","PiercingWail","Backflip","Tools of the Trade+1","Deflect","Backstab","Quick Slash","Backflip","Deflect","Choke+1","Backstab"],"relics":["Ring of the Snake","War Paint","Juzu Bracelet","Blood Vial","Girya","Ancient Tea Set","WristBlade","MutagenicStrength","Red Mask","Oddly Smooth Stone","Smiling Mask","Bottled Flame"],"potions_floor_usage":[20,20,33],"damage_taken":[{"damage":0,"enemies":"Cultist","floor":1,"turns":5},{"damage":4,"enemies":"Jaw Worm","floor":5,"turns":5},{"damage":18,"enemies":"3 Sentries","floor":6,"turns":10},{"damage":0,"enemies":"2 Louse","floor":8,"turns":3},{"damage":1,"enemies":"Lagavulin","floor":13,"turns":10},{"damage":9,"enemies":"The Guardian","floor":16,"turns":16},{"damage":0,"enemies":"Shell Parasite","floor":18,"turns":7},{"damage":15,"enemies":"Masked Bandits","floor":20,"turns":8},{"damage":1,"enemies":"Book of Stabbing","floor":23,"turns":8},{"damage":3,"enemies":"Spheric Guardian","floor":25,"turns":5},{"damage":0,"enemies":"Centurion and Healer","floor":27,"turns":5},{"damage":1,"enemies":"3 Cultists","floor":29,"turns":6},{"damage":65,"enemies":"Champ","floor":33,"turns":19}],"seed_played":"-3043513141911094658","potions_obtained":[{"floor":8,"key":"EssenceOfSteel"},{"floor":18,"key":"FearPotion"},{"floor":29,"key":"SkillPotion"}],"is_trial":false,"path_per_floor":["M","$","?","?","M","E","R","M","T","R","$","?","E","?","R","B",null,"M","?","?","?","$","E","R","M","T","M","R","M","R","$","R"],"character_chosen":"THE_SILENT","items_purchased":["PiercingWail","Blood Vial","Backstab"],"campfire_rested":0,"item_purchase_floors":[11,11,31],"current_hp_per_floor":[70,70,70,75,71,53,53,53,53,53,53,50,51,51,51,44,75,75,75,60,60,60,61,61,60,60,62,62,63,63,63,63,0],"gold":39,"neow_bonus":"UPGRADE_CARD","is_prod":false,"is_daily":false,"chose_seed":false,"campfire_upgraded":4,"win_rate":0,"timestamp":1536612004,"path_taken":["M","$","?","?","?","E","R","M","T","R","$","?","E","?","R","BOSS","M","?","?","?","$","E","R","M","T","M","R","M","R","?","R","BOSS"],"build_version":"2018-09-06","purchased_purges":4,"victory":false,"max_hp_per_floor":[70,70,70,75,75,75,75,75,75,75,75,75,75,75,75,75,75,75,75,75,75,75,75,75,75,75,75,75,75,75,75,75,75],"card_choices":[{"not_picked":["Sucker Punch","Flying Knee"],"picked":"Footwork","floor":1},{"not_picked":["Escape Plan","Infinite Blades"],"picked":"Dagger Spray","floor":5},{"not_picked":["Outmaneuver","Slice","Underhanded Strike"],"picked":"SKIP","floor":6},{"not_picked":["Eviscerate","Sucker Punch"],"picked":"Quick Slash","floor":8},{"not_picked":["Well Laid Plans","Flechettes"],"picked":"Backflip","floor":13},{"not_picked":["Doppelganger","Malaise"],"picked":"Tools of the Trade","floor":16},{"not_picked":["Concentrate","Eviscerate"],"picked":"Deflect","floor":18},{"not_picked":["Underhanded Strike","Bane+1"],"picked":"Backstab","floor":20},{"not_picked":["Finisher+1","Dodge and Roll"],"picked":"Quick Slash","floor":23},{"not_picked":["Deflect","Riddle With Holes"],"picked":"Backflip","floor":25},{"not_picked":["Concentrate","Acrobatics"],"picked":"Deflect","floor":27},{"not_picked":["Setup","Acrobatics+1"],"picked":"Choke","floor":29}],"player_experience":238916,"relics_obtained":[{"floor":6,"key":"War Paint"},{"floor":9,"key":"Juzu Bracelet"},{"floor":13,"key":"Ancient Tea Set"},{"floor":20,"key":"Red Mask"},{"floor":23,"key":"Smiling Mask"},{"floor":26,"key":"Bottled Flame"}],"event_choices":[{"event_name":"Golden Shrine","player_choice":"Desecrate","floor":3,"damage_taken":0},{"event_name":"Big Fish","player_choice":"Donut","floor":4,"damage_taken":0},{"event_name":"Scrap Ooze","player_choice":"success","floor":12,"damage_taken":3},{"event_name":"Living Wall","player_choice":"Forget","floor":14,"damage_taken":0},{"event_name":"Drug Dealer","player_choice":"Inject Mutagens","floor":19,"damage_taken":0},{"event_name":"Masked Bandits","player_choice":"Fought Bandits","floor":20,"damage_taken":0},{"event_name":"Addict","player_choice":"Obtained Relic","floor":21,"damage_taken":0}],"is_beta":false,"boss_relics":[{"not_picked":["HoveringKite","Ectoplasm"],"picked":"WristBlade"}],"items_purged_floors":[2,11,22,31],"is_endless":false,"potions_floor_spawned":[8,18,29],"killed_by":"Champ","ascension_level":2}