{"gold_per_floor":[217,235,8,18,18,18,74,74,125,125,142,90,105,124,124,219,219,235,160,13,13,24,24,44,72,72,72,72,90,109,128,128,227,227,243,243,91,0,17,17,48,48,75,75,7,17,17,17],"floor_reached":48,"playtime":3145,"items_purged":["Defend_B","Shame"],"score":568,"play_id":"756dbb88-ade7-4c66-9b4a-801de043e475","local_time":"20180903014050","is_ascension_mode":true,"campfire_choices":[{"data":"Zap","floor":6,"key":"SMITH"},{"data":"Redo","floor":8,"key":"SMITH"},{"data":"Glacier","floor":15,"key":"SMITH"},{"data":"Machine Learning","floor":23,"key":"SMITH"},{"data":"Stack","floor":27,"key":"SMITH"},{"data":"Dualcast","floor":32,"key":"SMITH"},{"data":"Conserve Battery","floor":40,"key":"SMITH"}],"neow_cost":"NONE","seed_source_timestamp":1230233190035683,"circlet_count":0,"master_deck":["Defend_B","Defend_B","Zap+1","Dualcast+1","Glacier+1","Chill","Redo+1","Sweeping Beam","Ball Lightning","Blizzard","Ball Lightning","Machine Learning+1","Bite","Bite","Bite","Bite","Bite","Go for the Eyes","Conserve Battery","Stack+1","Doubt","Cold Snap+1","Cold Snap","Redo+1","Conserve Battery","Conserve Battery+1","Defragment","Doubt","Defragment+1"],"relics":["Cracked Core","Boot","Dream Catcher","Cursed Key","Juzu Bracelet","Regal Pillow","Orichalcum","Strawberry","Nuclear Battery","Peace Pipe","Red Mask","Mummified Hand","Lantern"],"potions_floor_usage":[7,25,29,35,41,42],"damage_taken":[{"damage":3,"enemies":"2 Louse","floor":1,"turns":2},{"damage":0,"enemies":"Small Slimes","floor":2,"turns":2},{"damage":0,"enemies":"Cultist","floor":4,"turns":3},{"damage":0,"enemies":"Lagavulin Event","floor":7,"turns":8},{"damage":3,"enemies":"Exordium Thugs","floor":11,"turns":6},{"damage":0,"enemies":"Large Slime","floor":13,"turns":4},{"damage":7,"enemies":"Exordium Wildlife","floor":14,"turns":2},{"damage":32,"enemies":"Slime Boss","floor":16,"turns":9},{"damage":7,"enemies":"Shell Parasite","floor":18,"turns":5},{"damage":7,"enemies":"Chosen","floor":22,"turns":4},{"damage":6,"enemies":"Snecko","floor":24,"turns":4},{"damage":32,"enemies":"Book of Stabbing","floor":25,"turns":5},{"damage":0,"enemies":"3 Cultists","floor":29,"turns":5},{"damage":20,"enemies":"Sentry and Sphere","floor":30,"turns":5},{"damage":4,"enemies":"Shelled Parasite and Fungi","floor":31,"turns":6},{"damage":108,"enemies":"Champ","floor":33,"turns":17},{"damage":0,"enemies":"Orb Walker","floor":35,"turns":4},{"damage":24,"enemies":"Mind Bloom Boss Battle","floor":36,"turns":7},{"damage":7,"enemies":"3 Darklings","floor":39,"turns":5},{"damage":65,"enemies":"Nemesis","floor":41,"turns":9},{"damage":0,"enemies":"Reptomancer","floor":42,"turns":1},{"damage":36,"enemies":"Sphere and 2 Shapes","floor":46,"turns":8},{"damage":57,"enemies":"Giant Head","floor":48,"turns":9}],"seed_played":"-9006522551026718135","potions_obtained":[{"floor":1,"key":"SteroidPotion"},{"floor":4,"key":"PowerPotion"},{"floor":14,"key":"LiquidBronze"},{"floor":25,"key":"FocusPotion"},{"floor":30,"key":"SmokeBomb"},{"floor":33,"key":"SkillPotion"},{"floor":36,"key":"SteroidPotion"},{"floor":41,"key":"GamblersBrew"}],"is_trial":false,"path_per_floor":["M","M","$","M","?","R","?","R","T","?","M","$","M","M","R","B",null,"M","?","$","?","M","R","M","E","T","R","?","M","M","M","R","B",null,"M","?","$","?","M","R","E","M","T","?","$","M","?"],"character_chosen":"DEFECT","items_purchased":["Blood Vial","Ball Lightning","Juzu Bracelet","Conserve Battery","Defragment"],"campfire_rested":0,"item_purchase_floors":[3,12,20,37,45],"current_hp_per_floor":[72,72,72,74,67,67,69,69,69,69,68,68,70,65,65,35,75,68,68,68,68,73,73,75,55,55,55,62,76,66,72,72,6,82,82,66,66,66,69,69,20,20,20,82,82,64,64,25],"gold":17,"neow_bonus":"HUNDRED_GOLD","is_prod":false,"is_daily":false,"chose_seed":false,"campfire_upgraded":7,"win_rate":0,"timestamp":1535906450,"path_taken":["M","M","$","M","?","R","?","R","T","?","?","$","M","?","R","BOSS","M","?","?","?","M","R","M","E","T","R","?","M","M","M","R","BOSS","M","?","$","?","M","R","E","M","T","?","$","M","?","E"],"build_version":"2018-08-30","purchased_purges":2,"victory":false,"max_hp_per_floor":[75,75,75,75,75,75,75,75,75,75,75,75,75,75,75,75,75,75,75,75,75,75,75,75,75,75,75,82,82,82,82,82,82,82,82,82,82,82,82,82,82,82,82,82,82,82,82,82],"card_choices":[{"not_picked":["Recycle","Coolheaded","Fusion"],"picked":"SKIP","floor":1},{"not_picked":["Scrape","Sweeping Beam"],"picked":"Glacier","floor":2},{"not_picked":["Tempest","Leap"],"picked":"Chill","floor":4},{"not_picked":["Streamline","Beam Cell"],"picked":"Redo","floor":7},{"not_picked":["Hologram","Steam Power"],"picked":"Sweeping Beam","floor":11},{"not_picked":["Streamline","Stack"],"picked":"Blizzard","floor":13},{"not_picked":["Cold Snap","Streamline"],"picked":"Ball Lightning","floor":14},{"not_picked":["Hyperbeam","Reboot"],"picked":"Machine Learning","floor":16},{"not_picked":["Barrage","Stack","Coolheaded+1"],"picked":"SKIP","floor":18},{"not_picked":["Double Energy","Steam"],"picked":"Go for the Eyes","floor":22},{"not_picked":["Recycle","All For One"],"picked":"Conserve Battery","floor":24},{"not_picked":["Sweeping Beam","Amplify"],"picked":"Stack","floor":25},{"not_picked":["Coolheaded","Stack"],"picked":"Cold Snap+1","floor":29},{"not_picked":["Fusion+1","Rip and Tear+1"],"picked":"Cold Snap","floor":30},{"not_picked":["Beam Cell","Tempest","Barrage+1"],"picked":"SKIP","floor":31},{"not_picked":["Streamline","Lockon+1"],"picked":"Redo+1","floor":35},{"not_picked":["Barrage+1","Scrape"],"picked":"Conserve Battery","floor":36},{"not_picked":["Chill","Rip and Tear","Storm"],"picked":"SKIP","floor":39},{"not_picked":["Steam+1","Lockon+1"],"picked":"Defragment","floor":41},{"not_picked":["Streamline","Beam Cell+1","Redo"],"picked":"SKIP","floor":46}],"player_experience":206674,"relics_obtained":[{"floor":9,"key":"Dream Catcher"},{"floor":25,"key":"Regal Pillow"},{"floor":26,"key":"Orichalcum"},{"floor":36,"key":"Peace Pipe"},{"floor":41,"key":"Mummified Hand"},{"floor":43,"key":"Lantern"}],"event_choices":[{"event_name":"Golden Wing","player_choice":"Card Removal","floor":5,"damage_taken":0},{"event_name":"Dead Adventurer","player_choice":"Searched \u00272\u0027 times","floor":7,"damage_taken":0},{"event_name":"Purifier","player_choice":"One Purge","floor":10,"damage_taken":0},{"event_name":"Beggar","player_choice":"Gave Gold","floor":19,"damage_taken":0},{"event_name":"Vampires","player_choice":"Became a vampire (Vial)","floor":21,"damage_taken":0},{"event_name":"Addict","player_choice":"Stole Relic","floor":28,"damage_taken":0},{"event_name":"MindBloom","player_choice":"Fight","floor":36,"damage_taken":0},{"event_name":"Tomb of Lord Red Mask","player_choice":"Paid","floor":38,"damage_taken":0},{"event_name":"Wheel of Change","player_choice":"Full Heal","floor":44,"damage_taken":0},{"event_name":"Accursed Blacksmith","player_choice":"Forge","floor":47,"damage_taken":0}],"is_beta":false,"boss_relics":[{"not_picked":["Empty Cage","Snecko Eye"],"picked":"Cursed Key"},{"not_picked":["FrozenCore","Pandora\u0027s Box"],"picked":"Nuclear Battery"}],"items_purged_floors":[3,37],"is_endless":false,"potions_floor_spawned":[1,4,14,25,30,33,36,41],"killed_by":"Giant Head","ascension_level":3}