{"gold_per_floor":[123,410,436,463,6,6,24,24,70,70,70,81,81,93,93,196,196,207,207,6,23,36,36,54,54,127,127,142,152,36,49,49,150,150,168,188,188,0,0,28,28,28,28,48,48,148,159,59,59,59],"floor_reached":50,"playtime":2119,"items_purged":["Regret","Strike_B","Writhe"],"score":612,"play_id":"50181f14-99ac-434d-800b-fd8d2a8e3a78","local_time":"20190507135548","is_ascension_mode":true,"campfire_choices":[{"data":"Defragment","floor":6,"key":"SMITH"},{"data":"Consume","floor":8,"key":"SMITH"},{"floor":10,"key":"REST"},{"data":"Loop","floor":13,"key":"SMITH"},{"floor":15,"key":"REST"},{"floor":23,"key":"REST"},{"data":"Loop","floor":27,"key":"SMITH"},{"floor":32,"key":"REST"},{"floor":41,"key":"REST"},{"floor":45,"key":"REST"},{"floor":49,"key":"REST"}],"neow_cost":"NONE","seed_source_timestamp":1880577500452069,"circlet_count":0,"master_deck":["Strike_B","Strike_B","Strike_B","Defend_B","Defend_B","Defend_B","Defend_B","Zap","Dualcast","Defragment+1","Conserve Battery","Coolheaded","Consume+1","Capacitor","Loop+1","BootSequence","Darkness","Go for the Eyes","Loop+1","Ball Lightning","Glacier","Compile Driver","Redo+1","Loop","Rainbow","Barrage+1","Hologram+1","Coolheaded+1","Rebound+1","BootSequence","Doom and Gloom+1"],"relics":["Cracked Core","MawBank","Cables","Potion Belt","Dream Catcher","Lizard Tail","The Courier","Regal Pillow","White Beast Statue","Red Mask","PreservedInsect","Nunchaku"],"potions_floor_usage":[22,28,28,31,50,50,50,50],"damage_taken":[{"damage":3,"enemies":"2 Louse","floor":1,"turns":2},{"damage":3,"enemies":"Cultist","floor":3,"turns":3},{"damage":2,"enemies":"Small Slimes","floor":4,"turns":4},{"damage":19,"enemies":"Exordium Thugs","floor":7,"turns":3},{"damage":8,"enemies":"3 Louse","floor":12,"turns":4},{"damage":25,"enemies":"Lots of Slimes","floor":14,"turns":3},{"damage":15,"enemies":"Slime Boss","floor":16,"turns":24},{"damage":43,"enemies":"3 Byrds","floor":18,"turns":4},{"damage":27,"enemies":"2 Thieves","floor":21,"turns":4},{"damage":2,"enemies":"Snake Plant","floor":22,"turns":7},{"damage":0,"enemies":"Snecko","floor":24,"turns":3},{"damage":26,"enemies":"Cultist and Chosen","floor":28,"turns":5},{"damage":11,"enemies":"Centurion and Healer","floor":29,"turns":8},{"damage":12,"enemies":"Snecko","floor":31,"turns":9},{"damage":71,"enemies":"Champ","floor":33,"turns":8},{"damage":42,"enemies":"3 Shapes","floor":35,"turns":6},{"damage":4,"enemies":"Orb Walker","floor":36,"turns":3},{"damage":19,"enemies":"Giant Head","floor":40,"turns":21},{"damage":50,"enemies":"3 Darklings","floor":44,"turns":5},{"damage":38,"enemies":"Mind Bloom Boss Battle","floor":46,"turns":6},{"damage":77,"enemies":"Transient","floor":47,"turns":5},{"damage":100,"enemies":"Donu and Deca","floor":50,"turns":14}],"seed_played":"-4836271078477235572","potions_obtained":[{"floor":1,"key":"SteroidPotion"},{"floor":7,"key":"EssenceOfSteel"},{"floor":11,"key":"FairyPotion"},{"floor":11,"key":"SkillPotion"},{"floor":11,"key":"SteroidPotion"},{"floor":12,"key":"SkillPotion"},{"floor":18,"key":"Block Potion"},{"floor":21,"key":"Block Potion"},{"floor":28,"key":"Strength Potion"},{"floor":33,"key":"Poison Potion"},{"floor":35,"key":"SmokeBomb"},{"floor":36,"key":"Ancient Potion"},{"floor":40,"key":"FearPotion"},{"floor":46,"key":"SkillPotion"},{"floor":47,"key":"SpeedPotion"}],"is_trial":false,"path_per_floor":["M","?","M","M","$","R","M","R","T","R","?","M","R","M","R","B",null,"M","?","$","M","M","R","M","?","T","R","M","M","$","M","R","B",null,"M","M","?","?","?","E","R","$","T","M","R","?","M","$","R","B"],"character_chosen":"DEFECT","items_purchased":["Cables","Potion Belt","Loop","Ball Lightning","Regal Pillow"],"campfire_rested":7,"item_purchase_floors":[5,5,20,20,30],"current_hp_per_floor":[72,72,69,67,67,67,48,48,48,70,70,62,62,37,59,44,75,32,32,32,5,3,25,25,85,85,85,59,48,48,36,76,5,85,43,39,60,60,60,41,81,81,81,31,71,33,42,42,82,0],"gold":59,"neow_bonus":"RANDOM_COMMON_RELIC","is_prod":false,"is_daily":false,"chose_seed":false,"campfire_upgraded":4,"win_rate":0,"timestamp":1557194148,"path_taken":["M","?","M","?","?","R","M","R","T","R","?","M","R","M","R","BOSS","M","?","$","M","M","R","M","?","T","R","?","M","$","M","R","BOSS","M","M","?","?","?","E","R","?","T","M","R","?","M","$","R","BOSS"],"build_version":"2019-01-23","purchased_purges":3,"victory":false,"max_hp_per_floor":[75,75,75,75,75,75,75,75,75,75,75,75,75,75,75,75,75,75,75,75,75,75,75,75,85,85,85,85,85,85,85,85,85,85,85,85,85,85,85,85,85,85,85,85,85,85,85,85,85,85],"card_choices":[{"not_picked":["Fusion","Cold Snap"],"picked":"Defragment","floor":1},{"not_picked":["Compile Driver","Redo"],"picked":"Conserve Battery","floor":3},{"not_picked":["Turbo","Sweeping Beam"],"picked":"Coolheaded","floor":4},{"not_picked":["Rebound","Undo"],"picked":"Consume","floor":7},{"not_picked":["Compile Driver","Self Repair"],"picked":"Capacitor","floor":10},{"not_picked":["Heatsinks","Beam Cell"],"picked":"Loop","floor":12},{"not_picked":["Sweeping Beam","Redo"],"picked":"BootSequence","floor":14},{"not_picked":["Sweeping Beam","Rebound"],"picked":"Darkness","floor":15},{"not_picked":["Meteor Strike","Core Surge"],"picked":"Buffer","floor":16},{"not_picked":["Blizzard","Darkness"],"picked":"Go for the Eyes","floor":18},{"not_picked":["Heatsinks","Streamline"],"picked":"Glacier","floor":21},{"not_picked":["Melter","Force Field","Turbo"],"picked":"SKIP","floor":22},{"not_picked":["Beam Cell","Streamline"],"picked":"Compile Driver","floor":23},{"not_picked":["Rip and Tear","Rebound"],"picked":"Redo+1","floor":24},{"not_picked":["Melter","Hyperbeam"],"picked":"Beam Cell+1","floor":28},{"not_picked":["Chill+1","Gash+1"],"picked":"Loop","floor":29},{"not_picked":["Hello World","Aggregate","Conserve Battery"],"picked":"SKIP","floor":31},{"not_picked":["Seek","Reboot"],"picked":"Rainbow","floor":33},{"not_picked":["Go for the Eyes","Turbo"],"picked":"Barrage+1","floor":35},{"not_picked":["Barrage","Force Field","Redo"],"picked":"SKIP","floor":36},{"not_picked":["Gash+1","Beam Cell"],"picked":"Hologram+1","floor":40},{"not_picked":["Cold Snap+1","Compile Driver+1"],"picked":"Coolheaded+1","floor":41},{"not_picked":["White Noise","Streamline"],"picked":"Rebound+1","floor":44},{"not_picked":["Chill","Doom and Gloom"],"picked":"BootSequence","floor":46},{"not_picked":["Leap","Melter+1","Beam Cell+1"],"picked":"SKIP","floor":47},{"not_picked":["Barrage+1","Fission"],"picked":"Doom and Gloom+1","floor":49}],"player_experience":206889,"relics_obtained":[{"floor":9,"key":"Dream Catcher"},{"floor":26,"key":"The Courier"},{"floor":40,"key":"PreservedInsect"},{"floor":46,"key":"Nunchaku"}],"event_choices":[{"damage_healed":0,"gold_gain":275,"player_choice":"Desecrate","damage_taken":0,"max_hp_gain":0,"max_hp_loss":0,"event_name":"Golden Shrine","floor":2,"gold_loss":0,"cards_obtained":["Regret"]},{"damage_healed":0,"gold_gain":0,"player_choice":"Got Potions","damage_taken":0,"max_hp_gain":0,"max_hp_loss":0,"event_name":"Lab","floor":11,"gold_loss":0},{"damage_healed":0,"gold_gain":0,"player_choice":"Ignored","damage_taken":0,"max_hp_gain":0,"max_hp_loss":0,"event_name":"Ghosts","floor":19,"gold_loss":0},{"cards_removed":["Buffer"],"damage_healed":50,"gold_gain":0,"player_choice":"Offered Rare","damage_taken":0,"max_hp_gain":10,"max_hp_loss":0,"event_name":"Bonfire Elementals","floor":25,"gold_loss":0},{"damage_healed":21,"gold_gain":0,"player_choice":"Writhe","damage_taken":0,"max_hp_gain":0,"max_hp_loss":0,"event_name":"Winding Halls","floor":37,"gold_loss":0,"cards_obtained":["Writhe"]},{"damage_healed":0,"gold_gain":0,"player_choice":"Paid","damage_taken":0,"relics_obtained":["Red Mask"],"max_hp_gain":0,"max_hp_loss":0,"event_name":"Tomb of Lord Red Mask","floor":38,"gold_loss":188},{"cards_removed":["Beam Cell"],"damage_healed":0,"gold_gain":0,"player_choice":"Removed Attack","damage_taken":0,"max_hp_gain":0,"max_hp_loss":0,"event_name":"Falling","floor":39,"gold_loss":0},{"damage_healed":0,"gold_gain":0,"player_choice":"Fight","damage_taken":0,"max_hp_gain":0,"max_hp_loss":0,"event_name":"MindBloom","floor":46,"gold_loss":0}],"is_beta":false,"boss_relics":[{"not_picked":["Velvet Choker","Coffee Dripper"],"picked":"Lizard Tail"},{"not_picked":["Eternal Feather","Empty Cage"],"picked":"White Beast Statue"}],"items_purged_floors":[5,20,48],"is_endless":false,"potions_floor_spawned":[1,7,12,16,18,21,28,33,35,36,40,44,46,47],"killed_by":"Donu and Deca","ascension_level":4}