{"gold_per_floor":[116,116,128,128,55,55,130,151,175,195,211,235,235,410,410,410],"floor_reached":16,"playtime":679,"items_purged":[],"score":115,"play_id":"600f6597-2c73-4be7-971a-a4eefb1d2962","local_time":"20180915133434","is_ascension_mode":true,"campfire_choices":[{"data":"Dualcast","floor":6,"key":"SMITH"},{"data":"Self Repair","floor":13,"key":"SMITH"},{"data":"White Noise","floor":15,"key":"SMITH"}],"neow_cost":"NONE","seed_source_timestamp":2312319227330760,"circlet_count":0,"master_deck":["Strike_B","Strike_B","Strike_B","Strike_B","Defend_B","Defend_B","Defend_B","Defend_B","Zap+1","Dualcast+1","White Noise+1","Injury","Self Repair+1","Ball Lightning","Double Energy","Glacier","Doubt"],"relics":["Cracked Core","Potion Belt","Golden Idol","Lantern"],"potions_floor_usage":[12,16],"damage_taken":[{"damage":7,"enemies":"Jaw Worm","floor":1,"turns":3},{"damage":1,"enemies":"Cultist","floor":3,"turns":3},{"damage":11,"enemies":"Small Slimes","floor":8,"turns":3},{"damage":8,"enemies":"Blue Slaver","floor":10,"turns":3},{"damage":1,"enemies":"3 Louse","floor":11,"turns":3},{"damage":5,"enemies":"Large Slime","floor":12,"turns":4},{"damage":59,"enemies":"Slime Boss","floor":16,"turns":9}],"seed_played":"-554828622254283016","potions_obtained":[{"floor":1,"key":"Dexterity Potion"},{"floor":3,"key":"PowerPotion"},{"floor":11,"key":"AttackPotion"}],"is_trial":false,"path_per_floor":["M","?","M","?","$","R","?","M","T","M","M","M","R","?","R"],"character_chosen":"DEFECT","items_purchased":["Self Repair"],"campfire_rested":0,"item_purchase_floors":[5],"current_hp_per_floor":[68,68,67,67,67,67,56,52,52,51,57,59,59,59,59,0],"gold":410,"neow_bonus":"RANDOM_COMMON_RELIC","is_prod":false,"is_daily":false,"chose_seed":false,"campfire_upgraded":3,"win_rate":0,"timestamp":1536986074,"path_taken":["M","?","M","?","$","R","?","M","T","?","M","M","R","?","R","BOSS"],"build_version":"2018-09-06","purchased_purges":0,"victory":false,"max_hp_per_floor":[75,75,75,75,75,75,75,75,75,75,75,75,75,75,75,75],"card_choices":[{"not_picked":["Loop","Melter"],"picked":"White Noise","floor":1},{"not_picked":["Lockon","Compile Driver","Skim"],"picked":"SKIP","floor":3},{"not_picked":["Steam","Storm"],"picked":"Ball Lightning","floor":8},{"not_picked":["Beam Cell","Compile Driver"],"picked":"Double Energy","floor":10},{"not_picked":["Coolheaded","Barrage","Beam Cell"],"picked":"SKIP","floor":11},{"not_picked":["Defragment","White Noise"],"picked":"Glacier","floor":12}],"player_experience":273825,"relics_obtained":[{"floor":9,"key":"Lantern"}],"event_choices":[{"event_name":"Accursed Blacksmith","player_choice":"Forge","floor":2,"damage_taken":0},{"event_name":"Golden Idol","player_choice":"Take Wound","floor":4,"damage_taken":0},{"event_name":"World of Goop","player_choice":"Gather Gold","floor":7,"damage_taken":0},{"event_name":"Liars Game","player_choice":"agreed","floor":14,"damage_taken":0}],"is_beta":false,"boss_relics":[],"items_purged_floors":[],"is_endless":false,"potions_floor_spawned":[1,3,11],"killed_by":"Slime Boss","ascension_level":5}