{"gold_per_floor":[110,122,135,135,135,135,152,152,176,194,214,214,214,231,231,328,328,338,371,371,391,316,316,415,415,415,415,415,433,460,476,476,476],"floor_reached":33,"playtime":1829,"items_purged":["Strike_G"],"score":373,"play_id":"fdc4a0fd-51c9-4947-93f6-21f1196f020c","local_time":"20181002110934","is_ascension_mode":true,"campfire_choices":[{"data":"Cloak And Dagger","floor":6,"key":"SMITH"},{"data":"Dagger Spray","floor":8,"key":"SMITH"},{"data":"Backstab","floor":13,"key":"SMITH"},{"data":"Cloak And Dagger","floor":15,"key":"SMITH"},{"data":"A Thousand Cuts","floor":23,"key":"SMITH"},{"data":"Flechettes","floor":25,"key":"SMITH"},{"data":"All Out Attack","floor":28,"key":"SMITH"},{"floor":32,"key":"REST"}],"neow_cost":"NONE","seed_source_timestamp":1398993105258282,"circlet_count":0,"master_deck":["Defend_G+1","Defend_G+1","Defend_G+1","Defend_G+1","Strike_G+1","Strike_G+1","Strike_G+1","Strike_G+1","Survivor","Neutralize+1","Backflip","Deflect","Cloak And Dagger+1","Dagger Spray+1","Backstab+1","Cloak And Dagger+1","A Thousand Cuts+1","Flechettes+1","All Out Attack+1","Setup","Outmaneuver+1"],"relics":["Ring of the Snake","Blood Vial","Runic Pyramid","Red Mask","Dodecahedron","Bag of Marbles"],"potions_floor_usage":[11,16,16,16,16,16,16,16,16,19,30,33],"damage_taken":[{"damage":0,"enemies":"Jaw Worm","floor":1,"turns":6},{"damage":0,"enemies":"Small Slimes","floor":2,"turns":5},{"damage":0,"enemies":"2 Louse","floor":3,"turns":2},{"damage":0,"enemies":"Exordium Thugs","floor":7,"turns":4},{"damage":0,"enemies":"Exordium Wildlife","floor":10,"turns":3},{"damage":0,"enemies":"2 Fungi Beasts","floor":11,"turns":3},{"damage":1,"enemies":"Looter","floor":14,"turns":3},{"damage":16,"enemies":"Hexaghost","floor":16,"turns":14},{"damage":0,"enemies":"Chosen","floor":18,"turns":4},{"damage":43,"enemies":"Masked Bandits","floor":19,"turns":5},{"damage":1,"enemies":"Spheric Guardian","floor":21,"turns":3},{"damage":16,"enemies":"Snake Plant","floor":29,"turns":6},{"damage":4,"enemies":"Slavers","floor":30,"turns":6},{"damage":11,"enemies":"Sentry and Sphere","floor":31,"turns":5},{"damage":59,"enemies":"Champ","floor":33,"turns":13}],"seed_played":"8083442448405461892","potions_obtained":[{"floor":0,"key":"SneckoOil"},{"floor":0,"key":"EntropicBrew"},{"floor":0,"key":"Explosive Potion"},{"floor":2,"key":"Swift Potion"},{"floor":3,"key":"Dexterity Potion"},{"floor":11,"key":"Fruit Juice"},{"floor":18,"key":"PowerPotion"},{"floor":29,"key":"PowerPotion"},{"floor":30,"key":"PowerPotion"}],"is_trial":false,"path_per_floor":["M","M","M","?","?","R","M","R","T","M","M","?","R","M","R","B",null,"M","?","?","M","$","R","?","R","T","?","R","M","E","M","R"],"character_chosen":"THE_SILENT","items_purchased":[],"campfire_rested":1,"item_purchase_floors":[],"current_hp_per_floor":[63,63,63,56,56,56,56,56,56,58,65,50,50,51,51,37,66,68,27,52,53,53,53,53,53,53,53,53,39,37,28,50,0],"gold":476,"neow_bonus":"THREE_SMALL_POTIONS","is_prod":false,"is_daily":false,"chose_seed":false,"campfire_upgraded":7,"win_rate":0,"timestamp":1538446174,"path_taken":["M","M","M","?","?","R","?","R","T","M","M","?","R","M","R","BOSS","M","?","?","M","$","R","?","R","T","?","R","M","E","?","R","BOSS"],"build_version":"2018-09-27","purchased_purges":1,"victory":false,"max_hp_per_floor":[70,70,70,70,70,70,70,70,70,70,75,75,75,75,75,75,75,75,75,75,75,75,75,75,75,75,75,75,75,75,75,75,75],"card_choices":[{"not_picked":["Skewer","Deflect"],"picked":"Backflip","floor":1},{"not_picked":["Poisoned Stab","Bane"],"picked":"Deflect","floor":2},{"not_picked":["Dagger Throw","Corpse Explosion"],"picked":"Cloak And Dagger","floor":3},{"not_picked":["Leg Sweep","Slice"],"picked":"Dagger Spray","floor":7},{"not_picked":["Flechettes","PiercingWail"],"picked":"Backstab","floor":10},{"not_picked":["Dodge and Roll","Dagger Throw","Acrobatics"],"picked":"SKIP","floor":11},{"not_picked":["Dodge and Roll","Dagger Throw","Acrobatics"],"picked":"SKIP","floor":11},{"not_picked":["Poisoned Stab","Acrobatics"],"picked":"Cloak And Dagger","floor":14},{"not_picked":["Venomology","After Image"],"picked":"A Thousand Cuts","floor":16},{"not_picked":["Underhanded Strike","Deadly Poison"],"picked":"Flechettes","floor":18},{"not_picked":["Flying Knee","Caltrops"],"picked":"All Out Attack","floor":21},{"not_picked":["Outmaneuver","Poisoned Stab"],"picked":"Setup","floor":29},{"not_picked":["Sucker Punch","Skewer","Flying Knee"],"picked":"SKIP","floor":30},{"not_picked":["Dash+1","Dagger Throw"],"picked":"Outmaneuver+1","floor":31}],"player_experience":353110,"relics_obtained":[{"floor":9,"key":"Blood Vial"},{"floor":19,"key":"Red Mask"},{"floor":26,"key":"Dodecahedron"},{"floor":30,"key":"Bag of Marbles"}],"event_choices":[{"event_name":"Golden Wing","player_choice":"Card Removal","floor":4,"damage_taken":0},{"event_name":"Living Wall","player_choice":"Grow","floor":5,"damage_taken":0},{"event_name":"Shining Light","player_choice":"Entered Light","floor":12,"damage_taken":0},{"event_name":"Masked Bandits","player_choice":"Fought Bandits","floor":19,"damage_taken":0},{"event_name":"The Library","player_choice":"Heal","floor":20,"damage_taken":0},{"event_name":"Nest","player_choice":"Stole From Cult","floor":24,"damage_taken":0},{"event_name":"Back to Basics","player_choice":"Simplicity","floor":27,"damage_taken":0}],"is_beta":false,"boss_relics":[{"not_picked":["Empty Cage","Snecko Eye"],"picked":"Runic Pyramid"}],"items_purged_floors":[22],"is_endless":false,"potions_floor_spawned":[2,3,11,18,29,30],"killed_by":"Champ","ascension_level":9}