{"gold_per_floor":[111,111,123,138,66,66,86,116,116,41,41,60,60,9,9,111,111,122,222,233,233,79,79,93,93,120,120,152,152,177,0,0,97,97,108,125,136,136,154,154,254,254],"floor_reached":42,"playtime":2161,"items_purged":["Strike_G"],"score":524,"play_id":"c6c4b251-47df-4597-824e-d08b5af9dfb3","local_time":"20190428233403","is_ascension_mode":true,"campfire_choices":[{"floor":6,"key":"REST"},{"floor":11,"key":"REST"},{"data":"Noxious Fumes","floor":15,"key":"SMITH"},{"floor":23,"key":"REST"},{"floor":25,"key":"REST"},{"floor":27,"key":"REST"},{"floor":29,"key":"REST"},{"floor":32,"key":"REST"},{"floor":40,"key":"REST"}],"neow_cost":"PERCENT_DAMAGE","seed_source_timestamp":1137643816452979,"circlet_count":0,"master_deck":["Survivor","Neutralize","After Image","Flying Knee","Dagger Spray","Backflip","Noxious Fumes+1","Calculated Gamble","PiercingWail","PiercingWail","Malaise","Calculated Gamble","Riddle With Holes+1","Eviscerate+1","Prepared","Heel Hook+1","Flechettes+1","PiercingWail","PiercingWail+1","Acrobatics+1","Decay","Sucker Punch+1","Footwork+1","Adrenaline","Crippling Poison","Malaise","Acrobatics+1","Wraith Form v2","Deadly Poison+1","A Thousand Cuts","Distraction+1","Parasite"],"relics":["Ring of the Snake","Molten Egg 2","Pear","Shuriken","Pandora\u0027s Box","Incense Burner","Mummified Hand","Snake Skull","Bottled Lightning","Vajra","Orrery","Peace Pipe"],"potions_floor_usage":[],"damage_taken":[{"damage":2,"enemies":"2 Louse","floor":1,"turns":4},{"damage":3,"enemies":"Cultist","floor":3,"turns":4},{"damage":0,"enemies":"Jaw Worm","floor":4,"turns":4},{"damage":7,"enemies":"Exordium Wildlife","floor":7,"turns":6},{"damage":44,"enemies":"Gremlin Nob","floor":8,"turns":7},{"damage":14,"enemies":"Exordium Thugs","floor":12,"turns":4},{"damage":14,"enemies":"Hexaghost","floor":16,"turns":12},{"damage":7,"enemies":"Spheric Guardian","floor":18,"turns":5},{"damage":23,"enemies":"Colosseum Slavers","floor":19,"turns":5},{"damage":48,"enemies":"Colosseum Nobs","floor":19,"turns":7},{"damage":0,"enemies":"3 Byrds","floor":20,"turns":5},{"damage":25,"enemies":"Snecko","floor":24,"turns":6},{"damage":29,"enemies":"Book of Stabbing","floor":28,"turns":7},{"damage":14,"enemies":"Gremlin Leader","floor":30,"turns":7},{"damage":33,"enemies":"Champ","floor":33,"turns":13},{"damage":12,"enemies":"3 Darklings","floor":35,"turns":4},{"damage":16,"enemies":"Orb Walker","floor":36,"turns":5},{"damage":20,"enemies":"Transient","floor":37,"turns":5},{"damage":4,"enemies":"3 Darklings","floor":39,"turns":5},{"damage":17,"enemies":"Mind Bloom Boss Battle","floor":41,"turns":8},{"damage":39,"enemies":"Writhing Mass","floor":42,"turns":3}],"seed_played":"100839385413234949","potions_obtained":[{"floor":3,"key":"Ancient Potion"},{"floor":7,"key":"SpeedPotion"},{"floor":18,"key":"Swift Potion"},{"floor":28,"key":"LiquidBronze"},{"floor":36,"key":"GhostInAJar"}],"is_trial":false,"path_per_floor":["M","?","M","M","$","R","M","E","T","$","R","M","T","$","R","B",null,"M","?","M","?","$","R","M","R","T","R","E","R","E","?","R","B",null,"M","M","M","?","M","R","?","M"],"character_chosen":"THE_SILENT","items_purchased":["Noxious Fumes","PiercingWail","Snake Skull"],"campfire_rested":8,"item_purchase_floors":[5,14,22],"current_hp_per_floor":[47,47,44,44,44,65,58,14,24,24,48,34,34,34,34,20,80,73,2,2,2,2,26,1,25,25,49,20,44,30,30,54,21,80,68,52,32,32,28,52,35,0],"gold":254,"neow_bonus":"THREE_RARE_CARDS","is_prod":false,"is_daily":false,"chose_seed":false,"campfire_upgraded":1,"win_rate":0,"timestamp":1556451243,"path_taken":["M","?","?","M","$","R","M","E","T","?","R","M","?","?","R","BOSS","M","?","M","?","$","R","M","R","T","R","E","R","E","?","R","BOSS","M","M","M","?","M","R","?","M"],"build_version":"2019-01-23","purchased_purges":1,"victory":false,"max_hp_per_floor":[70,70,70,70,70,70,70,70,80,80,80,80,80,80,80,80,80,80,80,80,80,80,80,80,80,80,80,80,80,80,80,80,80,80,80,80,80,80,80,80,80,80],"card_choices":[{"not_picked":["Tools of the Trade","Storm of Steel"],"picked":"After Image","floor":0},{"not_picked":["Prepared","Backflip"],"picked":"Flying Knee","floor":1},{"not_picked":["Storm of Steel","All Out Attack"],"picked":"Dagger Spray","floor":3},{"not_picked":["Cloak And Dagger","Backstab"],"picked":"Backflip","floor":4},{"not_picked":["Infinite Blades","Underhanded Strike","Bane"],"picked":"SKIP","floor":7},{"not_picked":["Blade Dance","Sucker Punch"],"picked":"Calculated Gamble","floor":8},{"not_picked":["Grand Finale+1","Poisoned Stab+1"],"picked":"PiercingWail","floor":12},{"not_picked":["Doppelganger","Die Die Die+1"],"picked":"Malaise","floor":16},{"not_picked":["Blade Dance+1","Dagger Throw+1"],"picked":"PiercingWail+1","floor":18},{"not_picked":["Underhanded Strike+1","Slice+1"],"picked":"Acrobatics+1","floor":19},{"not_picked":["Reflex+1","Acrobatics","Concentrate"],"picked":"SKIP","floor":20},{"not_picked":["Underhanded Strike+1","Cloak And Dagger"],"picked":"Sucker Punch+1","floor":24},{"not_picked":["Cloak And Dagger","Grand Finale+1","Flechettes+1"],"picked":"SKIP","floor":28},{"not_picked":["Leg Sweep","Slice+1"],"picked":"Footwork+1","floor":30},{"not_picked":["Doppelganger","Corpse Explosion"],"picked":"Adrenaline","floor":33},{"not_picked":["Flying Knee+1","Riddle With Holes+1"],"picked":"Crippling Poison","floor":34},{"not_picked":["Slice+1","Terror"],"picked":"Malaise","floor":34},{"not_picked":["Sucker Punch+1","Quick Slash+1"],"picked":"Acrobatics+1","floor":35},{"not_picked":["Dagger Spray+1","Slice+1"],"picked":"Wraith Form v2","floor":36},{"not_picked":["Accuracy","Poisoned Stab+1"],"picked":"Deadly Poison+1","floor":37},{"not_picked":["Bane+1","Tactician+1"],"picked":"A Thousand Cuts","floor":39},{"not_picked":["PiercingWail","Bane+1"],"picked":"Distraction+1","floor":41}],"player_experience":116841,"relics_obtained":[{"floor":8,"key":"Molten Egg 2"},{"floor":9,"key":"Pear"},{"floor":13,"key":"Shuriken"},{"floor":19,"key":"Incense Burner"},{"floor":19,"key":"Mummified Hand"},{"floor":28,"key":"Bottled Lightning"},{"floor":30,"key":"Vajra"},{"floor":41,"key":"Peace Pipe"}],"event_choices":[{"cards_removed":["Strike_G"],"damage_healed":0,"gold_gain":0,"player_choice":"Purged","damage_taken":0,"max_hp_gain":0,"max_hp_loss":0,"event_name":"Purifier","floor":2,"gold_loss":0},{"damage_healed":0,"gold_gain":0,"player_choice":"Fight","damage_taken":0,"max_hp_gain":0,"max_hp_loss":0,"event_name":"Colosseum","floor":19,"gold_loss":0},{"damage_healed":0,"gold_gain":0,"player_choice":"Fought Nobs","damage_taken":0,"max_hp_gain":0,"max_hp_loss":0,"event_name":"Colosseum","floor":19,"gold_loss":0},{"damage_healed":0,"gold_gain":0,"player_choice":"Smashed Altar","damage_taken":0,"max_hp_gain":0,"max_hp_loss":0,"event_name":"Forgotten Altar","floor":21,"gold_loss":0,"cards_obtained":["Decay"]},{"damage_healed":0,"gold_gain":0,"player_choice":"Paid Fearfully","damage_taken":0,"max_hp_gain":0,"max_hp_loss":0,"event_name":"Masked Bandits","floor":31,"gold_loss":177},{"cards_removed":["Backstab"],"damage_healed":0,"gold_gain":0,"player_choice":"Removed Attack","damage_taken":0,"max_hp_gain":0,"max_hp_loss":0,"event_name":"Falling","floor":38,"gold_loss":0},{"damage_healed":0,"gold_gain":0,"player_choice":"Fight","damage_taken":0,"max_hp_gain":0,"max_hp_loss":0,"event_name":"MindBloom","floor":41,"gold_loss":0}],"is_beta":false,"boss_relics":[{"not_picked":["Velvet Choker","Tiny House"],"picked":"Pandora\u0027s Box"},{"not_picked":["White Beast Statue","Runic Dome"],"picked":"Orrery"}],"items_purged_floors":[10],"is_endless":false,"potions_floor_spawned":[3,7,18,19,28,36,37],"killed_by":"Writhing Mass","ascension_level":3}