{"gold_per_floor":[109,109,121,141,216,242,242,252,328,328,342,10,10,20,20,116,116,126,126,141,153,30,30,30,30,106,117,136,136],"floor_reached":29,"playtime":1471,"items_purged":["Strike_R","Strike_R"],"score":284,"play_id":"82611ffb-c6b8-4422-8c55-8cdd94ba7734","local_time":"20181031004714","is_ascension_mode":true,"campfire_choices":[{"data":"Armaments","floor":7,"key":"SMITH"},{"data":"Searing Blow","floor":10,"key":"SMITH"},{"data":"Searing Blow+1","floor":13,"key":"SMITH"},{"data":"Searing Blow+2","floor":15,"key":"SMITH"},{"data":"True Grit","floor":23,"key":"SMITH"}],"neow_cost":"NONE","seed_source_timestamp":355401271879906,"circlet_count":0,"master_deck":["Strike_R","Strike_R","Strike_R","Defend_R","Defend_R","Defend_R","Bash","Armaments+1","Searing Blow+3","Shrug It Off","Inflame","Burning Pact","Rampage","True Grit+1"],"relics":["Burning Blood","Oddly Smooth Stone","Unceasing Top","Singing Bowl","Matryoshka","Velvet Choker","Happy Flower","Bottled Flame"],"potions_floor_usage":[16,16,21,28,28],"damage_taken":[{"damage":6,"enemies":"2 Louse","floor":1,"turns":3},{"damage":4,"enemies":"Cultist","floor":3,"turns":4},{"damage":6,"enemies":"Small Slimes","floor":4,"turns":5},{"damage":38,"enemies":"Gremlin Nob","floor":6,"turns":5},{"damage":0,"enemies":"2 Fungi Beasts","floor":8,"turns":3},{"damage":6,"enemies":"Large Slime","floor":11,"turns":6},{"damage":3,"enemies":"Red Slaver","floor":14,"turns":3},{"damage":12,"enemies":"Hexaghost","floor":16,"turns":9},{"damage":6,"enemies":"Spheric Guardian","floor":18,"turns":4},{"damage":14,"enemies":"Shell Parasite","floor":20,"turns":7},{"damage":27,"enemies":"Chosen and Byrds","floor":21,"turns":8},{"damage":16,"enemies":"Snake Plant","floor":27,"turns":5},{"damage":2,"enemies":"Cultist and Chosen","floor":28,"turns":5},{"damage":18,"enemies":"Sentry and Sphere","floor":29,"turns":5}],"seed_played":"1686127043604240040","potions_obtained":[{"floor":1,"key":"Swift Potion"},{"floor":8,"key":"Swift Potion"},{"floor":11,"key":"GamblersBrew"},{"floor":18,"key":"FearPotion"},{"floor":21,"key":"Dexterity Potion"}],"is_trial":false,"path_per_floor":["M","?","M","M","?","E","R","M","T","R","M","$","R","M","R","B",null,"M","?","M","M","$","R","?","?","T","M","M"],"character_chosen":"IRONCLAD","items_purchased":["Matryoshka","True Grit"],"campfire_rested":0,"item_purchase_floors":[12,22],"current_hp_per_floor":[80,80,80,80,69,37,37,43,43,43,43,43,43,48,48,44,74,74,58,50,29,29,29,29,29,29,21,27,9],"gold":136,"neow_bonus":"RANDOM_COMMON_RELIC","is_prod":false,"is_daily":false,"chose_seed":false,"campfire_upgraded":5,"win_rate":0,"timestamp":1540914434,"path_taken":["M","?","M","M","?","E","R","M","T","R","M","$","R","M","R","BOSS","M","?","M","M","$","R","?","?","T","M","M","M"],"build_version":"2018-10-25v2","purchased_purges":2,"victory":false,"max_hp_per_floor":[80,80,80,80,80,80,80,80,80,80,80,80,80,82,82,84,84,84,89,89,89,89,89,89,89,89,91,93,93],"card_choices":[{"not_picked":["Inflame","Headbutt"],"picked":"Armaments","floor":1},{"not_picked":["Feel No Pain","Headbutt","Heavy Blade"],"picked":"SKIP","floor":3},{"not_picked":["Sword Boomerang","Warcry"],"picked":"Searing Blow","floor":4},{"not_picked":["Flex","Warcry","Perfected Strike"],"picked":"SKIP","floor":6},{"not_picked":["Rupture","Iron Wave","Shockwave"],"picked":"SKIP","floor":8},{"not_picked":["Power Through","Rupture"],"picked":"Shrug It Off","floor":11},{"not_picked":["Perfected Strike","Iron Wave","Cleave"],"picked":"Singing Bowl","floor":14},{"not_picked":["Brutality","Exhume","Berserk"],"picked":"Singing Bowl","floor":16},{"not_picked":["Clash","Rampage"],"picked":"Inflame","floor":18},{"not_picked":["Havoc+1","Wild Strike"],"picked":"Burning Pact","floor":20},{"not_picked":["Cleave","Uppercut"],"picked":"Rampage","floor":21},{"not_picked":["Fire Breathing","Perfected Strike","Twin Strike"],"picked":"Singing Bowl","floor":27},{"not_picked":["Disarm+1","Pommel Strike","Second Wind"],"picked":"Singing Bowl","floor":28}],"player_experience":411207,"relics_obtained":[{"floor":6,"key":"Unceasing Top"},{"floor":9,"key":"Singing Bowl"},{"floor":26,"key":"Happy Flower"},{"floor":26,"key":"Bottled Flame"}],"event_choices":[{"cards_removed":["Defend_R"],"damage_healed":0,"gold_gain":0,"player_choice":"Offered Basic","damage_taken":0,"max_hp_gain":0,"max_hp_loss":0,"event_name":"Bonfire Elementals","floor":2,"gold_loss":0},{"damage_healed":0,"gold_gain":75,"player_choice":"Gather Gold","damage_taken":11,"max_hp_gain":0,"max_hp_loss":0,"event_name":"World of Goop","floor":5,"gold_loss":0},{"damage_healed":0,"gold_gain":0,"player_choice":"Shed Blood","damage_taken":21,"max_hp_gain":5,"max_hp_loss":0,"event_name":"Forgotten Altar","floor":19,"gold_loss":0},{"damage_healed":0,"gold_gain":0,"player_choice":"Ignored","damage_taken":0,"max_hp_gain":0,"max_hp_loss":0,"event_name":"Beggar","floor":25,"gold_loss":0}],"is_beta":false,"boss_relics":[{"not_picked":["Busted Crown","Tiny House"],"picked":"Velvet Choker"}],"items_purged_floors":[12,22],"is_endless":false,"potions_floor_spawned":[1,8,11,18,21],"killed_by":"Sentry and Sphere","ascension_level":5}