{"gold_per_floor":[113,124,136,55,55,86,86,56,56,81,99,114,145,145,145,247,247,261,28,28,31,31,31,31,31,31,31,31,31,31,48,48,48],"floor_reached":33,"playtime":3905,"items_purged":["Night Terror"],"score":297,"play_id":"e67c69d6-925d-45b1-8de1-8ec6831d3759","local_time":"20190507194042","is_ascension_mode":true,"campfire_choices":[{"floor":7,"key":"REST"},{"floor":15,"key":"REST"},{"data":"Accuracy","floor":23,"key":"SMITH"},{"data":"Envenom","floor":25,"key":"SMITH"},{"data":"Cloak And Dagger","floor":27,"key":"SMITH"},{"data":"Catalyst","floor":32,"key":"SMITH"}],"neow_cost":"NONE","seed_source_timestamp":494509091231040,"circlet_count":0,"master_deck":["Survivor","Neutralize","Leg Sweep","Finisher","PiercingWail","Cloak And Dagger+1","Footwork","Accuracy+1","Terror","Caltrops","Envenom+1","Phantasmal Killer","Backflip","Choke","Crippling Poison","Burst","Flying Knee","Cloak And Dagger","PiercingWail","Footwork","Blade Dance+1","Expertise","Noxious Fumes","Catalyst+1"],"relics":["Ring of the Snake","Boot","Ninja Scroll","Letter Opener","Question Card","Pandora\u0027s Box","Gremlin Horn"],"potions_floor_usage":[13,24,28,33,33],"damage_taken":[{"damage":5,"enemies":"Cultist","floor":1,"turns":7},{"damage":0,"enemies":"2 Louse","floor":2,"turns":4},{"damage":0,"enemies":"Small Slimes","floor":3,"turns":3},{"damage":43,"enemies":"Lagavulin","floor":6,"turns":18},{"damage":0,"enemies":"Looter","floor":8,"turns":4},{"damage":23,"enemies":"Gremlin Nob","floor":10,"turns":5},{"damage":0,"enemies":"3 Louse","floor":11,"turns":3},{"damage":2,"enemies":"Large Slime","floor":12,"turns":7},{"damage":2,"enemies":"Lagavulin","floor":13,"turns":9},{"damage":11,"enemies":"Hexaghost","floor":16,"turns":11},{"damage":0,"enemies":"3 Byrds","floor":18,"turns":5},{"damage":7,"enemies":"2 Thieves","floor":21,"turns":4},{"damage":0,"enemies":"Centurion and Healer","floor":24,"turns":1},{"damage":0,"enemies":"Slavers","floor":28,"turns":1},{"damage":7,"enemies":"Snake Plant","floor":31,"turns":5},{"damage":67,"enemies":"Collector","floor":33,"turns":6}],"seed_played":"1773682832041006782","potions_obtained":[{"floor":1,"key":"SmokeBomb"},{"floor":11,"key":"SmokeBomb"},{"floor":12,"key":"SkillPotion"},{"floor":13,"key":"Dexterity Potion"},{"floor":31,"key":"Regen Potion"}],"is_trial":false,"path_per_floor":["M","M","M","$","$","E","R","M","T","E","M","M","E","?","R","B",null,"M","$","?","M","?","R","M","R","T","R","E","$","?","M","R","B"],"character_chosen":"THE_SILENT","items_purchased":["Footwork","Cloak And Dagger","PiercingWail","Footwork"],"campfire_rested":2,"item_purchase_floors":[4,19,19,19],"current_hp_per_floor":[65,65,65,65,65,22,43,43,43,20,20,18,16,16,37,26,70,70,70,70,63,63,63,63,63,63,63,63,63,63,56,56,0],"gold":48,"neow_bonus":"TRANSFORM_CARD","is_prod":false,"is_daily":false,"chose_seed":false,"campfire_upgraded":4,"win_rate":0,"timestamp":1557272442,"path_taken":["M","M","M","?","$","E","R","M","T","E","M","M","E","?","R","BOSS","M","$","?","M","?","R","M","R","T","R","E","$","?","M","R","BOSS"],"build_version":"2019-01-23","purchased_purges":1,"victory":false,"max_hp_per_floor":[70,70,70,70,70,70,70,70,70,70,70,70,70,70,70,70,70,70,70,70,70,70,70,70,70,70,70,70,70,70,70,70,70],"card_choices":[{"not_picked":["All Out Attack","Underhanded Strike"],"picked":"Finisher","floor":1},{"not_picked":["Poisoned Stab","Backflip"],"picked":"PiercingWail","floor":2},{"not_picked":["Leg Sweep","Dagger Throw"],"picked":"Cloak And Dagger","floor":3},{"not_picked":["Tactician","Crippling Poison","Prepared"],"picked":"SKIP","floor":6},{"not_picked":["Sucker Punch","Poisoned Stab"],"picked":"Accuracy","floor":8},{"not_picked":["Prepared","Choke"],"picked":"Terror","floor":10},{"not_picked":["Dagger Spray","Eviscerate"],"picked":"Caltrops","floor":11},{"not_picked":["Catalyst","Finisher","Endless Agony"],"picked":"SKIP","floor":12},{"not_picked":["Bane","Quick Slash","Acrobatics"],"picked":"SKIP","floor":13},{"not_picked":["Unload","Wraith Form v2","Malaise"],"picked":"Envenom","floor":16},{"not_picked":["Quick Slash+1","Poisoned Stab","Deadly Poison","Dagger Spray"],"picked":"SKIP","floor":18},{"not_picked":["Accuracy","Backflip","Quick Slash+1"],"picked":"Blade Dance+1","floor":21},{"not_picked":["Poisoned Stab+1","Deadly Poison","Prepared"],"picked":"Catalyst","floor":31}],"player_experience":121832,"relics_obtained":[{"floor":6,"key":"Boot"},{"floor":9,"key":"Ninja Scroll"},{"floor":10,"key":"Letter Opener"},{"floor":13,"key":"Question Card"},{"floor":26,"key":"Gremlin Horn"}],"event_choices":[{"damage_healed":0,"gold_gain":0,"player_choice":"Ignored","damage_taken":0,"max_hp_gain":0,"max_hp_loss":0,"event_name":"Liars Game","floor":14,"gold_loss":0},{"damage_healed":0,"gold_gain":0,"player_choice":"Ignored","damage_taken":0,"max_hp_gain":0,"max_hp_loss":0,"event_name":"Beggar","floor":20,"gold_loss":0},{"damage_healed":0,"gold_gain":0,"cards_transformed":["Dodge and Roll","Outmaneuver"],"player_choice":"Became Test Subject","damage_taken":0,"max_hp_gain":0,"max_hp_loss":0,"event_name":"Drug Dealer","floor":22,"gold_loss":0,"cards_obtained":["Expertise","Noxious Fumes"]}],"is_beta":false,"boss_relics":[{"not_picked":["Cursed Key","Runic Dome"],"picked":"Pandora\u0027s Box"}],"items_purged_floors":[19],"is_endless":false,"potions_floor_spawned":[1,11,12,13,24,31],"killed_by":"Collector","ascension_level":1}