{"gold_per_floor":[114,126,126,301,321,321,349,349,349,349,372,297,297,311,311,311],"floor_reached":16,"playtime":593,"items_purged":["Doubt"],"score":125,"play_id":"336a7f49-6c96-4818-9057-be8a9138f653","local_time":"20181208041038","is_ascension_mode":true,"campfire_choices":[{"data":"Zap","floor":6,"key":"SMITH"},{"data":"Dualcast","floor":8,"key":"SMITH"},{"data":"White Noise","floor":13,"key":"SMITH"},{"data":"Echo Form","floor":15,"key":"SMITH"}],"neow_cost":"NONE","seed_source_timestamp":1990051546420794,"circlet_count":0,"master_deck":["Strike_B","Strike_B","Strike_B","Defend_B","Defend_B","Defend_B","Defend_B","Zap+1","Dualcast+1","Deep Breath","Self Repair","Capacitor","White Noise+1","Reinforced Body","Echo Form+1"],"relics":["Cracked Core","Question Card","Bottled Flame","Golden Idol"],"potions_floor_usage":[11],"damage_taken":[{"damage":7,"enemies":"Small Slimes","floor":1,"turns":3},{"damage":3,"enemies":"2 Louse","floor":2,"turns":2},{"damage":7,"enemies":"Jaw Worm","floor":5,"turns":3},{"damage":32,"enemies":"Lagavulin","floor":7,"turns":8},{"damage":18,"enemies":"Lots of Slimes","floor":11,"turns":2},{"damage":4,"enemies":"Large Slime","floor":14,"turns":6},{"damage":27,"enemies":"Hexaghost","floor":16,"turns":8}],"seed_played":"-7519765872053773009","potions_obtained":[{"floor":7,"key":"Explosive Potion"},{"floor":11,"key":"GamblersBrew"},{"floor":14,"key":"Ancient Potion"}],"is_trial":false,"path_per_floor":["M","M","?","?","M","R","E","R","T","?","M","$","R","M","R","B"],"character_chosen":"DEFECT","items_purchased":[],"campfire_rested":0,"item_purchase_floors":[],"current_hp_per_floor":[68,72,72,72,65,65,40,40,40,40,29,29,29,32,32,5],"gold":311,"neow_bonus":"RANDOM_COLORLESS","is_prod":false,"is_daily":false,"chose_seed":false,"campfire_upgraded":4,"win_rate":0,"timestamp":1544209838,"path_taken":["M","M","?","?","M","R","E","R","T","?","M","$","R","?","R","BOSS"],"build_version":"2018-12-06","purchased_purges":1,"victory":false,"max_hp_per_floor":[75,75,75,75,75,75,75,75,75,69,69,69,69,69,69,69],"card_choices":[{"not_picked":["Stack","Go for the Eyes"],"picked":"Self Repair","floor":1},{"not_picked":["Cold Snap","Self Repair"],"picked":"Capacitor","floor":2},{"not_picked":["Compile Driver","Stack"],"picked":"White Noise","floor":5},{"not_picked":["Cold Snap","Leap"],"picked":"Reinforced Body","floor":7},{"not_picked":["Barrage","Gash","Streamline","Genetic Algorithm"],"picked":"SKIP","floor":11},{"not_picked":["Skim","Hologram","Cold Snap"],"picked":"Echo Form","floor":14}],"player_experience":509353,"relics_obtained":[{"floor":7,"key":"Question Card"},{"floor":9,"key":"Bottled Flame"}],"event_choices":[{"cards_removed":["Strike_B"],"damage_healed":0,"gold_gain":0,"player_choice":"Forget","damage_taken":0,"max_hp_gain":0,"max_hp_loss":0,"event_name":"Living Wall","floor":3,"gold_loss":0},{"damage_healed":0,"gold_gain":175,"player_choice":"AGREE","damage_taken":0,"max_hp_gain":0,"max_hp_loss":0,"event_name":"Liars Game","floor":4,"gold_loss":0,"cards_obtained":["Doubt"]},{"damage_healed":0,"gold_gain":0,"player_choice":"Lose Max HP","damage_taken":0,"relics_obtained":["Golden Idol"],"max_hp_gain":0,"max_hp_loss":6,"event_name":"Golden Idol","floor":10,"gold_loss":0}],"is_beta":false,"boss_relics":[],"items_purged_floors":[12],"is_endless":false,"potions_floor_spawned":[7,11,14],"killed_by":"Hexaghost","ascension_level":5}