{"gold_per_floor":[111,111,126,301,251,251,270,300,323,323,323,323,323,335,335,437,437,448,460,460,474,474],"floor_reached":22,"playtime":572,"items_purged":[],"score":246,"play_id":"e6937bf5-3305-4c23-acdf-377cda9c461f","local_time":"20190509164131","is_ascension_mode":true,"campfire_choices":[{"data":"Static Discharge","floor":6,"key":"SMITH"},{"data":"Echo Form","floor":10,"key":"SMITH"},{"data":"Redo","floor":12,"key":"SMITH"},{"data":"Zap","floor":15,"key":"SMITH"}],"neow_cost":"PERCENT_DAMAGE","seed_source_timestamp":2064875212820005,"circlet_count":0,"master_deck":["Strike_B","Strike_B","Strike_B","Defend_B","Defend_B","Defend_B","Defend_B","Zap+1","Dualcast","Static Discharge+1","Coolheaded","Echo Form+1","Redo+1","FTL","Seek","Fusion+1","Skim","Consume"],"relics":["Cracked Core","Regal Pillow","Art of War","Philosopher\u0027s Stone"],"potions_floor_usage":[8,16,21,22,22],"damage_taken":[{"damage":0,"enemies":"Small Slimes","floor":1,"turns":2},{"damage":3,"enemies":"2 Louse","floor":3,"turns":2},{"damage":4,"enemies":"Cultist","floor":7,"turns":3},{"damage":26,"enemies":"Lagavulin","floor":8,"turns":6},{"damage":9,"enemies":"Blue Slaver","floor":14,"turns":3},{"damage":13,"enemies":"The Guardian","floor":16,"turns":7},{"damage":7,"enemies":"Spheric Guardian","floor":18,"turns":3},{"damage":25,"enemies":"Shell Parasite","floor":19,"turns":6},{"damage":39,"enemies":"Centurion and Healer","floor":21,"turns":5},{"damage":33,"enemies":"Colosseum Slavers","floor":22,"turns":2}],"seed_played":"7555301075879270548","potions_obtained":[{"floor":3,"key":"Fire Potion"},{"floor":7,"key":"Regen Potion"},{"floor":8,"key":"SteroidPotion"},{"floor":18,"key":"Poison Potion"},{"floor":19,"key":"Fire Potion"}],"is_trial":false,"path_per_floor":["M","?","M","?","?","R","M","E","T","R","T","R","?","M","R","B",null,"M","M","?","M","?"],"character_chosen":"DEFECT","items_purchased":[],"campfire_rested":0,"item_purchase_floors":[],"current_hp_per_floor":[68,61,58,58,58,58,54,40,40,40,40,40,45,36,36,23,94,87,62,62,23,0],"gold":474,"neow_bonus":"TWENTY_PERCENT_HP_BONUS","is_prod":false,"is_daily":false,"chose_seed":false,"campfire_upgraded":4,"win_rate":0,"timestamp":1557376891,"path_taken":["M","?","M","?","?","R","M","E","T","R","?","R","?","M","R","BOSS","M","M","?","?","?"],"build_version":"2019-01-23","purchased_purges":0,"victory":false,"max_hp_per_floor":[89,89,89,89,89,89,89,89,89,89,89,89,94,94,94,94,94,94,94,94,94,94],"card_choices":[{"not_picked":["Barrage","Leap"],"picked":"Static Discharge","floor":1},{"not_picked":["Stack","Go for the Eyes"],"picked":"Coolheaded","floor":3},{"not_picked":["Auto Shields","White Noise"],"picked":"Echo Form","floor":7},{"not_picked":["Scrape","Streamline"],"picked":"Redo","floor":8},{"not_picked":["Barrage","Scrape"],"picked":"FTL","floor":14},{"not_picked":["Creative AI","Hyperbeam"],"picked":"Seek","floor":16},{"not_picked":["Gash","Coolheaded"],"picked":"Fusion","floor":18},{"not_picked":["Genetic Algorithm","Tempest"],"picked":"Skim","floor":19},{"not_picked":["Conserve Battery+1","Steam"],"picked":"Consume","floor":21}],"player_experience":212889,"relics_obtained":[{"floor":8,"key":"Regal Pillow"},{"floor":9,"key":"Art of War"}],"event_choices":[{"cards_removed":["Strike_B"],"damage_healed":0,"gold_gain":0,"player_choice":"Card Removal","damage_taken":7,"max_hp_gain":0,"max_hp_loss":0,"event_name":"Golden Wing","floor":2,"gold_loss":0},{"damage_healed":0,"gold_gain":175,"player_choice":"AGREE","damage_taken":0,"max_hp_gain":0,"max_hp_loss":0,"event_name":"Liars Game","floor":4,"gold_loss":0,"cards_obtained":["Doubt"]},{"cards_removed":["Doubt"],"damage_healed":0,"gold_gain":0,"player_choice":"Card Removal","damage_taken":0,"max_hp_gain":0,"max_hp_loss":0,"event_name":"The Cleric","floor":5,"gold_loss":50},{"damage_healed":0,"gold_gain":0,"player_choice":"Donut","damage_taken":0,"max_hp_gain":5,"max_hp_loss":0,"event_name":"Big Fish","floor":13,"gold_loss":0},{"damage_healed":0,"gold_gain":0,"player_choice":"Upgraded","damage_taken":0,"max_hp_gain":0,"max_hp_loss":0,"event_name":"Upgrade Shrine","floor":20,"gold_loss":0,"cards_upgraded":["Fusion"]},{"damage_healed":0,"gold_gain":0,"player_choice":"Fight","damage_taken":0,"max_hp_gain":0,"max_hp_loss":0,"event_name":"Colosseum","floor":22,"gold_loss":0}],"is_beta":false,"boss_relics":[{"not_picked":["Tiny House","Nuclear Battery"],"picked":"Philosopher\u0027s Stone"}],"items_purged_floors":[],"is_endless":false,"potions_floor_spawned":[3,7,8,18,19],"killed_by":"Colosseum Slavers","ascension_level":4}