{"gold_per_floor":[111,128,128,30,30,30,59,70,143,153,187,462,15,32,32,128,128,148,58,68,18,18,47,47,62,62,62,62,62],"floor_reached":29,"playtime":913,"items_purged":["Strike_B","Regret"],"score":276,"play_id":"37c49e4d-c644-471c-b90b-b730f666d39c","local_time":"20190131222345","is_ascension_mode":false,"campfire_choices":[{"data":"Streamline","floor":6,"key":"SMITH"},{"data":"Defragment","floor":15,"key":"SMITH"},{"data":"White Noise","floor":24,"key":"SMITH"},{"data":"Double Energy","floor":28,"key":"SMITH"}],"neow_cost":"NONE","seed_source_timestamp":210569812523430,"circlet_count":0,"master_deck":["Strike_B","Strike_B","Defend_B","Defend_B","Defend_B","Defend_B+1","Dualcast","Streamline+1","Double Energy+1","Conserve Battery","White Noise+1","Defragment+1","Redo","Auto Shields","Coolheaded","Capacitor","Go for the Eyes","All For One","Defragment+1","BootSequence","Stack","Sweeping Beam","Beam Cell"],"relics":["Cracked Core","NeowsBlessing","Happy Flower","Pocketwatch","Letter Opener","Sozu","Symbiotic Virus","PreservedInsect"],"potions_floor_usage":[11,16,16,20],"damage_taken":[{"damage":0,"enemies":"2 Louse","floor":1,"turns":1},{"damage":0,"enemies":"Small Slimes","floor":2,"turns":1},{"damage":0,"enemies":"Gremlin Nob","floor":7,"turns":1},{"damage":0,"enemies":"Cultist","floor":8,"turns":3},{"damage":5,"enemies":"Exordium Thugs","floor":10,"turns":4},{"damage":11,"enemies":"3 Sentries","floor":11,"turns":7},{"damage":0,"enemies":"Exordium Wildlife","floor":14,"turns":5},{"damage":11,"enemies":"Hexaghost","floor":16,"turns":7},{"damage":15,"enemies":"2 Thieves","floor":18,"turns":3},{"damage":0,"enemies":"3 Byrds","floor":20,"turns":3},{"damage":6,"enemies":"Book of Stabbing","floor":23,"turns":7},{"damage":5,"enemies":"Snecko","floor":25,"turns":6},{"damage":7,"enemies":"Centurion and Healer","floor":29,"turns":5}],"seed_played":"-970675221590282144","potions_obtained":[{"floor":2,"key":"FocusPotion"},{"floor":7,"key":"Explosive Potion"},{"floor":10,"key":"PowerPotion"},{"floor":11,"key":"Poison Potion"},{"floor":16,"key":"Swift Potion"}],"is_trial":false,"path_per_floor":["M","M","?","$","?","R","E","M","T","M","E","?","$","M","R","B",null,"M","?","M","$","?","E","R","M","T","?","R","M"],"character_chosen":"DEFECT","items_purchased":["Conserve Battery","Coolheaded","Capacitor","Letter Opener","Stack"],"campfire_rested":0,"item_purchase_floors":[4,13,13,13,21],"current_hp_per_floor":[75,75,68,68,73,73,73,73,73,68,57,57,57,57,57,46,80,65,65,65,65,65,59,59,54,54,54,54,47],"gold":62,"neow_bonus":"THREE_ENEMY_KILL","is_prod":false,"is_daily":false,"chose_seed":false,"campfire_upgraded":4,"win_rate":0,"timestamp":1548941025,"path_taken":["M","M","?","$","?","R","E","M","T","M","E","?","$","M","R","BOSS","M","?","M","$","?","E","R","?","T","?","R","M"],"build_version":"2019-01-23","purchased_purges":2,"victory":false,"max_hp_per_floor":[75,75,75,75,80,80,80,80,80,80,80,80,80,80,80,80,80,80,80,80,80,80,80,80,80,80,80,80,80],"card_choices":[{"not_picked":["Stack","Gash"],"picked":"Streamline","floor":1},{"not_picked":["Streamline","Rip and Tear"],"picked":"Double Energy","floor":2},{"not_picked":["Streamline","Scrape"],"picked":"White Noise","floor":7},{"not_picked":["Coolheaded","Stack"],"picked":"Defragment","floor":8},{"not_picked":["Gash","Rebound"],"picked":"Redo","floor":10},{"not_picked":["Hello World","Recycle"],"picked":"Auto Shields","floor":11},{"not_picked":["Sunder","Steam Power"],"picked":"Go for the Eyes","floor":14},{"not_picked":["Rainbow","Multi-Cast"],"picked":"All For One","floor":16},{"not_picked":["Static Discharge+1","Go for the Eyes"],"picked":"Defragment+1","floor":18},{"not_picked":["Steam+1","Scrape"],"picked":"BootSequence","floor":20},{"not_picked":["Fusion","Go for the Eyes"],"picked":"Sweeping Beam","floor":23},{"not_picked":["Stack","Go for the Eyes+1"],"picked":"Beam Cell","floor":25}],"player_experience":573710,"relics_obtained":[{"floor":7,"key":"Happy Flower"},{"floor":11,"key":"Pocketwatch"},{"floor":23,"key":"Symbiotic Virus"},{"floor":26,"key":"PreservedInsect"}],"event_choices":[{"cards_removed":["Zap"],"damage_healed":0,"gold_gain":0,"player_choice":"Card Removal","damage_taken":7,"max_hp_gain":0,"max_hp_loss":0,"event_name":"Golden Wing","floor":3,"gold_loss":0},{"damage_healed":0,"gold_gain":0,"player_choice":"Donut","damage_taken":0,"max_hp_gain":5,"max_hp_loss":0,"event_name":"Big Fish","floor":5,"gold_loss":0},{"damage_healed":0,"gold_gain":275,"player_choice":"Desecrate","damage_taken":0,"max_hp_gain":0,"max_hp_loss":0,"event_name":"Golden Shrine","floor":12,"gold_loss":0,"cards_obtained":["Regret"]},{"cards_removed":["Strike_B"],"damage_healed":0,"gold_gain":0,"player_choice":"Upgrade and Remove","damage_taken":0,"max_hp_gain":0,"max_hp_loss":0,"event_name":"Designer","floor":19,"gold_loss":90,"cards_upgraded":["Defend_B"]},{"damage_healed":0,"gold_gain":0,"player_choice":"Got Potions","damage_taken":0,"max_hp_gain":0,"max_hp_loss":0,"event_name":"Lab","floor":22,"gold_loss":0}],"is_beta":false,"boss_relics":[{"not_picked":["Pandora\u0027s Box","Inserter"],"picked":"Sozu"}],"items_purged_floors":[4,13],"is_endless":false,"potions_floor_spawned":[2,7,10,11,16,20,23],"killed_by":"Centurion and Healer","ascension_level":0}