{"gold_per_floor":[110,123,123,73,91,91,118,118,118,148,148,166,199,211,211,306,306,316,3,3,14,28,28,128,128,128,128,128],"floor_reached":28,"playtime":1148,"items_purged":["Strike_B"],"score":389,"play_id":"a5c86a58-fcd8-4a80-8239-2bb72ee99865","local_time":"20181208080200","is_ascension_mode":true,"campfire_choices":[{"data":"Zap","floor":6,"key":"SMITH"},{"data":"Dualcast","floor":8,"key":"SMITH"},{"data":"Echo Form","floor":11,"key":"SMITH"},{"data":"Hello World","floor":15,"key":"SMITH"},{"data":"Biased Cognition","floor":23,"key":"SMITH"},{"data":"Tempest","floor":25,"key":"SMITH"},{"data":"Core Surge","floor":27,"key":"SMITH"}],"neow_cost":"NONE","seed_source_timestamp":2003376793819313,"circlet_count":0,"master_deck":["Strike_B","Strike_B","Defend_B","Defend_B","Defend_B","Defend_B","Zap+1","Dualcast+1","Reboot","Self Repair","Go for the Eyes","Sweeping Beam","Auto Shields","Echo Form+1","Tempest+1","Hello World+1","Core Surge+1","Glacier","Conserve Battery","Biased Cognition+1"],"relics":["Cracked Core","Oddly Smooth Stone","Thread and Needle","Ancient Tea Set","Meat on the Bone","Eternal Feather","Pantograph","Nloth\u0027s Gift","Nunchaku"],"potions_floor_usage":[18,28],"damage_taken":[{"damage":0,"enemies":"Cultist","floor":1,"turns":3},{"damage":18,"enemies":"Small Slimes","floor":2,"turns":3},{"damage":0,"enemies":"Jaw Worm","floor":5,"turns":3},{"damage":23,"enemies":"Lagavulin","floor":7,"turns":8},{"damage":22,"enemies":"3 Sentries","floor":10,"turns":7},{"damage":0,"enemies":"Exordium Thugs","floor":12,"turns":4},{"damage":0,"enemies":"Lagavulin","floor":13,"turns":7},{"damage":0,"enemies":"Exordium Wildlife","floor":14,"turns":3},{"damage":0,"enemies":"Slime Boss","floor":16,"turns":8},{"damage":27,"enemies":"2 Thieves","floor":18,"turns":5},{"damage":0,"enemies":"Chosen","floor":21,"turns":9},{"damage":1,"enemies":"Snake Plant","floor":22,"turns":8},{"damage":80,"enemies":"Slavers","floor":28,"turns":5}],"seed_played":"8908134913256612831","potions_obtained":[{"floor":1,"key":"SteroidPotion"},{"floor":7,"key":"Weak Potion"},{"floor":12,"key":"LiquidBronze"},{"floor":21,"key":"EssenceOfSteel"}],"is_trial":false,"path_per_floor":["M","M","T","?","M","R","E","R","T","E","R","M","E","M","R","B",null,"M","$","?","M","M","R","?","R","T","R","E"],"character_chosen":"DEFECT","items_purchased":["Pantograph"],"campfire_rested":0,"item_purchase_floors":[19],"current_hp_per_floor":[75,64,64,64,71,71,55,55,55,40,40,54,68,75,75,75,75,55,55,55,69,75,75,75,75,75,75,0],"gold":128,"neow_bonus":"ONE_RANDOM_RARE_CARD","is_prod":false,"is_daily":false,"chose_seed":false,"campfire_upgraded":7,"win_rate":0,"timestamp":1544223720,"path_taken":["M","?","?","?","M","R","E","R","T","E","R","M","E","M","R","BOSS","M","$","?","?","M","R","?","R","T","R","E"],"build_version":"2018-12-06","purchased_purges":1,"victory":false,"max_hp_per_floor":[75,75,75,75,75,75,75,75,75,75,75,75,75,75,75,75,75,75,75,75,75,75,75,75,75,75,75,75],"card_choices":[{"not_picked":["Storm","Cold Snap"],"picked":"Self Repair","floor":1},{"not_picked":["Skim","Chaos"],"picked":"Go for the Eyes","floor":2},{"not_picked":["Self Repair","Go for the Eyes"],"picked":"Sweeping Beam","floor":5},{"not_picked":["Rebound","Force Field"],"picked":"Auto Shields","floor":7},{"not_picked":["Ball Lightning","Blizzard"],"picked":"Echo Form","floor":10},{"not_picked":["Coolheaded","Loop"],"picked":"Tempest","floor":12},{"not_picked":["Turbo","Reboot"],"picked":"Hello World","floor":13},{"not_picked":["Rebound","Reprogram","Hologram"],"picked":"SKIP","floor":14},{"not_picked":["All For One","Hyperbeam"],"picked":"Core Surge","floor":16},{"not_picked":["Stack","Aggregate"],"picked":"Glacier","floor":18},{"not_picked":["Beam Cell+1","Stack+1"],"picked":"Conserve Battery","floor":21},{"not_picked":["Sweeping Beam","Cold Snap"],"picked":"Biased Cognition","floor":22}],"player_experience":515199,"relics_obtained":[{"floor":3,"key":"Oddly Smooth Stone"},{"floor":7,"key":"Thread and Needle"},{"floor":9,"key":"Ancient Tea Set"},{"floor":10,"key":"Vajra"},{"floor":13,"key":"Meat on the Bone"},{"floor":26,"key":"Nunchaku"}],"event_choices":[{"cards_removed":["Strike_B"],"damage_healed":0,"gold_gain":0,"player_choice":"Card Removal","damage_taken":0,"max_hp_gain":0,"max_hp_loss":0,"event_name":"The Cleric","floor":4,"gold_loss":50},{"damage_healed":0,"gold_gain":0,"player_choice":"Traded Relic","damage_taken":0,"relics_obtained":["Nloth\u0027s Gift"],"max_hp_gain":0,"max_hp_loss":0,"event_name":"N\u0027loth","floor":20,"relics_lost":["Vajra"],"gold_loss":0},{"damage_healed":0,"gold_gain":100,"player_choice":"Pray","damage_taken":0,"max_hp_gain":0,"max_hp_loss":0,"event_name":"Golden Shrine","floor":24,"gold_loss":0}],"is_beta":false,"boss_relics":[{"not_picked":["Velvet Choker","Snecko Eye"],"picked":"Eternal Feather"}],"items_purged_floors":[19],"is_endless":false,"potions_floor_spawned":[1,7,12,21,22],"killed_by":"Slavers","ascension_level":5}