{"gold_per_floor":[109,126,141,91,102,102,117,117,140,164,183,219,219,319,319,449,449,463,476,501,501,520,520,161,161,184,184],"floor_reached":27,"playtime":1414,"items_purged":["Strike_R"],"score":239,"play_id":"8afd0928-f175-48fb-9ce1-daa6e41c7ae1","local_time":"20180917142108","is_ascension_mode":true,"campfire_choices":[{"data":"Armaments","floor":6,"key":"SMITH"},{"data":"Seeing Red","floor":13,"key":"SMITH"},{"data":"Pommel Strike","floor":15,"key":"SMITH"},{"data":"Demon Form","floor":23,"key":"SMITH"},{"data":"Shrug It Off","floor":25,"key":"SMITH"}],"neow_cost":"","seed_source_timestamp":0,"circlet_count":0,"master_deck":["Strike_R","Strike_R","Strike_R","Defend_R","Defend_R","Defend_R","Defend_R","Bash","Reckless Charge","Armaments+1","Pommel Strike+1","Perfected Strike","Warcry","Seeing Red+1","Shrug It Off","Demon Form+1","Heavy Blade+1","Limit Break","Shrug It Off+1","Perfected Strike","Pain"],"special_seed":0,"relics":["Burning Blood","Bloody Idol","Blood Vial","Strawberry","Cursed Key","ClockworkSouvenir","Smiling Mask"],"potions_floor_usage":[10,12,18,27],"damage_taken":[{"damage":10,"enemies":"Small Slimes","floor":1,"turns":4},{"damage":2,"enemies":"Jaw Worm","floor":2,"turns":3},{"damage":1,"enemies":"Cultist","floor":3,"turns":3},{"damage":2,"enemies":"Looter","floor":5,"turns":3},{"damage":4,"enemies":"2 Fungi Beasts","floor":7,"turns":3},{"damage":12,"enemies":"Large Slime","floor":10,"turns":5},{"damage":15,"enemies":"Gremlin Gang","floor":11,"turns":4},{"damage":17,"enemies":"3 Sentries","floor":12,"turns":8},{"damage":33,"enemies":"The Guardian","floor":16,"turns":14},{"damage":10,"enemies":"Chosen","floor":18,"turns":5},{"damage":7,"enemies":"Shell Parasite","floor":19,"turns":3},{"damage":13,"enemies":"Centurion and Healer","floor":20,"turns":4},{"damage":53,"enemies":"Shelled Parasite and Fungi","floor":22,"turns":6},{"damage":49,"enemies":"Book of Stabbing","floor":27,"turns":5}],"seed_played":"3226592132525471585","potions_obtained":[{"floor":2,"key":"PowerPotion"},{"floor":3,"key":"AttackPotion"},{"floor":7,"key":"SteroidPotion"},{"floor":11,"key":"SteroidPotion"}],"is_trial":false,"path_per_floor":["M","M","M","?","M","R","M","?","T","M","M","E","R","?","R","B",null,"M","M","M","?","M","R","$","R","T"],"character_chosen":"IRONCLAD","items_purchased":["Shrug It Off","ClockworkSouvenir","Perfected Strike"],"campfire_rested":0,"item_purchase_floors":[24,24,24],"current_hp_per_floor":[76,80,80,80,80,80,80,60,60,56,49,47,47,47,47,22,87,83,84,79,79,39,39,39,39,44,0],"gold":184,"neow_bonus":"","is_prod":false,"is_daily":false,"chose_seed":false,"campfire_upgraded":5,"win_rate":0,"timestamp":1537161668,"path_taken":["M","M","M","?","M","R","M","?","T","M","M","E","R","?","R","BOSS","M","M","M","?","?","R","$","R","T","E"],"build_version":"2018-09-06","purchased_purges":1,"victory":false,"max_hp_per_floor":[80,80,80,80,80,80,80,80,80,80,80,87,87,87,87,87,87,87,87,87,87,87,87,87,87,87,87],"card_choices":[{"not_picked":["Heavy Blade","Rage"],"picked":"Reckless Charge","floor":1},{"not_picked":["Thunderclap","Metallicize"],"picked":"Armaments","floor":2},{"not_picked":["Fire Breathing","Wild Strike"],"picked":"Pommel Strike","floor":3},{"not_picked":["Twin Strike","Flex"],"picked":"Perfected Strike","floor":5},{"not_picked":["Rampage","Armaments"],"picked":"Warcry","floor":7},{"not_picked":["Perfected Strike","Iron Wave"],"picked":"Seeing Red","floor":10},{"not_picked":["Clash","Dual Wield","Heavy Blade"],"picked":"SKIP","floor":11},{"not_picked":["Body Slam","Feel No Pain"],"picked":"Shrug It Off","floor":12},{"not_picked":["Juggernaut","Exhume"],"picked":"Demon Form","floor":16},{"not_picked":["Thunderclap+1","Intimidate"],"picked":"Heavy Blade+1","floor":18},{"not_picked":["Anger+1","Flex","Disarm"],"picked":"SKIP","floor":19},{"not_picked":["Dual Wield","Iron Wave"],"picked":"Limit Break","floor":20},{"not_picked":["Iron Wave","Body Slam","Bloodletting"],"picked":"SKIP","floor":22}],"player_experience":277358,"relics_obtained":[{"floor":9,"key":"Blood Vial"},{"floor":12,"key":"Strawberry"},{"floor":26,"key":"Smiling Mask"}],"event_choices":[{"event_name":"The Cleric","player_choice":"Card Removal","floor":4,"damage_taken":0},{"event_name":"Golden Idol","player_choice":"Take Damage","floor":8,"damage_taken":0},{"event_name":"Golden Shrine","player_choice":"Pray","floor":14,"damage_taken":0},{"event_name":"Forgotten Altar","player_choice":"Gave Idol","floor":21,"damage_taken":0}],"is_beta":false,"boss_relics":[{"not_picked":["Black Blood","Philosopher\u0027s Stone"],"picked":"Cursed Key"}],"items_purged_floors":[24],"is_endless":false,"potions_floor_spawned":[2,3,7,11],"killed_by":"Book of Stabbing","ascension_level":2}