{"gold_per_floor":[118,128,303,322,338,338,0,0,0,0,10,21,21,52,52,150,150,163,163,175,62,81,112,112,112],"floor_reached":25,"playtime":713,"items_purged":["Doubt"],"score":279,"play_id":"ad7f5c23-69aa-4d2d-a254-caad4770a559","local_time":"20181208053030","is_ascension_mode":true,"campfire_choices":[{"data":"Zap","floor":6,"key":"SMITH"},{"data":"Apotheosis","floor":8,"key":"SMITH"},{"data":"Dualcast","floor":10,"key":"SMITH"},{"data":"Tempest","floor":13,"key":"SMITH"},{"data":"Static Discharge","floor":15,"key":"SMITH"},{"floor":24,"key":"REST"}],"neow_cost":"NONE","seed_source_timestamp":1994722976499050,"circlet_count":0,"master_deck":["Strike_B","Strike_B","Strike_B","Strike_B","Defend_B","Defend_B","Defend_B","Defend_B","Zap+1","Dualcast+1","Cold Snap","Ball Lightning","Ball Lightning","Leap","Apotheosis+1","Static Discharge+1","Tempest+1","Capacitor","Thunder Strike","Storm+1","Hologram","BootSequence","Chill","Conserve Battery+1","BootSequence"],"relics":["Cracked Core","NeowsBlessing","Nunchaku","Symbiotic Virus","Cursed Key","Enchiridion","Molten Egg 2"],"potions_floor_usage":[14,18,23,25],"damage_taken":[{"damage":0,"enemies":"2 Louse","floor":1,"turns":1},{"damage":0,"enemies":"Cultist","floor":2,"turns":1},{"damage":0,"enemies":"Small Slimes","floor":4,"turns":1},{"damage":10,"enemies":"Exordium Wildlife","floor":5,"turns":3},{"damage":7,"enemies":"2 Fungi Beasts","floor":11,"turns":2},{"damage":4,"enemies":"Red Slaver","floor":12,"turns":3},{"damage":18,"enemies":"3 Sentries","floor":14,"turns":4},{"damage":6,"enemies":"Hexaghost","floor":16,"turns":8},{"damage":11,"enemies":"2 Thieves","floor":18,"turns":2},{"damage":0,"enemies":"Spheric Guardian","floor":20,"turns":2},{"damage":26,"enemies":"Shelled Parasite and Fungi","floor":22,"turns":4},{"damage":10,"enemies":"Book of Stabbing","floor":23,"turns":5},{"damage":25,"enemies":"Masked Bandits","floor":25,"turns":3}],"seed_played":"-2617147551780401362","potions_obtained":[{"floor":4,"key":"Energy Potion"},{"floor":11,"key":"Regen Potion"},{"floor":12,"key":"SteroidPotion"},{"floor":16,"key":"Weak Potion"},{"floor":18,"key":"EssenceOfSteel"},{"floor":23,"key":"EssenceOfSteel"}],"is_trial":false,"path_per_floor":["M","M","?","M","M","R","$","R","T","R","M","M","R","E","R","B",null,"M","?","M","$","M","E","R","?"],"character_chosen":"DEFECT","items_purchased":["Apotheosis","Static Discharge","BootSequence","Chill"],"campfire_rested":1,"item_purchase_floors":[7,7,21,21],"current_hp_per_floor":[75,75,75,75,65,65,65,65,65,65,58,54,54,45,45,39,66,55,39,39,39,13,3,25,0],"gold":112,"neow_bonus":"THREE_ENEMY_KILL","is_prod":false,"is_daily":false,"chose_seed":false,"campfire_upgraded":5,"win_rate":0,"timestamp":1544214630,"path_taken":["M","M","?","M","M","R","$","R","T","R","M","M","R","E","R","BOSS","M","?","M","$","M","E","R","?"],"build_version":"2018-12-06","purchased_purges":1,"victory":false,"max_hp_per_floor":[75,75,75,75,75,75,75,75,75,75,75,75,75,75,75,75,75,75,75,75,75,75,75,75,75],"card_choices":[{"not_picked":["Beam Cell","Rip and Tear"],"picked":"Cold Snap","floor":1},{"not_picked":["Sunder","Rebound"],"picked":"Ball Lightning","floor":2},{"not_picked":["Recycle","Sunder"],"picked":"Ball Lightning","floor":4},{"not_picked":["Sweeping Beam","Beam Cell"],"picked":"Leap","floor":5},{"not_picked":["Conserve Battery","Go for the Eyes"],"picked":"Tempest","floor":11},{"not_picked":["Blizzard","All For One","Turbo"],"picked":"SKIP","floor":12},{"not_picked":["Cold Snap","Redo"],"picked":"Capacitor","floor":14},{"not_picked":["Core Surge","Fission"],"picked":"Thunder Strike","floor":16},{"not_picked":["Chaos","Cold Snap+1"],"picked":"Storm+1","floor":18},{"not_picked":["Sweeping Beam+1","Scrape"],"picked":"Hologram","floor":20},{"not_picked":["Redo","Sweeping Beam"],"picked":"Conserve Battery+1","floor":22},{"not_picked":["Reprogram","Steam"],"picked":"BootSequence","floor":23}],"player_experience":513971,"relics_obtained":[{"floor":9,"key":"Nunchaku"},{"floor":14,"key":"Symbiotic Virus"},{"floor":19,"key":"Enchiridion"},{"floor":23,"key":"Molten Egg 2"}],"event_choices":[{"damage_healed":0,"gold_gain":175,"player_choice":"AGREE","damage_taken":0,"max_hp_gain":0,"max_hp_loss":0,"event_name":"Liars Game","floor":3,"gold_loss":0,"cards_obtained":["Doubt"]},{"damage_healed":0,"gold_gain":0,"player_choice":"Obtained Book","damage_taken":16,"max_hp_gain":0,"max_hp_loss":0,"event_name":"Cursed Tome","floor":19,"gold_loss":0},{"damage_healed":0,"gold_gain":0,"player_choice":"Fought Bandits","damage_taken":0,"max_hp_gain":0,"max_hp_loss":0,"event_name":"Masked Bandits","floor":25,"gold_loss":0}],"is_beta":false,"boss_relics":[{"not_picked":["Coffee Dripper","FrozenCore"],"picked":"Cursed Key"}],"items_purged_floors":[7],"is_endless":false,"potions_floor_spawned":[4,11,12,16,18,23],"killed_by":"Masked Bandits","ascension_level":5}