{"gold_per_floor":[362,291,366,366,64,64,76,76,76,76,92,108,108,120,120,120],"floor_reached":16,"playtime":480,"items_purged":[],"score":108,"play_id":"4fcbe0c6-7081-464e-af11-8c19483993cd","local_time":"20190502181222","is_ascension_mode":true,"campfire_choices":[{"data":"Caltrops","floor":6,"key":"SMITH"},{"data":"Bouncing Flask","floor":8,"key":"SMITH"},{"data":"Neutralize","floor":10,"key":"SMITH"},{"data":"Dagger Spray","floor":13,"key":"SMITH"},{"floor":15,"key":"REST"}],"neow_cost":"TEN_PERCENT_HP_LOSS","seed_source_timestamp":1465614997127099,"circlet_count":0,"master_deck":["Defend_G","Defend_G","Defend_G","Defend_G","Defend_G","Strike_G","Strike_G","Strike_G","Strike_G","Strike_G","Survivor","Neutralize+1","PiercingWail","Caltrops+1","Backflip","Bouncing Flask+1","Dodge and Roll","Dagger Spray+1","Blur"],"relics":["Ring of the Snake","Smiling Mask","Question Card"],"potions_floor_usage":[16,16,16],"damage_taken":[{"damage":1,"enemies":"Cultist","floor":1,"turns":4},{"damage":1,"enemies":"Jaw Worm","floor":7,"turns":5},{"damage":0,"enemies":"2 Louse","floor":11,"turns":2},{"damage":1,"enemies":"Large Slime","floor":12,"turns":6},{"damage":0,"enemies":"Gremlin Gang","floor":14,"turns":2},{"damage":64,"enemies":"Slime Boss","floor":16,"turns":11}],"seed_played":"5306127114491995633","potions_obtained":[{"floor":7,"key":"AttackPotion"},{"floor":11,"key":"AttackPotion"},{"floor":12,"key":"Poison Potion"}],"is_trial":false,"path_per_floor":["M","$","?","?","$","R","M","R","T","R","M","M","R","M","R","B"],"character_chosen":"THE_SILENT","items_purchased":["Caltrops","Question Card","Backflip"],"campfire_rested":1,"item_purchase_floors":[2,5,5],"current_hp_per_floor":[62,62,51,39,39,39,38,38,38,38,38,37,37,37,55,0],"gold":120,"neow_bonus":"TWO_FIFTY_GOLD","is_prod":false,"is_daily":false,"chose_seed":false,"campfire_upgraded":4,"win_rate":0,"timestamp":1556777542,"path_taken":["M","?","?","?","$","R","M","R","T","R","M","?","R","M","R","BOSS"],"build_version":"2019-01-23","purchased_purges":0,"victory":false,"max_hp_per_floor":[63,63,63,63,63,63,63,63,63,63,63,63,63,63,63,63],"card_choices":[{"not_picked":["Deflect","Expertise"],"picked":"PiercingWail","floor":1},{"not_picked":["Distraction","PiercingWail","Cloak And Dagger"],"picked":"Bouncing Flask","floor":7},{"not_picked":["Tactician","Underhanded Strike","Cloak And Dagger"],"picked":"Dodge and Roll","floor":11},{"not_picked":["Prepared","Quick Slash","Dash"],"picked":"Dagger Spray","floor":12},{"not_picked":["Sucker Punch","Riddle With Holes","Deflect"],"picked":"Blur","floor":14}],"player_experience":156580,"relics_obtained":[],"event_choices":[{"damage_healed":0,"gold_gain":75,"player_choice":"Gather Gold","damage_taken":11,"max_hp_gain":0,"max_hp_loss":0,"event_name":"World of Goop","floor":3,"gold_loss":0},{"damage_healed":0,"gold_gain":0,"player_choice":"Success","damage_taken":12,"relics_obtained":["Smiling Mask"],"max_hp_gain":0,"max_hp_loss":0,"event_name":"Scrap Ooze","floor":4,"gold_loss":0}],"is_beta":false,"boss_relics":[],"items_purged_floors":[],"is_endless":false,"potions_floor_spawned":[7,11,12],"killed_by":"Slime Boss","ascension_level":4}