{"gold_per_floor":[113,133,133,133,151,151,162,162,189,189,201,201,201,228,228,333,333,349,361,0,0,0],"floor_reached":22,"playtime":1049,"items_purged":["Strike_G"],"score":267,"play_id":"e188e333-6d28-4999-b4ae-de2cb01b7e90","local_time":"20181002102827","is_ascension_mode":true,"campfire_choices":[{"data":"Neutralize","floor":6,"key":"SMITH"},{"data":"A Thousand Cuts","floor":8,"key":"SMITH"},{"data":"Backstab","floor":10,"key":"SMITH"},{"floor":15,"key":"REST"}],"neow_cost":"NONE","seed_source_timestamp":1397306157953065,"circlet_count":0,"master_deck":["Defend_G","Defend_G","Defend_G","Defend_G","Defend_G","Strike_G","Strike_G+1","Strike_G","Strike_G+1","Survivor","Neutralize+1","A Thousand Cuts+1","PiercingWail+1","Backstab+1","Phantasmal Killer","Finisher","Cloak And Dagger+1","Apotheosis","Accuracy"],"relics":["Ring of the Snake","Juzu Bracelet","PreservedInsect","Vajra","Tingsha","Eternal Feather","CultistMask"],"potions_floor_usage":[14,14,18],"damage_taken":[{"damage":0,"enemies":"Jaw Worm","floor":1,"turns":6},{"damage":10,"enemies":"Small Slimes","floor":2,"turns":5},{"damage":0,"enemies":"2 Louse","floor":5,"turns":3},{"damage":0,"enemies":"2 Fungi Beasts","floor":7,"turns":4},{"damage":0,"enemies":"Lots of Slimes","floor":11,"turns":4},{"damage":9,"enemies":"Lagavulin","floor":14,"turns":4},{"damage":15,"enemies":"The Guardian","floor":16,"turns":15},{"damage":21,"enemies":"Shell Parasite","floor":18,"turns":8},{"damage":29,"enemies":"3 Byrds","floor":19,"turns":7},{"damage":3,"enemies":"Sentry and Sphere","floor":22,"turns":3}],"seed_played":"6946456040901695592","potions_obtained":[{"floor":2,"key":"Strength Potion"},{"floor":5,"key":"Dexterity Potion"},{"floor":16,"key":"EssenceOfSteel"},{"floor":19,"key":"EssenceOfSteel"}],"is_trial":false,"path_per_floor":["M","M","?","?","M","R","M","R","T","R","M","?","T","E","R","B",null,"M","M","$","?"],"character_chosen":"THE_SILENT","items_purchased":["Apotheosis","Accuracy"],"campfire_rested":1,"item_purchase_floors":[20,20],"current_hp_per_floor":[63,53,39,32,32,32,32,32,32,32,32,32,32,23,44,29,60,39,10,10,10,7],"gold":0,"neow_bonus":"ONE_RANDOM_RARE_CARD","is_prod":false,"is_daily":false,"chose_seed":false,"campfire_upgraded":3,"win_rate":0,"timestamp":1538443707,"path_taken":["M","M","?","?","M","R","M","R","T","R","M","?","?","E","R","BOSS","M","M","$","?","M"],"build_version":"2018-09-27","purchased_purges":1,"victory":false,"max_hp_per_floor":[70,70,70,70,70,70,70,70,70,70,70,70,70,70,70,70,70,70,70,70,70,70],"card_choices":[{"not_picked":["Dagger Throw","Leg Sweep","Expertise"],"picked":"SKIP","floor":1},{"not_picked":["Bouncing Flask","Dodge and Roll"],"picked":"PiercingWail","floor":2},{"not_picked":["Calculated Gamble","Dodge and Roll","Slice"],"picked":"SKIP","floor":5},{"not_picked":["Reflex","Quick Slash"],"picked":"Backstab","floor":7},{"not_picked":["Poisoned Stab","Malaise","Quick Slash"],"picked":"SKIP","floor":11},{"not_picked":["Underhanded Strike","Heel Hook","Choke"],"picked":"SKIP","floor":14},{"not_picked":["Malaise","Corpse Explosion"],"picked":"Phantasmal Killer","floor":16},{"not_picked":["Escape Plan+1","PiercingWail"],"picked":"Finisher","floor":18},{"not_picked":["Finisher","Deflect+1"],"picked":"Cloak And Dagger+1","floor":19}],"player_experience":351475,"relics_obtained":[{"floor":9,"key":"PreservedInsect"},{"floor":13,"key":"Vajra"},{"floor":14,"key":"Tingsha"}],"event_choices":[{"event_name":"Shining Light","player_choice":"Entered Light","floor":3,"damage_taken":0},{"event_name":"Scrap Ooze","player_choice":"success","floor":4,"damage_taken":7},{"event_name":"Upgrade Shrine","player_choice":"Upgraded","floor":12,"damage_taken":0},{"event_name":"FaceTrader","player_choice":"Trade","floor":21,"damage_taken":0}],"is_beta":false,"boss_relics":[{"not_picked":["Astrolabe","Empty Cage"],"picked":"Eternal Feather"}],"items_purged_floors":[20],"is_endless":false,"potions_floor_spawned":[2,5,16,19],"killed_by":"Sentry and Sphere","ascension_level":9}