{"gold_per_floor":[115,135,310,330,21,52,52,127,127,142,142,154,168,0,0,96,96,111,111,127,127,145,145,145],"floor_reached":24,"playtime":752,"items_purged":[],"score":257,"play_id":"552703b7-8602-412d-90dc-a1d1cea33c34","local_time":"20190504004832","is_ascension_mode":true,"campfire_choices":[{"floor":7,"key":"REST"},{"data":"Noxious Fumes","floor":11,"key":"SMITH"},{"floor":15,"key":"REST"},{"floor":23,"key":"REST"}],"neow_cost":"NONE","seed_source_timestamp":1575512426596400,"circlet_count":0,"master_deck":["Defend_G","Defend_G","Defend_G","Defend_G","Defend_G","Strike_G","Strike_G","Strike_G","Strike_G","Strike_G","Survivor","Neutralize","Heel Hook","PiercingWail","Doubt","Heel Hook","Noxious Fumes+1","Bouncing Flask","Dagger Spray","Footwork","Night Terror","Calculated Gamble","A Thousand Cuts","Corpse Explosion","Footwork","Deflect","Dagger Spray"],"relics":["Ring of the Snake","NeowsBlessing","Membership Card","Mango","Shuriken","Kunai","Fusion Hammer"],"potions_floor_usage":[13,16,20],"damage_taken":[{"damage":0,"enemies":"Cultist","floor":1,"turns":1},{"damage":0,"enemies":"Jaw Worm","floor":2,"turns":1},{"damage":0,"enemies":"Small Slimes","floor":4,"turns":1},{"damage":34,"enemies":"Lagavulin","floor":6,"turns":9},{"damage":11,"enemies":"Blue Slaver","floor":10,"turns":4},{"damage":12,"enemies":"Large Slime","floor":12,"turns":6},{"damage":17,"enemies":"Exordium Thugs","floor":13,"turns":4},{"damage":23,"enemies":"The Guardian","floor":16,"turns":10},{"damage":15,"enemies":"Shell Parasite","floor":18,"turns":6},{"damage":22,"enemies":"2 Thieves","floor":20,"turns":3},{"damage":20,"enemies":"Snake Plant","floor":22,"turns":5},{"damage":52,"enemies":"Gremlin Leader","floor":24,"turns":3}],"seed_played":"4555993572235332781","potions_obtained":[{"floor":1,"key":"GamblersBrew"},{"floor":6,"key":"EssenceOfSteel"},{"floor":10,"key":"AttackPotion"},{"floor":13,"key":"GhostInAJar"},{"floor":22,"key":"Dexterity Potion"}],"is_trial":false,"path_per_floor":["M","M","?","M","$","E","R","?","T","M","R","M","M","$","R","B",null,"M","?","M","?","M","R","E"],"character_chosen":"THE_SILENT","items_purchased":["Noxious Fumes","Membership Card","Bouncing Flask","A Thousand Cuts","Kunai"],"campfire_rested":3,"item_purchase_floors":[5,5,5,14,14],"current_hp_per_floor":[63,63,63,63,63,43,68,57,57,46,46,34,17,17,42,19,68,53,37,15,43,23,48,0],"gold":145,"neow_bonus":"THREE_ENEMY_KILL","is_prod":false,"is_daily":false,"chose_seed":false,"campfire_upgraded":1,"win_rate":0,"timestamp":1556887712,"path_taken":["M","?","?","M","$","E","R","?","T","M","R","M","M","$","R","BOSS","M","?","M","?","M","R","E"],"build_version":"2019-01-23","purchased_purges":0,"victory":false,"max_hp_per_floor":[70,70,70,70,70,84,84,84,84,84,84,84,84,84,84,84,84,84,84,84,84,84,84,84],"card_choices":[{"not_picked":["Predator","Masterful Stab"],"picked":"Heel Hook","floor":1},{"not_picked":["Distraction","Prepared"],"picked":"PiercingWail","floor":2},{"not_picked":["Dagger Throw","Accuracy"],"picked":"Heel Hook","floor":4},{"not_picked":["Underhanded Strike","Distraction"],"picked":"Dagger Spray","floor":6},{"not_picked":["Deadly Poison","Underhanded Strike"],"picked":"Footwork","floor":10},{"not_picked":["Poisoned Stab","Slice"],"picked":"Night Terror","floor":12},{"not_picked":["Slice","Infinite Blades"],"picked":"Calculated Gamble","floor":13},{"not_picked":["Grand Finale","Phantasmal Killer"],"picked":"Corpse Explosion","floor":16},{"not_picked":["Bane","Quick Slash+1"],"picked":"Footwork","floor":18},{"not_picked":["Quick Slash","Reflex"],"picked":"Deflect","floor":20},{"not_picked":["Reflex","Endless Agony"],"picked":"Dagger Spray","floor":22}],"player_experience":170611,"relics_obtained":[{"floor":6,"key":"Mango"},{"floor":9,"key":"Shuriken"}],"event_choices":[{"damage_healed":0,"gold_gain":175,"player_choice":"AGREE","damage_taken":0,"max_hp_gain":0,"max_hp_loss":0,"event_name":"Liars Game","floor":3,"gold_loss":0,"cards_obtained":["Doubt"]},{"damage_healed":0,"gold_gain":75,"player_choice":"Gather Gold","damage_taken":11,"max_hp_gain":0,"max_hp_loss":0,"event_name":"World of Goop","floor":8,"gold_loss":0},{"damage_healed":0,"gold_gain":0,"player_choice":"Obtained Book","damage_taken":16,"max_hp_gain":0,"max_hp_loss":0,"event_name":"Cursed Tome","floor":19,"gold_loss":0},{"damage_healed":28,"gold_gain":0,"player_choice":"Heal","damage_taken":0,"max_hp_gain":0,"max_hp_loss":0,"event_name":"The Library","floor":21,"gold_loss":0}],"is_beta":false,"boss_relics":[{"not_picked":["Coffee Dripper","Orrery"],"picked":"Fusion Hammer"}],"items_purged_floors":[],"is_endless":false,"potions_floor_spawned":[1,6,10,12,13,22],"killed_by":"Gremlin Leader","ascension_level":6}