{"gold_per_floor":[114,62,72,22,22,22,41,41,41,59,89,89,89,109,109,109],"floor_reached":16,"playtime":570,"items_purged":[],"score":122,"play_id":"b6520aea-9aac-4f4b-847b-4bf36c98d717","local_time":"20180915112834","is_ascension_mode":true,"campfire_choices":[{"data":"Zap","floor":6,"key":"SMITH"},{"data":"Dualcast","floor":8,"key":"SMITH"},{"floor":13,"key":"REST"},{"data":"Creative AI","floor":15,"key":"SMITH"}],"neow_cost":"","seed_source_timestamp":2304867395767973,"circlet_count":0,"master_deck":["Strike_B","Strike_B","Strike_B","Strike_B","Defend_B","Defend_B","Defend_B","Zap+1","Dualcast+1","Conserve Battery","Stack","Redo","Creative AI+1","Steam Power","Double Energy"],"relics":["Cracked Core","Ice Cream","Pocketwatch"],"potions_floor_usage":[11,12,16],"damage_taken":[{"damage":0,"enemies":"2 Louse","floor":1,"turns":3},{"damage":0,"enemies":"Jaw Worm","floor":3,"turns":3},{"damage":5,"enemies":"Small Slimes","floor":7,"turns":4},{"damage":7,"enemies":"Exordium Wildlife","floor":10,"turns":2},{"damage":49,"enemies":"Gremlin Nob","floor":11,"turns":6},{"damage":0,"enemies":"Gremlin Gang","floor":12,"turns":1},{"damage":4,"enemies":"Blue Slaver","floor":14,"turns":3},{"damage":8,"enemies":"Slime Boss","floor":16,"turns":5}],"seed_played":"-1541314375526926511","potions_obtained":[{"floor":7,"key":"EssenceOfSteel"},{"floor":10,"key":"SmokeBomb"},{"floor":11,"key":"SpeedPotion"},{"floor":14,"key":"Fire Potion"}],"is_trial":false,"path_per_floor":["M","$","M","?","?","R","M","R","T","M","E","M","R","M","R"],"character_chosen":"DEFECT","items_purchased":["Conserve Battery"],"campfire_rested":1,"item_purchase_floors":[2],"current_hp_per_floor":[75,75,75,75,80,80,75,75,75,68,19,19,43,39,39,31],"gold":109,"neow_bonus":"","is_prod":false,"is_daily":false,"chose_seed":false,"campfire_upgraded":3,"win_rate":0,"timestamp":1536978514,"path_taken":["M","$","M","?","?","R","M","R","T","M","E","M","R","M","R","BOSS"],"build_version":"2018-09-06","purchased_purges":0,"victory":false,"max_hp_per_floor":[75,75,75,75,80,80,80,80,80,80,80,80,80,80,80,80],"card_choices":[{"not_picked":["Turbo","Melter","Gash"],"picked":"SKIP","floor":1},{"not_picked":["Turbo","Reprogram"],"picked":"Stack","floor":3},{"not_picked":["Leap","Cold Snap"],"picked":"Redo","floor":7},{"not_picked":["Hello World","Fusion"],"picked":"Creative AI","floor":10},{"not_picked":["Reinforced Body","Leap"],"picked":"Steam Power","floor":11},{"not_picked":["Redo","Barrage"],"picked":"Double Energy","floor":14}],"player_experience":266459,"relics_obtained":[{"floor":9,"key":"Ice Cream"},{"floor":11,"key":"Pocketwatch"}],"event_choices":[{"event_name":"The Cleric","player_choice":"Card Removal","floor":4,"damage_taken":0},{"event_name":"Big Fish","player_choice":"Donut","floor":5,"damage_taken":0}],"is_beta":false,"boss_relics":[],"items_purged_floors":[],"is_endless":false,"potions_floor_spawned":[7,10,11,14],"killed_by":"Slime Boss","ascension_level":4}