{"gold_per_floor":[111,41,41,56,56,94,94,113,113,153,153,172,208,274,274,403,403,423,423,444,468,468,468,486,486,486,506,506],"floor_reached":28,"playtime":865,"items_purged":[],"score":263,"play_id":"5ee55e32-f515-4d08-9728-074f30050a93","local_time":"20190505122149","is_ascension_mode":false,"campfire_choices":[{"data":"Noxious Fumes","floor":7,"key":"SMITH"},{"floor":11,"key":"REST"},{"floor":15,"key":"REST"},{"floor":25,"key":"REST"}],"neow_cost":"NONE","seed_source_timestamp":1703395381013007,"circlet_count":0,"master_deck":["Defend_G","Defend_G","Defend_G","Defend_G","Defend_G","Strike_G+1","Strike_G","Strike_G+1","Strike_G","Survivor","Neutralize","Terror","Noxious Fumes+1","Poisoned Stab","A Thousand Cuts","PiercingWail","Well Laid Plans","Die Die Die","Bane","Burst","Prepared+1","Eviscerate","Backflip","Dodge and Roll","RitualDagger"],"relics":["Ring of the Snake","NeowsBlessing","Shuriken","Golden Idol","Boot","Omamori","Bottled Tornado","WingedGreaves","Whetstone","Philosopher\u0027s Stone"],"potions_floor_usage":[14,28,28],"damage_taken":[{"damage":0,"enemies":"2 Louse","floor":1,"turns":1},{"damage":0,"enemies":"Jaw Worm","floor":4,"turns":1},{"damage":0,"enemies":"3 Sentries","floor":6,"turns":1},{"damage":0,"enemies":"Cultist","floor":8,"turns":3},{"damage":42,"enemies":"Gremlin Nob","floor":10,"turns":5},{"damage":0,"enemies":"Large Slime","floor":12,"turns":4},{"damage":20,"enemies":"3 Sentries","floor":13,"turns":7},{"damage":5,"enemies":"3 Sentries","floor":14,"turns":6},{"damage":19,"enemies":"Hexaghost","floor":16,"turns":8},{"damage":15,"enemies":"Spheric Guardian","floor":18,"turns":4},{"damage":20,"enemies":"3 Byrds","floor":20,"turns":4},{"damage":3,"enemies":"Cultist and Chosen","floor":21,"turns":5},{"damage":25,"enemies":"Snecko","floor":24,"turns":6},{"damage":21,"enemies":"Snake Plant","floor":27,"turns":4},{"damage":7,"enemies":"3 Cultists","floor":28,"turns":2}],"seed_played":"-7949342036565826330","potions_obtained":[{"floor":1,"key":"FairyPotion"},{"floor":12,"key":"EssenceOfSteel"},{"floor":13,"key":"Ancient Potion"},{"floor":16,"key":"Energy Potion"},{"floor":20,"key":"PowerPotion"}],"is_trial":false,"path_per_floor":["M","$","?","M","?","E","R","M","T","E","R","M","E","?","R","B",null,"M","?","M","M","?","?","M","R","T","M","M"],"character_chosen":"THE_SILENT","items_purchased":["Noxious Fumes"],"campfire_rested":3,"item_purchase_floors":[2],"current_hp_per_floor":[70,70,63,63,46,46,46,46,46,4,25,25,5,7,28,9,70,55,55,35,32,26,26,1,22,22,1,0],"gold":506,"neow_bonus":"THREE_ENEMY_KILL","is_prod":false,"is_daily":false,"chose_seed":false,"campfire_upgraded":1,"win_rate":0,"timestamp":1557015709,"path_taken":["M","$","?","M","?","E","R","M","T","E","R","M","E","?","R","BOSS","M","?","?","M","?","?","M","R","T","M","M"],"build_version":"2019-01-23","purchased_purges":0,"victory":false,"max_hp_per_floor":[70,70,70,70,70,70,70,70,70,70,70,70,70,70,70,70,70,70,70,70,70,70,70,70,70,70,70,70],"card_choices":[{"not_picked":["Prepared","Endless Agony"],"picked":"Terror","floor":1},{"not_picked":["Quick Slash","Sucker Punch"],"picked":"Poisoned Stab","floor":4},{"not_picked":["Heel Hook","Escape Plan"],"picked":"A Thousand Cuts","floor":6},{"not_picked":["Prepared","Outmaneuver","Infinite Blades"],"picked":"SKIP","floor":8},{"not_picked":["Blade Dance","Slice"],"picked":"PiercingWail","floor":10},{"not_picked":["Flying Knee","Sucker Punch"],"picked":"Well Laid Plans","floor":12},{"not_picked":["Reflex","Slice"],"picked":"Die Die Die","floor":13},{"not_picked":["Poisoned Stab","Outmaneuver"],"picked":"Bane","floor":14},{"not_picked":["After Image","Tools of the Trade"],"picked":"Burst","floor":16},{"not_picked":["Cloak And Dagger","Deadly Poison"],"picked":"Prepared+1","floor":18},{"not_picked":["Eviscerate+1","Bane+1"],"picked":"Backflip","floor":20},{"not_picked":["Bullet Time","Flying Knee+1"],"picked":"Dodge and Roll","floor":21},{"not_picked":["Backstab","Riddle With Holes","Cloak And Dagger+1"],"picked":"SKIP","floor":24},{"not_picked":["Predator","Prepared+1","Expertise+1"],"picked":"SKIP","floor":27}],"player_experience":189554,"relics_obtained":[{"floor":6,"key":"Boot"},{"floor":9,"key":"Omamori"},{"floor":10,"key":"Bottled Tornado"},{"floor":13,"key":"WingedGreaves"},{"floor":14,"key":"Whetstone"}],"event_choices":[{"damage_healed":0,"gold_gain":0,"player_choice":"Success","damage_taken":7,"relics_obtained":["Shuriken"],"max_hp_gain":0,"max_hp_loss":0,"event_name":"Scrap Ooze","floor":3,"gold_loss":0},{"damage_healed":0,"gold_gain":0,"player_choice":"Take Damage","damage_taken":17,"relics_obtained":["Golden Idol"],"max_hp_gain":0,"max_hp_loss":0,"event_name":"Golden Idol","floor":5,"gold_loss":0},{"damage_healed":0,"gold_gain":30,"player_choice":"Searched \u00272\u0027 times","damage_taken":0,"max_hp_gain":0,"max_hp_loss":0,"event_name":"Dead Adventurer","floor":14,"gold_loss":0},{"damage_healed":0,"gold_gain":0,"cards_transformed":["Strike_G"],"player_choice":"Transformed","damage_taken":0,"max_hp_gain":0,"max_hp_loss":0,"event_name":"Transmorgrifier","floor":19,"gold_loss":0,"cards_obtained":["Eviscerate"]},{"damage_healed":0,"gold_gain":0,"player_choice":"Joined the Cult","damage_taken":6,"max_hp_gain":0,"max_hp_loss":0,"event_name":"Nest","floor":22,"gold_loss":0,"cards_obtained":["RitualDagger"]},{"damage_healed":0,"gold_gain":0,"player_choice":"Ignored","damage_taken":0,"max_hp_gain":0,"max_hp_loss":0,"event_name":"Cursed Tome","floor":23,"gold_loss":0}],"is_beta":false,"boss_relics":[{"not_picked":["Runic Pyramid","Ring of the Serpent"],"picked":"Philosopher\u0027s Stone"}],"items_purged_floors":[],"is_endless":false,"potions_floor_spawned":[1,12,13,16,20,21,24],"killed_by":"3 Cultists","ascension_level":0}