{"gold_per_floor":[114,126,126,146,161,161,176,176,226,226,244,287,300,318,318,443,443,461,476,575,395,419,419,438,438,464,714,727,741,761,456,456,585,585,605,605,629,434,453,453,491,505,505,505,529,529,529,288,288,288],"floor_reached":50,"playtime":4538,"items_purged":["Regret","Pain"],"score":530,"play_id":"806c5495-4df1-462f-a8fd-4dc7d3f8c2c2","local_time":"20180709062017","is_ascension_mode":false,"campfire_choices":[{"data":"Defragment","floor":6,"key":"SMITH"},{"data":"Zap","floor":8,"key":"SMITH"},{"data":"Chill","floor":10,"key":"SMITH"},{"data":"Compile Driver","floor":15,"key":"SMITH"},{"data":"Rainbow","floor":23,"key":"SMITH"},{"data":"Compile Driver","floor":25,"key":"SMITH"},{"floor":32,"key":"REST"},{"data":"Ball Lightning","floor":40,"key":"SMITH"},{"floor":44,"key":"REST"},{"floor":47,"key":"REST"},{"floor":49,"key":"REST"}],"neow_cost":"","seed_source_timestamp":201513066477134,"circlet_count":0,"master_deck":["Strike_B","Strike_B","Strike_B","Strike_B","Defend_B+1","Defend_B","Defend_B","Defend_B","Zap+1","Chill+1","Self Repair","Defragment+1","Genetic Algorithm+1","Conserve Battery","Compile Driver+1","Skim","Sweeping Beam","Barrage","Rainbow+1","Compile Driver+1","Compile Driver+1","Capacitor","Coolheaded+1","Conserve Battery","Storm","Loop","Machine Learning","Rainbow","Redo","Ball Lightning+1","Melter+1","Creative AI","Blizzard+1","Doubt","Ball Lightning+1","Cold Snap"],"relics":["Cracked Core","Golden Idol","Anchor","Mummified Hand","Inserter","Bag of Preparation","War Paint","Membership Card","Cursed Key","MealTicket","Art of War","Juzu Bracelet","Dream Catcher","Strange Spoon"],"potions_floor_usage":[16,16,33,41,50,50],"damage_taken":[{"damage":2,"enemies":"Jaw Worm","floor":1,"turns":4},{"damage":0,"enemies":"Small Slimes","floor":2,"turns":5},{"damage":0,"enemies":"Cultist","floor":4,"turns":5},{"damage":5,"enemies":"Lots of Slimes","floor":5,"turns":6},{"damage":6,"enemies":"Blue Slaver","floor":7,"turns":5},{"damage":0,"enemies":"3 Louse","floor":11,"turns":5},{"damage":8,"enemies":"3 Sentries","floor":12,"turns":9},{"damage":0,"enemies":"Looter","floor":13,"turns":3},{"damage":0,"enemies":"Exordium Thugs","floor":14,"turns":6},{"damage":66,"enemies":"Hexaghost","floor":16,"turns":13},{"damage":11,"enemies":"Spheric Guardian","floor":18,"turns":5},{"damage":0,"enemies":"Chosen","floor":19,"turns":4},{"damage":22,"enemies":"Snake Plant","floor":22,"turns":5},{"damage":0,"enemies":"Snecko","floor":24,"turns":5},{"damage":13,"enemies":"Centurion and Healer","floor":28,"turns":7},{"damage":21,"enemies":"Snake Plant","floor":29,"turns":5},{"damage":2,"enemies":"Snecko","floor":30,"turns":6},{"damage":40,"enemies":"Champ","floor":33,"turns":10},{"damage":0,"enemies":"3 Darklings","floor":35,"turns":6},{"damage":19,"enemies":"3 Shapes","floor":37,"turns":4},{"damage":19,"enemies":"Maw","floor":39,"turns":7},{"damage":39,"enemies":"Nemesis","floor":41,"turns":7},{"damage":16,"enemies":"3 Darklings","floor":42,"turns":5},{"damage":8,"enemies":"Sphere and 2 Shapes","floor":45,"turns":5},{"damage":81,"enemies":"Donu and Deca","floor":50,"turns":7}],"seed_played":"709276440745043921","potions_obtained":[{"floor":2,"key":"Energy Potion"},{"floor":5,"key":"Energy Potion"},{"floor":7,"key":"Swift Potion"},{"floor":13,"key":"Explosive Potion"},{"floor":14,"key":"Block Potion"},{"floor":18,"key":"SteroidPotion"},{"floor":22,"key":"FocusPotion"},{"floor":37,"key":"Regen Potion"},{"floor":45,"key":"Weak Potion"}],"is_trial":false,"path_per_floor":["M","M","?","M","M","R","M","R","T","R","M","E","M","M","R","B",null,"M","M","?","$","M","R","M","R","T","?","M","M","M","$","R","B",null,"M","?","M","$","M","R","E","M","T","R","M","T","R","$","R"],"character_chosen":"DEFECT","items_purchased":["Bag of Preparation","Capacitor","Loop","Membership Card","Ball Lightning","MealTicket","Strange Spoon"],"campfire_rested":4,"item_purchase_floors":[21,21,31,31,38,38,48],"current_hp_per_floor":[73,73,55,62,64,64,65,65,65,65,72,71,75,75,75,9,75,71,71,71,71,56,56,56,56,56,56,50,29,34,34,56,23,75,75,75,63,63,51,51,17,1,1,23,22,22,44,51,73,0],"gold":288,"neow_bonus":"","is_prod":false,"is_daily":false,"chose_seed":false,"campfire_upgraded":7,"win_rate":0.0,"timestamp":1531084817,"path_taken":["M","M","?","M","M","R","?","R","T","R","M","E","?","M","R","BOSS","M","M","?","$","M","R","M","R","T","?","?","M","M","$","R","BOSS","M","?","M","$","M","R","E","M","T","R","M","?","R","$","R","BOSS"],"build_version":"2018-07-05","purchased_purges":2,"victory":false,"max_hp_per_floor":[75,75,75,75,75,75,75,75,75,75,75,75,75,75,75,75,75,75,75,75,75,75,75,75,75,75,75,75,75,75,75,75,75,75,75,75,75,75,75,75,75,75,75,75,75,75,75,75,75,75],"card_choices":[{"not_picked":["Gash","Redo"],"picked":"Chill","floor":1},{"not_picked":["Static Discharge","Streamline"],"picked":"Self Repair","floor":2},{"not_picked":["Self Repair","Leap"],"picked":"Defragment","floor":4},{"not_picked":["Cold Snap","Steam"],"picked":"Genetic Algorithm","floor":5},{"not_picked":["Gash","Multi-Cast"],"picked":"Conserve Battery","floor":7},{"not_picked":["Gash","Heatsinks"],"picked":"Compile Driver","floor":11},{"not_picked":["Cold Snap","Static Discharge"],"picked":"Skim","floor":12},{"not_picked":["Cold Snap","Steam"],"picked":"Sweeping Beam","floor":13},{"not_picked":["Streamline","Stack"],"picked":"Barrage","floor":14},{"not_picked":["Seek","Fission"],"picked":"Rainbow","floor":16},{"not_picked":["Cold Snap","Hello World"],"picked":"Compile Driver","floor":18},{"not_picked":["Beam Cell","Conserve Battery"],"picked":"Compile Driver+1","floor":19},{"not_picked":["Barrage","Beam Cell"],"picked":"Coolheaded+1","floor":22},{"not_picked":["Doom and Gloom","Streamline"],"picked":"Conserve Battery","floor":24},{"not_picked":["Heatsinks","Coolheaded"],"picked":"Storm","floor":28},{"not_picked":["Blizzard","Multi-Cast","Beam Cell"],"picked":"SKIP","floor":29},{"not_picked":["Storm","Coolheaded","Genetic Algorithm"],"picked":"SKIP","floor":30},{"not_picked":["All For One","Fission"],"picked":"Machine Learning","floor":33},{"not_picked":["Sweeping Beam","Heatsinks+1","Genetic Algorithm"],"picked":"SKIP","floor":35},{"not_picked":["Heatsinks+1","Beam Cell"],"picked":"Redo","floor":37},{"not_picked":["Genetic Algorithm+1","Steam","White Noise"],"picked":"SKIP","floor":39},{"not_picked":["Force Field","Conserve Battery"],"picked":"Melter+1","floor":41},{"not_picked":["Redo+1","Coolheaded+1"],"picked":"Creative AI","floor":42},{"not_picked":["Beam Cell","Barrage"],"picked":"Blizzard+1","floor":45},{"not_picked":["Lockon","Stack+1"],"picked":"Ball Lightning+1","floor":47},{"not_picked":["Coolheaded","Conserve Battery"],"picked":"Cold Snap","floor":49}],"player_experience":101141,"relics_obtained":[{"floor":9,"key":"Anchor"},{"floor":12,"key":"Mummified Hand"},{"floor":26,"key":"War Paint"},{"floor":41,"key":"Art of War"},{"floor":43,"key":"Juzu Bracelet"},{"floor":46,"key":"Dream Catcher"}],"event_choices":[{"event_name":"Golden Idol","player_choice":"Take Damage","floor":3,"damage_taken":0},{"event_name":"Nest","player_choice":"Stole From Cult","floor":20,"damage_taken":0},{"event_name":"Golden Shrine","player_choice":"Desecrate","floor":27,"damage_taken":0},{"event_name":"Transmorgrifier","player_choice":"Transform","floor":36,"damage_taken":0}],"boss_relics":[{"not_picked":["Tiny House","Ectoplasm"],"picked":"Inserter"},{"not_picked":["Eternal Feather","Black Star"],"picked":"Cursed Key"}],"items_purged_floors":[31,48],"is_endless":false,"potions_floor_spawned":[2,5,7,13,14,18,22,30,37,39,45],"killed_by":"Donu and Deca","ascension_level":0}