{"gold_per_floor":[111,60,71,71,89,89,105,129,198,198,198,198,225,241,241,241],"floor_reached":16,"playtime":753,"items_purged":[],"score":145,"play_id":"0596565a-5817-4692-8266-5fb0cea35a77","local_time":"20181002094552","is_ascension_mode":true,"campfire_choices":[{"data":"Neutralize","floor":6,"key":"SMITH"},{"data":"Cloak And Dagger","floor":10,"key":"SMITH"},{"data":"Neutralize","floor":12,"key":"SMITH"},{"floor":15,"key":"REST"}],"neow_cost":"TEN_PERCENT_HP_LOSS","seed_source_timestamp":1395047075231165,"circlet_count":0,"master_deck":["Defend_G","Defend_G","Defend_G","Defend_G","Strike_G","Strike_G","Strike_G","Strike_G","Survivor","Neutralize+1","Dagger Spray","Backflip","Cloak And Dagger+1","Blade Dance","Neutralize+1","Cloak And Dagger","Storm of Steel"],"relics":["Ring of the Snake","Odd Mushroom","Gremlin Horn","Oddly Smooth Stone"],"potions_floor_usage":[5,8,13],"damage_taken":[{"damage":0,"enemies":"2 Louse","floor":1,"turns":3},{"damage":2,"enemies":"Jaw Worm","floor":3,"turns":5},{"damage":4,"enemies":"Small Slimes","floor":5,"turns":3},{"damage":0,"enemies":"2 Fungi Beasts","floor":7,"turns":3},{"damage":5,"enemies":"The Mushroom Lair","floor":8,"turns":4},{"damage":21,"enemies":"Gremlin Nob","floor":13,"turns":6},{"damage":0,"enemies":"Red Slaver","floor":14,"turns":4},{"damage":43,"enemies":"Slime Boss","floor":16,"turns":11}],"seed_played":"-5292388980282153142","potions_obtained":[{"floor":1,"key":"Weak Potion"},{"floor":3,"key":"Poison Potion"},{"floor":7,"key":"SpeedPotion"}],"is_trial":false,"path_per_floor":["M","$","M","?","M","R","M","?","T","R","?","R","E","M","R"],"character_chosen":"THE_SILENT","items_purchased":["Dagger Spray"],"campfire_rested":1,"item_purchase_floors":[2],"current_hp_per_floor":[63,63,61,61,57,57,57,52,52,52,52,52,31,31,49,6],"gold":241,"neow_bonus":"REMOVE_TWO","is_prod":false,"is_daily":false,"chose_seed":false,"campfire_upgraded":3,"win_rate":0,"timestamp":1538441152,"path_taken":["M","$","M","?","M","R","M","?","T","R","?","R","E","M","R","BOSS"],"build_version":"2018-09-27","purchased_purges":0,"victory":false,"max_hp_per_floor":[63,63,63,63,63,63,63,63,63,63,63,63,63,63,63,63],"card_choices":[{"not_picked":["Calculated Gamble","Dodge and Roll","Deadly Poison"],"picked":"SKIP","floor":1},{"not_picked":["Dagger Spray","Sucker Punch"],"picked":"Backflip","floor":3},{"not_picked":["Dodge and Roll","Tactician"],"picked":"Cloak And Dagger","floor":5},{"not_picked":["Calculated Gamble","Concentrate"],"picked":"Blade Dance","floor":7},{"not_picked":["Outmaneuver","Poisoned Stab"],"picked":"Storm of Steel","floor":13},{"not_picked":["Bouncing Flask","Reflex","Riddle With Holes"],"picked":"SKIP","floor":14}],"player_experience":349234,"relics_obtained":[{"floor":8,"key":"Odd Mushroom"},{"floor":9,"key":"Gremlin Horn"},{"floor":13,"key":"Oddly Smooth Stone"}],"event_choices":[{"event_name":"Liars Game","player_choice":"disagreed","floor":4,"damage_taken":0},{"event_name":"Mushrooms","player_choice":"Fought Mushrooms","floor":8,"damage_taken":0},{"event_name":"Match and Keep!","player_choice":"2 cards matched","floor":11,"damage_taken":0}],"is_beta":false,"boss_relics":[],"items_purged_floors":[],"is_endless":false,"potions_floor_spawned":[1,3,7],"killed_by":"Slime Boss","ascension_level":9}