{"gold_per_floor":[114,133,213,19,33,33,108,108,108,108,33,43,59,59,59,59],"floor_reached":16,"playtime":344,"items_purged":["Defend_R"],"score":113,"play_id":"026c2fda-56c7-4113-a362-7994b6d47b2e","local_time":"20181102004335","is_ascension_mode":true,"campfire_choices":[{"data":"Armaments","floor":6,"key":"SMITH"},{"data":"Bash","floor":8,"key":"SMITH"},{"data":"Spot Weakness","floor":10,"key":"SMITH"},{"data":"Pommel Strike","floor":15,"key":"SMITH"}],"neow_cost":"NONE","seed_source_timestamp":529121391538499,"circlet_count":0,"master_deck":["Strike_R","Strike_R","Strike_R","Strike_R","Strike_R","Defend_R","Defend_R","Defend_R","Bash+1","Armaments+1","Spot Weakness+1","Ghostly Armor","Pommel Strike+1"],"relics":["Burning Blood","NeowsBlessing","Tiny Chest","Medical Kit","Paper Frog"],"potions_floor_usage":[16],"damage_taken":[{"damage":0,"enemies":"Cultist","floor":1,"turns":1},{"damage":0,"enemies":"Jaw Worm","floor":2,"turns":1},{"damage":0,"enemies":"2 Louse","floor":5,"turns":1},{"damage":7,"enemies":"Looter","floor":12,"turns":4},{"damage":2,"enemies":"Exordium Thugs","floor":13,"turns":5},{"damage":37,"enemies":"Hexaghost","floor":16,"turns":5}],"seed_played":"2398947386939134288","potions_obtained":[{"floor":5,"key":"Explosive Potion"},{"floor":13,"key":"GamblersBrew"}],"is_trial":false,"path_per_floor":["M","M","T","$","M","R","?","R","T","R","$","M","M","$","R"],"character_chosen":"IRONCLAD","items_purchased":["Medical Kit"],"campfire_rested":0,"item_purchase_floors":[4],"current_hp_per_floor":[80,80,80,80,80,80,69,69,69,69,69,68,72,72,72,35],"gold":59,"neow_bonus":"THREE_ENEMY_KILL","is_prod":false,"is_daily":false,"chose_seed":false,"campfire_upgraded":4,"win_rate":0,"timestamp":1541087015,"path_taken":["M","M","?","$","?","R","?","R","T","R","?","?","?","?","R","BOSS"],"build_version":"2018-10-25v2","purchased_purges":1,"victory":false,"max_hp_per_floor":[80,80,80,80,80,80,80,80,80,80,80,80,80,80,80,80],"card_choices":[{"not_picked":["Perfected Strike","Twin Strike","Sword Boomerang"],"picked":"SKIP","floor":1},{"not_picked":["Pummel","Clash"],"picked":"Armaments","floor":2},{"not_picked":["Intimidate","Rampage"],"picked":"Spot Weakness","floor":5},{"not_picked":["Sentinel","Dropkick"],"picked":"Ghostly Armor","floor":12},{"not_picked":["Headbutt","Perfected Strike"],"picked":"Pommel Strike","floor":13}],"player_experience":430119,"relics_obtained":[{"floor":3,"key":"Tiny Chest"},{"floor":9,"key":"Paper Frog"}],"event_choices":[{"damage_healed":0,"gold_gain":75,"player_choice":"Gather Gold","damage_taken":11,"max_hp_gain":0,"max_hp_loss":0,"event_name":"World of Goop","floor":7,"gold_loss":0}],"is_beta":false,"boss_relics":[],"items_purged_floors":[11],"is_endless":false,"potions_floor_spawned":[5,13],"killed_by":"Hexaghost","ascension_level":5}