{"gold_per_floor":[112,187,199,199,209,240,240,240,311,324,50,50,50,61,61,162,162,179,191,23,23,23,57,57,57,80,93,93,93,109,209,209,308,308,318,45,45,63,37,82,82,82,82,82,82,97,97,108,108,108],"floor_reached":50,"playtime":1618,"items_purged":["Defend_B","Strike_B","Dualcast"],"score":456,"play_id":"0ea74d26-b893-445a-a288-2362f91f60b6","local_time":"20181209113514","is_ascension_mode":false,"campfire_choices":[{"data":"Beam Cell","floor":7,"key":"SMITH"},{"data":"Go for the Eyes","floor":12,"key":"SMITH"},{"data":"Streamline","floor":15,"key":"SMITH"},{"data":"Scrape","floor":24,"key":"SMITH"},{"data":"Gash","floor":29,"key":"SMITH"},{"data":"Hologram","floor":32,"key":"SMITH"},{"floor":41,"key":"RECALL"},{"data":"Reboot","floor":44,"key":"SMITH"},{"data":"Coolheaded","floor":45,"key":"SMITH"},{"data":"FTL","floor":47,"key":"SMITH"},{"floor":49,"key":"REST"}],"neow_cost":"NONE","seed_source_timestamp":2102098161748268,"circlet_count":0,"master_deck":["Defend_B","Defend_B","Defend_B","Beam Cell+1","Beam Cell+1","Hologram+1","Go for the Eyes+1","Coolheaded+1","Streamline+1","Reboot+1","Core Surge","Go for the Eyes+1","FTL+1","Scrape+1","Gash+1","Sweeping Beam+1","Buffer+1","All For One+1","Gash+1","Leap","BootSequence","Blind","Coolheaded+1"],"relics":["Nuclear Battery","Oddly Smooth Stone","Pantograph","Sozu","Mummified Hand","Orichalcum","Whetstone","Astrolabe","Bag of Preparation","WingedGreaves"],"potions_floor_usage":[19,19],"damage_taken":[{"damage":11,"enemies":"Jaw Worm","floor":1,"turns":4},{"damage":0,"enemies":"Small Slimes","floor":3,"turns":3},{"damage":5,"enemies":"2 Louse","floor":5,"turns":3},{"damage":35,"enemies":"Gremlin Nob","floor":6,"turns":5},{"damage":3,"enemies":"Red Slaver","floor":10,"turns":4},{"damage":3,"enemies":"Blue Slaver","floor":14,"turns":2},{"damage":25,"enemies":"The Guardian","floor":16,"turns":8},{"damage":4,"enemies":"Chosen","floor":18,"turns":2},{"damage":1,"enemies":"3 Byrds","floor":19,"turns":5},{"damage":15,"enemies":"Book of Stabbing","floor":23,"turns":5},{"damage":6,"enemies":"Snecko","floor":27,"turns":4},{"damage":8,"enemies":"Colosseum Slavers","floor":28,"turns":4},{"damage":0,"enemies":"Chosen and Byrds","floor":30,"turns":4},{"damage":61,"enemies":"Collector","floor":33,"turns":8},{"damage":16,"enemies":"3 Shapes","floor":35,"turns":3},{"damage":5,"enemies":"Orb Walker","floor":38,"turns":2},{"damage":5,"enemies":"2 Orb Walkers","floor":40,"turns":2},{"damage":0,"enemies":"Maw","floor":46,"turns":5},{"damage":0,"enemies":"Spire Growth","floor":48,"turns":3},{"damage":75,"enemies":"Time Eater","floor":50,"turns":8}],"seed_played":"6470840805603235769","potions_obtained":[{"floor":5,"key":"SmokeBomb"},{"floor":10,"key":"Block Potion"},{"floor":16,"key":"Swift Potion"}],"is_trial":false,"path_per_floor":["M","?","M","?","M","E","R","?","T","M","$","R","$","M","R","B",null,"M","M","$","?","?","E","R","$","T","M","?","R","M","?","R","B",null,"M","$","?","M","$","?","R","?","T","R","R","M","R","M","R","B"],"character_chosen":"DEFECT","items_purchased":["Streamline","Reboot","FTL","Bag of Preparation","Leap"],"campfire_rested":1,"item_purchase_floors":[11,11,20,36,39],"current_hp_per_floor":[64,53,53,75,70,35,35,35,35,32,32,32,32,29,29,29,75,71,70,70,70,70,55,55,55,55,49,41,41,41,41,41,5,75,59,59,59,54,54,49,49,49,49,49,49,49,49,49,70,0],"gold":108,"neow_bonus":"BOSS_RELIC","is_prod":false,"is_daily":false,"chose_seed":false,"campfire_upgraded":9,"win_rate":0,"timestamp":1544322914,"path_taken":["M","?","M","?","M","E","R","?","T","M","$","R","$","M","R","BOSS","M","M","$","?","?","E","R","$","T","M","?","R","?","?","R","BOSS","M","?","?","M","$","?","R","?","T","R","R","?","R","M","R","BOSS"],"build_version":"2018-12-06","purchased_purges":3,"victory":false,"max_hp_per_floor":[75,75,75,75,75,75,75,75,75,75,75,75,75,75,75,75,75,75,75,75,75,75,75,75,75,75,75,75,75,75,75,75,75,75,75,75,71,71,71,71,71,71,71,71,71,71,71,71,71,71],"card_choices":[{"not_picked":["Self Repair","Turbo"],"picked":"Beam Cell","floor":1},{"not_picked":["Darkness","Defragment"],"picked":"Beam Cell","floor":3},{"not_picked":["Steam","Redo"],"picked":"Hologram","floor":5},{"not_picked":["Hello World","Beam Cell"],"picked":"Go for the Eyes","floor":6},{"not_picked":["Undo","Lockon"],"picked":"Coolheaded","floor":10},{"not_picked":["Rebound","Chaos","Stack"],"picked":"SKIP","floor":14},{"not_picked":["Biased Cognition","Buffer"],"picked":"Core Surge","floor":16},{"not_picked":["Coolheaded+1","Storm"],"picked":"Go for the Eyes+1","floor":18},{"not_picked":["Genetic Algorithm","Cold Snap","Go for the Eyes"],"picked":"SKIP","floor":19},{"not_picked":["Glacier","Compile Driver"],"picked":"Gash","floor":23},{"not_picked":["Tempest","Stack","Recycle+1"],"picked":"SKIP","floor":27},{"not_picked":["Force Field","Cold Snap+1"],"picked":"Sweeping Beam+1","floor":30},{"not_picked":["Streamline","Skim+1","Compile Driver"],"picked":"SKIP","floor":35},{"not_picked":["Streamline+1","Stack+1","Sweeping Beam+1"],"picked":"SKIP","floor":38},{"not_picked":["Ball Lightning+1","Compile Driver"],"picked":"BootSequence","floor":40},{"not_picked":["Deep Breath","Bandage Up"],"picked":"Blind","floor":42},{"not_picked":["Conserve Battery+1","Turbo+1"],"picked":"Coolheaded+1","floor":46},{"not_picked":["Sunder+1","Consume","Chill+1"],"picked":"SKIP","floor":48}],"player_experience":540137,"relics_obtained":[{"floor":6,"key":"Oddly Smooth Stone"},{"floor":9,"key":"Pantograph"},{"floor":23,"key":"Orichalcum"},{"floor":26,"key":"Whetstone"},{"floor":40,"key":"WingedGreaves"}],"event_choices":[{"damage_healed":0,"gold_gain":75,"player_choice":"Gather Gold","damage_taken":11,"max_hp_gain":0,"max_hp_loss":0,"event_name":"World of Goop","floor":2,"gold_loss":0},{"damage_healed":25,"gold_gain":0,"player_choice":"Banana","damage_taken":0,"max_hp_gain":0,"max_hp_loss":0,"event_name":"Big Fish","floor":4,"gold_loss":0},{"cards_removed":["Strike_B"],"damage_healed":0,"gold_gain":0,"player_choice":"Card Removal","damage_taken":0,"max_hp_gain":0,"max_hp_loss":0,"event_name":"Wheel of Change","floor":8,"gold_loss":0},{"damage_healed":0,"gold_gain":0,"player_choice":"Opened","damage_taken":0,"relics_obtained":["Mummified Hand"],"max_hp_gain":0,"max_hp_loss":0,"event_name":"The Mausoleum","floor":21,"gold_loss":0},{"damage_healed":0,"gold_gain":0,"player_choice":"Read","damage_taken":0,"max_hp_gain":0,"max_hp_loss":0,"event_name":"The Library","floor":22,"gold_loss":0,"cards_obtained":["Scrape"]},{"damage_healed":0,"gold_gain":0,"player_choice":"Fight","damage_taken":0,"max_hp_gain":0,"max_hp_loss":0,"event_name":"Colosseum","floor":28,"gold_loss":0},{"damage_healed":0,"gold_gain":0,"player_choice":"Fled From Nobs","damage_taken":0,"max_hp_gain":0,"max_hp_loss":0,"event_name":"Colosseum","floor":28,"gold_loss":0},{"damage_healed":0,"gold_gain":100,"player_choice":"Pray","damage_taken":0,"max_hp_gain":0,"max_hp_loss":0,"event_name":"Golden Shrine","floor":31,"gold_loss":0},{"damage_healed":0,"gold_gain":0,"player_choice":"Max HP","damage_taken":0,"max_hp_gain":0,"max_hp_loss":4,"event_name":"Winding Halls","floor":37,"gold_loss":0},{"damage_healed":0,"gold_gain":0,"player_choice":"Fight","damage_taken":0,"max_hp_gain":0,"max_hp_loss":0,"event_name":"Mysterious Sphere","floor":40,"gold_loss":0},{"damage_healed":0,"gold_gain":0,"player_choice":"Memory 1","damage_taken":0,"max_hp_gain":0,"max_hp_loss":0,"event_name":"SensoryStone","floor":42,"gold_loss":0}],"is_beta":false,"boss_relics":[{"not_picked":["Empty Cage","Snecko Eye"],"picked":"Sozu"},{"not_picked":["Velvet Choker","Eternal Feather"],"picked":"Astrolabe"}],"items_purged_floors":[11,20,36],"is_endless":false,"potions_floor_spawned":[5,10,16,18,23,33,35,38],"killed_by":"Time Eater","ascension_level":0}