{"gold_per_floor":[111,111,111,129,129,163,163,177,222,241,253,428,444,321,321,417,417,432,632,650,72,72,135,135,234,302,302,321,321,38,50,50,148,148,168,13,94,112,112,144,69,69,69,87,87,107,33,47,47,47],"floor_reached":50,"playtime":1811,"items_purged":["Writhe"],"score":590,"play_id":"de12548a-a6a8-4cda-9fac-5f1137c9c1a3","local_time":"20190518122318","is_ascension_mode":false,"campfire_choices":[{"floor":7,"key":"REST"},{"data":"Skewer","floor":15,"key":"SMITH"},{"floor":24,"key":"REST"},{"floor":29,"key":"REST"},{"data":"Well Laid Plans","floor":32,"key":"SMITH"},{"floor":45,"key":"RECALL"},{"floor":49,"key":"REST"}],"neow_cost":"TEN_PERCENT_HP_LOSS","seed_source_timestamp":2825753127817967,"circlet_count":0,"master_deck":["Defend_G+1","Defend_G+1","Defend_G+1","Defend_G+1","Defend_G+1","Strike_G+1","Strike_G+1","Strike_G+1","Strike_G+1","Strike_G+1","Survivor","Neutralize+1","Dagger Spray","Dodge and Roll","Blade Dance","Dodge and Roll","Skewer+1","After Image","Footwork","A Thousand Cuts","Dodge and Roll+1","Noxious Fumes","Flying Knee+1","Footwork+1","Accuracy","Well Laid Plans+1","Cloak And Dagger","Night Terror","Doubt","Backflip+1","Madness","Madness","Blur","Dodge and Roll+1"],"relics":["Ring of the Snake","StoneCalendar","Bronze Scales","Ninja Scroll","Omamori","Philosopher\u0027s Stone","Snake Skull","Ginger","Tiny Chest","Gremlin Horn","Matryoshka","Whetstone","Calling Bell","Centennial Puzzle","Dodecahedron","Pocketwatch","PreservedInsect","Mummified Hand","Frozen Egg 2","Bottled Tornado","FaceOfCleric","Orichalcum"],"potions_floor_usage":[6,6,10,16,16,16,23,33,48,50,50],"damage_taken":[{"damage":5,"enemies":"2 Louse","floor":1,"turns":4},{"damage":0,"enemies":"Jaw Worm","floor":4,"turns":4},{"damage":2,"enemies":"3 Sentries","floor":6,"turns":7},{"damage":0,"enemies":"Cultist","floor":8,"turns":3},{"damage":0,"enemies":"Exordium Wildlife","floor":10,"turns":6},{"damage":7,"enemies":"Large Slime","floor":11,"turns":6},{"damage":6,"enemies":"Gremlin Gang","floor":13,"turns":3},{"damage":17,"enemies":"Slime Boss","floor":16,"turns":7},{"damage":0,"enemies":"3 Byrds","floor":18,"turns":6},{"damage":1,"enemies":"Chosen","floor":20,"turns":7},{"damage":37,"enemies":"Slavers","floor":23,"turns":6},{"damage":10,"enemies":"Snake Plant","floor":28,"turns":5},{"damage":2,"enemies":"Centurion and Healer","floor":31,"turns":7},{"damage":7,"enemies":"Automaton","floor":33,"turns":10},{"damage":0,"enemies":"3 Shapes","floor":35,"turns":6},{"damage":6,"enemies":"3 Darklings","floor":38,"turns":4},{"damage":0,"enemies":"Reptomancer","floor":40,"turns":6},{"damage":17,"enemies":"Sphere and 2 Shapes","floor":44,"turns":6},{"damage":7,"enemies":"Writhing Mass","floor":46,"turns":7},{"damage":24,"enemies":"Jaw Worm Horde","floor":48,"turns":3},{"damage":23,"enemies":"Donu and Deca","floor":50,"turns":5}],"seed_played":"-7861322711013237358","potions_obtained":[{"floor":1,"key":"SkillPotion"},{"floor":5,"key":"Block Potion"},{"floor":5,"key":"GhostInAJar"},{"floor":6,"key":"Regen Potion"},{"floor":13,"key":"Fire Potion"},{"floor":20,"key":"Explosive Potion"},{"floor":23,"key":"Fire Potion"},{"floor":31,"key":"SpeedPotion"},{"floor":38,"key":"Fire Potion"},{"floor":46,"key":"Ancient Potion"}],"is_trial":false,"path_per_floor":["M","?","?","M","?","E","R","M","T","M","M","?","M","$","R","B",null,"M","?","M","$","?","E","R","?","T","T","M","R","$","M","R","B",null,"M","$","T","M","?","E","$","?","T","M","R","M","$","M","R","B"],"character_chosen":"THE_SILENT","items_purchased":["Footwork","AttackPotion","Snake Skull","Noxious Fumes","Ginger","Flying Knee","Well Laid Plans","Whetstone","Cloak And Dagger","AttackPotion","PreservedInsect","Blur"],"campfire_rested":4,"item_purchase_floors":[14,14,21,21,21,21,30,30,30,30,36,47],"current_hp_per_floor":[58,25,12,12,12,10,28,28,28,43,36,36,30,30,30,13,63,63,63,62,62,62,25,43,43,43,43,33,51,51,49,49,42,63,63,63,63,57,49,49,49,49,49,33,33,27,27,4,23,0],"gold":47,"neow_bonus":"ONE_RARE_RELIC","is_prod":false,"is_daily":false,"chose_seed":false,"campfire_upgraded":2,"win_rate":0,"timestamp":1558138998,"path_taken":["M","?","?","M","?","E","R","M","T","?","M","?","M","$","R","BOSS","M","?","?","$","?","E","R","?","T","?","M","R","?","M","R","BOSS","M","$","?","?","?","E","$","?","T","?","R","M","?","M","R","BOSS"],"build_version":"2019-01-23","purchased_purges":1,"victory":false,"max_hp_per_floor":[63,63,63,63,63,63,63,63,63,63,63,63,63,63,63,63,63,63,63,63,63,63,63,63,63,63,63,63,63,63,63,63,63,63,63,63,63,63,63,63,63,63,63,64,64,65,65,66,66,66],"card_choices":[{"not_picked":["Setup","Dodge and Roll"],"picked":"Dagger Spray","floor":1},{"not_picked":["Slice","Prepared"],"picked":"Dodge and Roll","floor":4},{"not_picked":["Poisoned Stab","Distraction"],"picked":"Blade Dance","floor":6},{"not_picked":["Flechettes","Poisoned Stab"],"picked":"Dodge and Roll","floor":8},{"not_picked":["Setup","Endless Agony","Blade Dance"],"picked":"SKIP","floor":10},{"not_picked":["Flying Knee","Blade Dance"],"picked":"Skewer","floor":11},{"not_picked":["Dagger Throw","Endless Agony"],"picked":"After Image","floor":13},{"not_picked":["Corpse Explosion","Doppelganger"],"picked":"A Thousand Cuts","floor":16},{"not_picked":["Bane","Dagger Spray"],"picked":"Dodge and Roll+1","floor":18},{"not_picked":["Backstab","Reflex","Underhanded Strike"],"picked":"SKIP","floor":20},{"not_picked":["Glass Knife","After Image"],"picked":"Footwork+1","floor":23},{"not_picked":["Dagger Spray+1","Catalyst"],"picked":"Accuracy","floor":28},{"not_picked":["Acrobatics","Slice+1","Concentrate"],"picked":"SKIP","floor":31},{"not_picked":["Glass Knife","Tools of the Trade"],"picked":"Night Terror","floor":33},{"not_picked":["Flying Knee+1","Tactician+1"],"picked":"Backflip+1","floor":35},{"not_picked":["Quick Slash+1","Skewer+1","Bane+1"],"picked":"SKIP","floor":38},{"not_picked":["Reflex+1","Sucker Punch+1","Tactician"],"picked":"SKIP","floor":40},{"not_picked":["Tactician+1","Eviscerate+1","Crippling Poison+1"],"picked":"SKIP","floor":44},{"not_picked":["Deflect+1","Prepared","Backstab+1"],"picked":"SKIP","floor":46},{"not_picked":["Bane","Poisoned Stab"],"picked":"Dodge and Roll+1","floor":48}],"player_experience":297448,"relics_obtained":[{"floor":6,"key":"Ninja Scroll"},{"floor":9,"key":"Omamori"},{"floor":23,"key":"Tiny Chest"},{"floor":26,"key":"Gremlin Horn"},{"floor":27,"key":"Matryoshka"},{"floor":34,"key":"Centennial Puzzle"},{"floor":34,"key":"Dodecahedron"},{"floor":34,"key":"Pocketwatch"},{"floor":37,"key":"Mummified Hand"},{"floor":37,"key":"Frozen Egg 2"},{"floor":40,"key":"Bottled Tornado"},{"floor":43,"key":"Orichalcum"}],"event_choices":[{"damage_healed":0,"gold_gain":0,"player_choice":"Success","damage_taken":33,"relics_obtained":["Bronze Scales"],"max_hp_gain":0,"max_hp_loss":0,"event_name":"Scrap Ooze","floor":2,"gold_loss":0},{"damage_healed":0,"gold_gain":0,"player_choice":"Entered Light","damage_taken":13,"max_hp_gain":0,"max_hp_loss":0,"event_name":"Shining Light","floor":3,"gold_loss":0,"cards_upgraded":["Defend_G","Defend_G"]},{"damage_healed":0,"gold_gain":0,"player_choice":"Got Potions","damage_taken":0,"max_hp_gain":0,"max_hp_loss":0,"event_name":"Lab","floor":5,"gold_loss":0},{"damage_healed":0,"gold_gain":175,"player_choice":"AGREE","damage_taken":0,"max_hp_gain":0,"max_hp_loss":0,"event_name":"Liars Game","floor":12,"gold_loss":0,"cards_obtained":["Doubt"]},{"damage_healed":0,"gold_gain":250,"player_choice":"Bet on Owner","damage_taken":0,"max_hp_gain":0,"max_hp_loss":0,"event_name":"The Joust","floor":19,"gold_loss":50},{"damage_healed":0,"gold_gain":0,"player_choice":"Simplicity","damage_taken":0,"max_hp_gain":0,"max_hp_loss":0,"event_name":"Back to Basics","floor":22,"gold_loss":0,"cards_upgraded":["Defend_G","Defend_G","Defend_G","Strike_G","Strike_G","Strike_G","Strike_G","Strike_G"]},{"damage_healed":0,"gold_gain":99,"player_choice":"Stole From Cult","damage_taken":0,"max_hp_gain":0,"max_hp_loss":0,"event_name":"Nest","floor":25,"gold_loss":0},{"damage_healed":0,"gold_gain":0,"player_choice":"Embrace Madness","damage_taken":8,"max_hp_gain":0,"max_hp_loss":0,"event_name":"Winding Halls","floor":39,"gold_loss":0,"cards_obtained":["Madness","Madness"]},{"damage_healed":0,"gold_gain":0,"player_choice":"Trade","damage_taken":0,"relics_obtained":["FaceOfCleric"],"max_hp_gain":0,"max_hp_loss":0,"event_name":"FaceTrader","floor":42,"gold_loss":0}],"is_beta":false,"boss_relics":[{"not_picked":["Astrolabe","Busted Crown"],"picked":"Philosopher\u0027s Stone"},{"not_picked":["Orrery","Runic Pyramid"],"picked":"Calling Bell"}],"items_purged_floors":[41],"is_endless":false,"potions_floor_spawned":[1,6,13,20,23,31,38,46],"killed_by":"Donu and Deca","ascension_level":0}