{"gold_per_floor":[165,182,57,69,69,69,82,107,107,4,4,22,97,133,133,133],"floor_reached":16,"playtime":361,"items_purged":["Strike_B"],"score":102,"play_id":"dc64db65-02f5-4dcb-8e02-e2781e278a3e","local_time":"20181209110804","is_ascension_mode":false,"campfire_choices":[{"data":"Melter","floor":6,"key":"SMITH"},{"data":"Streamline","floor":11,"key":"SMITH"},{"data":"Gash","floor":15,"key":"SMITH"}],"neow_cost":"NONE","seed_source_timestamp":2101729061753629,"circlet_count":0,"master_deck":["Strike_B","Strike_B+1","Strike_B","Defend_B","Defend_B","Defend_B","Defend_B","Zap","Dualcast","Sweeping Beam","Hologram","Melter+1","Conserve Battery","Streamline+1","Gash+1","FTL","BootSequence"],"relics":["Tiny House","Golden Idol","DataDisk"],"potions_floor_usage":[],"damage_taken":[{"damage":2,"enemies":"Jaw Worm","floor":1,"turns":4},{"damage":5,"enemies":"Small Slimes","floor":2,"turns":3},{"damage":0,"enemies":"2 Louse","floor":4,"turns":2},{"damage":0,"enemies":"Looter","floor":7,"turns":4},{"damage":7,"enemies":"Blue Slaver","floor":8,"turns":3},{"damage":0,"enemies":"3 Louse","floor":12,"turns":3},{"damage":18,"enemies":"Lagavulin","floor":14,"turns":6},{"damage":0,"enemies":"Hexaghost","floor":16,"turns":2}],"seed_played":"-8904266365091404924","potions_obtained":[{"floor":0,"key":"LiquidBronze"},{"floor":2,"key":"Strength Potion"},{"floor":8,"key":"EntropicBrew"}],"is_trial":false,"path_per_floor":["M","M","$","M","?","R","M","M","T","$","R","M","?","E","R","B"],"character_chosen":"DEFECT","items_purchased":["Conserve Battery","FTL","BootSequence"],"campfire_rested":0,"item_purchase_floors":[3,10,10],"current_hp_per_floor":[78,73,73,73,73,73,73,66,66,66,66,66,55,37,37,37],"gold":133,"neow_bonus":"BOSS_RELIC","is_prod":false,"is_daily":false,"chose_seed":false,"campfire_upgraded":3,"win_rate":0,"timestamp":1544321284,"path_taken":["M","M","$","M","?","R","M","M","T","$","R","M","?","E","R","BOSS"],"build_version":"2018-12-06","purchased_purges":1,"victory":false,"max_hp_per_floor":[80,80,80,80,74,74,74,74,74,74,74,74,74,74,74,74],"card_choices":[{"not_picked":["Ball Lightning","Chill"],"picked":"Sweeping Beam","floor":0},{"not_picked":["Tempest","Defragment"],"picked":"Hologram","floor":1},{"not_picked":["Conserve Battery","Multi-Cast"],"picked":"Melter","floor":2},{"not_picked":["Stack","Ball Lightning","Static Discharge"],"picked":"SKIP","floor":4},{"not_picked":["Coolheaded","Amplify"],"picked":"Streamline","floor":7},{"not_picked":["Go for the Eyes","Steam"],"picked":"Gash","floor":8},{"not_picked":["Lockon","Coolheaded","Cold Snap"],"picked":"SKIP","floor":12},{"not_picked":["Rebound","White Noise","Creative AI"],"picked":"SKIP","floor":14}],"player_experience":539776,"relics_obtained":[{"floor":14,"key":"DataDisk"}],"event_choices":[{"damage_healed":0,"gold_gain":0,"player_choice":"Lose Max HP","damage_taken":0,"relics_obtained":["Golden Idol"],"max_hp_gain":0,"max_hp_loss":6,"event_name":"Golden Idol","floor":5,"gold_loss":0},{"damage_healed":0,"gold_gain":75,"player_choice":"Gather Gold","damage_taken":11,"max_hp_gain":0,"max_hp_loss":0,"event_name":"World of Goop","floor":13,"gold_loss":0}],"is_beta":false,"boss_relics":[],"items_purged_floors":[3],"is_endless":false,"potions_floor_spawned":[2,8,12],"killed_by":"Hexaghost","ascension_level":0}