{"gold_per_floor":[109,109,119,119,133,133,58,82,158,158,197,3,3,16,16,147,147,168,192,21,35,35],"floor_reached":22,"playtime":1159,"items_purged":["Strike_B","Pain"],"score":195,"play_id":"290782f8-6973-452c-944c-57337a461cb8","local_time":"20180902191219","is_ascension_mode":true,"campfire_choices":[{"data":"Zap","floor":6,"key":"SMITH"},{"data":"Dualcast","floor":10,"key":"SMITH"},{"data":"Apotheosis","floor":13,"key":"SMITH"},{"data":"Buffer","floor":15,"key":"SMITH"}],"neow_cost":"","seed_source_timestamp":1208907211359554,"circlet_count":0,"master_deck":["Strike_B","Strike_B","Strike_B","Defend_B","Defend_B","Defend_B","Defend_B","Zap+1","Dualcast+1","Ball Lightning","Injury","Conserve Battery","Aggregate","Buffer+1","Apotheosis+1","Conserve Battery","Buffer","Injury","Regret","Static Discharge","Redo"],"relics":["Cracked Core","Golden Idol","Pantograph","Potion Belt","Calling Bell","Dream Catcher","Mercury Hourglass","Peace Pipe"],"potions_floor_usage":[3,11,11,11,16],"damage_taken":[{"damage":5,"enemies":"Small Slimes","floor":1,"turns":2},{"damage":0,"enemies":"Cultist","floor":3,"turns":4},{"damage":6,"enemies":"Jaw Worm","floor":5,"turns":3},{"damage":9,"enemies":"Gremlin Gang","floor":8,"turns":4},{"damage":9,"enemies":"Lagavulin","floor":11,"turns":7},{"damage":0,"enemies":"3 Louse","floor":14,"turns":3},{"damage":18,"enemies":"The Guardian","floor":16,"turns":11},{"damage":22,"enemies":"3 Byrds","floor":18,"turns":5},{"damage":17,"enemies":"Chosen","floor":19,"turns":6},{"damage":32,"enemies":"3 Cultists","floor":21,"turns":5},{"damage":11,"enemies":"Snake Plant","floor":22,"turns":2}],"seed_played":"-8555681879906717651","potions_obtained":[{"floor":1,"key":"Weak Potion"},{"floor":2,"key":"EntropicBrew"},{"floor":2,"key":"Fruit Juice"},{"floor":11,"key":"Energy Potion"}],"is_trial":false,"path_per_floor":["M","?","M","?","M","R","$","M","T","R","E","$","R","M","R","B",null,"M","M","$","M"],"character_chosen":"DEFECT","items_purchased":["Apotheosis","Static Discharge"],"campfire_rested":0,"item_purchase_floors":[12,20],"current_hp_per_floor":[70,70,75,75,69,69,69,60,60,60,51,51,51,51,51,58,80,58,41,41,9,0],"gold":35,"neow_bonus":"","is_prod":false,"is_daily":false,"chose_seed":false,"campfire_upgraded":4,"win_rate":0,"timestamp":1535883139,"path_taken":["M","?","?","?","M","R","$","?","T","R","E","?","R","?","R","BOSS","M","M","$","?","M"],"build_version":"2018-08-30","purchased_purges":2,"victory":false,"max_hp_per_floor":[75,75,80,80,80,80,80,80,80,80,80,80,80,80,80,80,80,80,80,80,80,80],"card_choices":[{"not_picked":["Cold Snap","Barrage","Sweeping Beam"],"picked":"SKIP","floor":1},{"not_picked":["Steam","Compile Driver"],"picked":"Ball Lightning","floor":3},{"not_picked":["Barrage","Steam Power"],"picked":"Conserve Battery","floor":5},{"not_picked":["Rebound","Steam"],"picked":"Aggregate","floor":8},{"not_picked":["Steam","Aggregate"],"picked":"Buffer","floor":11},{"not_picked":["Lockon","Hello World"],"picked":"Conserve Battery","floor":14},{"not_picked":["Meteor Strike","Multi-Cast"],"picked":"Buffer","floor":16},{"not_picked":["Leap","Sweeping Beam","Barrage"],"picked":"SKIP","floor":18},{"not_picked":["Leap","Fusion","Turbo"],"picked":"SKIP","floor":19},{"not_picked":["Go for the Eyes","Darkness+1"],"picked":"Redo","floor":21}],"player_experience":186371,"relics_obtained":[{"floor":9,"key":"Pantograph"},{"floor":11,"key":"Potion Belt"},{"floor":17,"key":"Dream Catcher"},{"floor":17,"key":"Mercury Hourglass"},{"floor":17,"key":"Peace Pipe"}],"event_choices":[{"event_name":"The Lab","player_choice":"Got Potions","floor":2,"damage_taken":0},{"event_name":"Golden Idol","player_choice":"Take Wound","floor":4,"damage_taken":0}],"is_beta":false,"boss_relics":[{"not_picked":["Ectoplasm","FrozenCore"],"picked":"Calling Bell"}],"items_purged_floors":[7,20],"is_endless":false,"potions_floor_spawned":[1,11],"killed_by":"Snake Plant","ascension_level":1}