{"gold_per_floor":[217,217,234,253,264,264,279,300,300,300,326,7,7,27,27,27],"floor_reached":16,"playtime":1284,"items_purged":[],"score":107,"play_id":"66d7b328-d8b8-43da-a5ef-0ba32941cfdb","local_time":"20180711222651","is_ascension_mode":true,"campfire_choices":[{"data":"Zap","floor":6,"key":"SMITH"},{"floor":10,"key":"REST"},{"floor":13,"key":"REST"},{"data":"Loop","floor":15,"key":"SMITH"}],"neow_cost":"NONE","seed_source_timestamp":0,"circlet_count":0,"master_deck":["Strike_B","Strike_B","Strike_B","Strike_B","Defend_B","Defend_B","Defend_B","Defend_B","Zap+1","Dualcast","Leap","Beam Cell","Redo","Barrage","Ball Lightning","Turbo","Seek","Loop+1","Auto Shields+1"],"special_seed":0,"relics":["Cracked Core","Odd Mushroom","Unceasing Top","Letter Opener","Toxic Egg 2"],"potions_floor_usage":[16],"damage_taken":[{"damage":1.0,"enemies":"Small Slimes","floor":1.0,"turns":3.0},{"damage":0.0,"enemies":"2 Louse","floor":3.0,"turns":2.0},{"damage":0.0,"enemies":"Jaw Worm","floor":4.0,"turns":4.0},{"damage":17.0,"enemies":"Exordium Thugs","floor":5.0,"turns":5.0},{"damage":13,"enemies":"3 Louse","floor":7,"turns":3},{"damage":20,"floor":8,"turns":4},{"damage":27,"enemies":"Gremlin Nob","floor":11,"turns":4},{"damage":0,"enemies":"Large Slime","floor":14,"turns":4},{"damage":50,"enemies":"The Guardian","floor":16,"turns":6}],"seed_played":"4349714790110072389","potions_obtained":[{"floor":1.0,"key":"SkillPotion"},{"floor":3.0,"key":"Ancient Potion"},{"floor":8,"key":"Ancient Potion"}],"is_trial":false,"path_per_floor":["M","?","M","M","M","R","M","?","T","R","E","$","R","M","R"],"character_chosen":"DEFECT","items_purchased":["Toxic Egg 2","Loop"],"campfire_rested":2,"item_purchase_floors":[12,12],"current_hp_per_floor":[74,79,79,79,62,62,49,29,29,53,26,26,50,50,50,0],"gold":27,"neow_bonus":"HUNDRED_GOLD","is_prod":false,"is_daily":false,"chose_seed":false,"campfire_upgraded":2,"win_rate":0,"timestamp":1531315611,"path_taken":["M","?","M","M","M","R","?","?","T","R","E","$","R","M","R","BOSS"],"build_version":"2018-07-05","purchased_purges":0,"victory":false,"max_hp_per_floor":[75,80,80,80,80,80,80,80,80,80,80,80,80,80,80,80],"card_choices":[{"not_picked":["Darkness","Melter"],"picked":"Leap","floor":1.0},{"not_picked":["Steam","Coolheaded"],"picked":"Beam Cell","floor":3.0},{"not_picked":["Barrage","Recycle"],"picked":"Redo","floor":4.0},{"not_picked":["Coolheaded","Cold Snap"],"picked":"Barrage","floor":5},{"not_picked":["Capacitor","Sunder"],"picked":"Ball Lightning","floor":7},{"not_picked":["Storm","Sweeping Beam"],"picked":"Turbo","floor":8},{"not_picked":["Hello World","Force Field"],"picked":"Seek","floor":11},{"not_picked":["Hologram+1","Turbo+1"],"picked":"Auto Shields+1","floor":14}],"player_experience":132929,"relics_obtained":[{"floor":8,"key":"Odd Mushroom"},{"floor":9,"key":"Unceasing Top"},{"floor":11,"key":"Letter Opener"}],"event_choices":[{"event_name":"Big Fish","player_choice":"Donut","floor":2.0,"damage_taken":0.0},{"event_name":"Mushrooms","player_choice":"Fought Mushrooms","floor":8,"damage_taken":0}],"boss_relics":[],"items_purged_floors":[],"is_endless":false,"potions_floor_spawned":[1,3,8],"killed_by":"The Guardian","ascension_level":1}