{"gold_per_floor":[18,32,32,47,67,67,102,102,172,191,191,255,285,285,285,382,382,399,138,538,178,178,178,194,194,245,261,261,281,281,294,294,389,389,406,406,419,147,157,157,182,182,182,212,212,35,48,60,60,60,60,60,23,55,55],"floor_reached":55,"playtime":2198,"items_purged":["Terror"],"score":785,"play_id":"406c57f5-6dd1-4178-9220-353f70d6e348","local_time":"20190518130253","is_ascension_mode":false,"campfire_choices":[{"data":"Catalyst","floor":6,"key":"SMITH"},{"data":"Corpse Explosion","floor":8,"key":"SMITH"},{"floor":11,"key":"REST"},{"floor":15,"key":"REST"},{"floor":23,"key":"REST"},{"data":"Catalyst","floor":25,"key":"SMITH"},{"floor":28,"key":"RECALL"},{"data":"Noxious Fumes","floor":30,"key":"SMITH"},{"data":"Glass Knife","floor":32,"key":"SMITH"},{"data":"Well Laid Plans","floor":40,"key":"SMITH"},{"floor":42,"key":"REST"},{"data":"Backflip","floor":45,"key":"SMITH"},{"floor":49,"key":"REST"},{"data":"Dodge and Roll","floor":52,"key":"SMITH"}],"neow_cost":"NO_GOLD","seed_source_timestamp":2827739376654204,"circlet_count":0,"master_deck":["Survivor","Neutralize","Corpse Explosion+1","Dodge and Roll","Flying Knee","Catalyst+1","Tools of the Trade","Deadly Poison","Caltrops","Skewer","Glass Knife+1","Dagger Spray+1","Noxious Fumes+1","Catalyst+1","Backflip+1","Adrenaline","Dodge and Roll+1","Distraction","Malaise","Tactician","Adrenaline","Underhanded Strike","Blur","Well Laid Plans+1","Footwork+1","Catalyst","Noxious Fumes","Backflip"],"relics":["Ring of the Snake","WingedGreaves","The Courier","Art of War","Gambling Chip","Happy Flower","Velvet Choker","Singing Bowl","Old Coin","Letter Opener","Lantern","Bottled Lightning","Anchor","Pandora\u0027s Box","Bottled Tornado","Darkstone Periapt","Mercury Hourglass"],"potions_floor_usage":[55,55,55],"damage_taken":[{"damage":0,"enemies":"2 Louse","floor":1,"turns":2},{"damage":3,"enemies":"Jaw Worm","floor":2,"turns":6},{"damage":0,"enemies":"Small Slimes","floor":4,"turns":4},{"damage":0,"enemies":"2 Fungi Beasts","floor":5,"turns":2},{"damage":14,"enemies":"3 Sentries","floor":7,"turns":4},{"damage":8,"enemies":"3 Louse","floor":10,"turns":3},{"damage":8,"enemies":"Gremlin Nob","floor":12,"turns":3},{"damage":17,"enemies":"Lagavulin","floor":13,"turns":6},{"damage":28,"enemies":"The Guardian","floor":16,"turns":7},{"damage":0,"enemies":"Chosen","floor":18,"turns":3},{"damage":15,"enemies":"Colosseum Slavers","floor":20,"turns":3},{"damage":26,"enemies":"Colosseum Nobs","floor":20,"turns":3},{"damage":2,"enemies":"Shell Parasite","floor":24,"turns":2},{"damage":0,"enemies":"Snake Plant","floor":27,"turns":2},{"damage":0,"enemies":"Chosen and Byrds","floor":29,"turns":3},{"damage":3,"enemies":"Centurion and Healer","floor":31,"turns":3},{"damage":39,"enemies":"Collector","floor":33,"turns":4},{"damage":10,"enemies":"Orb Walker","floor":35,"turns":3},{"damage":0,"enemies":"3 Darklings","floor":37,"turns":1},{"damage":0,"enemies":"Jaw Worm Horde","floor":39,"turns":2},{"damage":20,"enemies":"Giant Head","floor":41,"turns":6},{"damage":15,"enemies":"Reptomancer","floor":44,"turns":5},{"damage":0,"enemies":"Transient","floor":47,"turns":5},{"damage":20,"enemies":"Maw","floor":48,"turns":3},{"damage":67,"enemies":"Awakened One","floor":50,"turns":10},{"damage":61,"enemies":"Shield and Spear","floor":54,"turns":5},{"damage":52,"enemies":"The Heart","floor":55,"turns":3}],"seed_played":"-674778307102014081","potions_obtained":[{"floor":2,"key":"Fire Potion"},{"floor":5,"key":"LiquidBronze"},{"floor":10,"key":"Strength Potion"},{"floor":13,"key":"Energy Potion"},{"floor":48,"key":"Weak Potion"},{"floor":54,"key":"Poison Potion"}],"is_trial":false,"path_per_floor":["M","M","?","M","M","R","E","R","T","M","R","?","E","?","R","B",null,"M","$","?","$","?","R","M","R","T","M","R","M","R","M","R","B",null,"M","?","M","$","M","R","E","R","T","E","R","$","M","M","R","B",null,"R","$","E","B"],"character_chosen":"THE_SILENT","items_purchased":["Singing Bowl","Noxious Fumes","Catalyst","Lantern","Bottled Lightning","Well Laid Plans","Bottled Tornado","Catalyst","Noxious Fumes","Backflip"],"campfire_rested":5,"item_purchase_floors":[19,19,21,21,21,38,38,46,46,53],"current_hp_per_floor":[70,67,60,60,60,60,46,46,46,38,59,51,34,27,48,20,70,70,70,31,31,31,52,52,52,52,52,52,54,54,53,53,14,78,70,90,92,92,92,92,74,94,94,81,81,81,83,65,95,28,100,100,100,41,0],"gold":55,"neow_bonus":"THREE_RARE_CARDS","is_prod":false,"is_daily":false,"chose_seed":false,"campfire_upgraded":8,"win_rate":0,"timestamp":1558141373,"path_taken":["M","M","?","M","M","R","E","R","T","M","R","?","E","?","R","BOSS","M","$","?","$","?","R","M","R","T","M","R","M","R","M","R","BOSS","M","?","?","?","M","R","E","R","T","E","R","$","M","M","R","BOSS","R","$","E","BOSS"],"build_version":"2019-01-23","purchased_purges":1,"victory":false,"max_hp_per_floor":[70,70,70,70,70,70,70,70,70,70,70,70,70,70,70,70,70,70,70,72,72,72,72,74,74,74,74,74,76,76,78,78,78,78,80,90,92,92,92,92,94,94,94,96,96,96,98,100,100,100,100,100,100,102,102],"card_choices":[{"not_picked":["Tools of the Trade","Burst"],"picked":"Corpse Explosion","floor":0},{"not_picked":["Predator","Bane"],"picked":"Dodge and Roll","floor":1},{"not_picked":["Quick Slash","Sucker Punch","Crippling Poison"],"picked":"SKIP","floor":2},{"not_picked":["Finisher","All Out Attack"],"picked":"Flying Knee","floor":4},{"not_picked":["Crippling Poison","Blur"],"picked":"Catalyst","floor":5},{"not_picked":["Doppelganger","Dodge and Roll"],"picked":"Tools of the Trade","floor":7},{"not_picked":["Expertise","Dagger Spray"],"picked":"Deadly Poison","floor":10},{"not_picked":["Quick Slash","Backstab"],"picked":"Caltrops","floor":12},{"not_picked":["Predator","Dodge and Roll"],"picked":"Skewer","floor":13},{"not_picked":["After Image","Phantasmal Killer"],"picked":"Glass Knife","floor":16},{"not_picked":["Cloak And Dagger+1","Deadly Poison"],"picked":"Dagger Spray+1","floor":18},{"not_picked":["Deflect","Accuracy","Outmaneuver+1"],"picked":"Singing Bowl","floor":20},{"not_picked":["Expertise","Infinite Blades+1","Prepared"],"picked":"Singing Bowl","floor":24},{"not_picked":["Dagger Throw+1","PiercingWail"],"picked":"Backflip","floor":27},{"not_picked":["Accuracy+1","After Image","Backflip"],"picked":"Singing Bowl","floor":29},{"not_picked":["Quick Slash","Deflect+1","Heel Hook"],"picked":"Singing Bowl","floor":31},{"not_picked":["After Image","Tools of the Trade"],"picked":"Adrenaline","floor":33},{"not_picked":["Deadly Poison","Blade Dance","Predator"],"picked":"Singing Bowl","floor":35},{"not_picked":["Underhanded Strike+1","Quick Slash+1","Concentrate"],"picked":"Singing Bowl","floor":37},{"not_picked":["Acrobatics+1","Deadly Poison"],"picked":"Footwork+1","floor":39},{"not_picked":["Sucker Punch+1","Dodge and Roll","Bane"],"picked":"Singing Bowl","floor":41},{"not_picked":["Choke","Grand Finale","Deflect+1"],"picked":"Singing Bowl","floor":44},{"not_picked":["Sucker Punch+1","Masterful Stab+1","Underhanded Strike+1"],"picked":"Singing Bowl","floor":47},{"not_picked":["Slice+1","Deadly Poison+1","Expertise+1"],"picked":"Singing Bowl","floor":48},{"not_picked":["Grand Finale","Predator","Blade Dance"],"picked":"Singing Bowl","floor":54}],"player_experience":299259,"relics_obtained":[{"floor":7,"key":"WingedGreaves"},{"floor":9,"key":"The Courier"},{"floor":13,"key":"Gambling Chip"},{"floor":20,"key":"Old Coin"},{"floor":20,"key":"Letter Opener"},{"floor":26,"key":"Anchor"},{"floor":41,"key":"Darkstone Periapt"},{"floor":54,"key":"Mercury Hourglass"}],"event_choices":[{"cards_removed":["Strike_G"],"damage_healed":0,"gold_gain":0,"player_choice":"Card Removal","damage_taken":7,"max_hp_gain":0,"max_hp_loss":0,"event_name":"Golden Wing","floor":3,"gold_loss":0},{"damage_healed":0,"gold_gain":0,"player_choice":"Searched \u00272\u0027 times","damage_taken":0,"relics_obtained":["Art of War"],"max_hp_gain":0,"max_hp_loss":0,"event_name":"Dead Adventurer","floor":12,"gold_loss":0},{"damage_healed":0,"gold_gain":0,"player_choice":"Success","damage_taken":7,"relics_obtained":["Happy Flower"],"max_hp_gain":0,"max_hp_loss":0,"event_name":"Scrap Ooze","floor":14,"gold_loss":0},{"damage_healed":0,"gold_gain":0,"player_choice":"Fight","damage_taken":0,"max_hp_gain":0,"max_hp_loss":0,"event_name":"Colosseum","floor":20,"gold_loss":0},{"damage_healed":0,"gold_gain":0,"player_choice":"Fought Nobs","damage_taken":0,"max_hp_gain":0,"max_hp_loss":0,"event_name":"Colosseum","floor":20,"gold_loss":0},{"damage_healed":0,"gold_gain":0,"player_choice":"Ignored","damage_taken":0,"max_hp_gain":0,"max_hp_loss":0,"event_name":"Ghosts","floor":22,"gold_loss":0},{"cards_removed":["Envenom"],"damage_healed":10,"gold_gain":0,"player_choice":"Offered Rare","damage_taken":0,"max_hp_gain":10,"max_hp_loss":0,"event_name":"Bonfire Elementals","floor":36,"gold_loss":0}],"is_beta":false,"boss_relics":[{"not_picked":["Black Star","Ectoplasm"],"picked":"Velvet Choker"},{"not_picked":["Philosopher\u0027s Stone","Orrery"],"picked":"Pandora\u0027s Box"}],"items_purged_floors":[46],"is_endless":false,"potions_floor_spawned":[2,5,10,13,16,18,24,27,29,33,37,39,41,48,54],"killed_by":"The Heart","ascension_level":0}