{"gold_per_floor":[109,129,129,31,31,69,69,19,43,43,43,57,81,125,125,246,246,261,261,17,36,36,36,75,75],"floor_reached":25,"playtime":2472,"items_purged":["Injury"],"score":227,"play_id":"3508a418-45c1-4fda-ac54-2ee5f309027c","local_time":"20180705233239","is_ascension_mode":false,"campfire_choices":[{"floor":7,"key":"REST"},{"data":"Caltrops","floor":10,"key":"SMITH"},{"floor":15,"key":"REST"},{"floor":23,"key":"REST"}],"neow_cost":"NONE","seed_source_timestamp":99588373439564,"circlet_count":0,"master_deck":["Defend_G","Defend_G","Defend_G","Defend_G","Defend_G","Strike_G","Strike_G","Strike_G","Strike_G","Strike_G","Survivor","Neutralize","Crippling Poison","Dagger Spray","Dodge and Roll","Caltrops+1","Dagger Throw","Flying Knee","Riddle With Holes","Calculated Gamble","Tools of the Trade","PiercingWail+1","Quick Slash","Quick Slash","Choke","Die Die Die"],"relics":["Ring of the Snake","Golden Idol","Bottled Flame","Orichalcum","Vajra","Black Star","Shuriken","Regal Pillow","Gambling Chip","Sundial"],"potions_floor_usage":[25,25,25],"damage_taken":[{"damage":8,"enemies":"Jaw Worm","floor":1,"turns":8},{"damage":0,"enemies":"2 Louse","floor":2,"turns":3},{"damage":17,"enemies":"3 Sentries","floor":6,"turns":8},{"damage":0,"enemies":"Cultist","floor":12,"turns":4},{"damage":9,"enemies":"Exordium Wildlife","floor":13,"turns":4},{"damage":20,"enemies":"Gremlin Nob","floor":14,"turns":5},{"damage":62,"enemies":"Slime Boss","floor":16,"turns":12},{"damage":10,"enemies":"Shell Parasite","floor":18,"turns":5},{"damage":11,"enemies":"2 Thieves","floor":21,"turns":4},{"damage":65,"enemies":"Slavers","floor":24,"turns":8},{"damage":17,"enemies":"Slaver and Parasite","floor":25,"turns":3}],"seed_played":"6082921343305964774","potions_obtained":[{"floor":2,"key":"Block Potion"},{"floor":13,"key":"SkillPotion"},{"floor":16,"key":"AttackPotion"}],"is_trial":false,"path_per_floor":["M","M","?","$","?","E","R","$","T","R","?","M","M","E","R","B",null,"M","?","$","M","?","R","E"],"character_chosen":"THE_SILENT","items_purchased":["Dodge and Roll","Caltrops","FearPotion","Regal Pillow","Quick Slash"],"campfire_rested":3,"item_purchase_floors":[4,4,8,20,20],"current_hp_per_floor":[69,69,74,74,74,57,81,81,81,81,81,81,72,52,76,14,82,72,72,72,61,61,82,17,0],"gold":75,"neow_bonus":"TEN_PERCENT_HP_BONUS","is_prod":false,"is_daily":false,"chose_seed":false,"campfire_upgraded":1,"win_rate":0.0,"timestamp":1530801159,"path_taken":["M","M","?","$","?","E","R","$","T","R","?","M","M","E","R","BOSS","M","?","$","M","?","R","E","?"],"build_version":"2018-06-28","purchased_purges":1,"victory":false,"max_hp_per_floor":[77,77,82,82,82,82,82,82,82,82,82,82,82,82,82,82,82,82,82,82,82,82,82,82,82],"card_choices":[{"not_picked":["Poisoned Stab","Distraction"],"picked":"Crippling Poison","floor":1},{"not_picked":["Well Laid Plans","Distraction"],"picked":"Dagger Spray","floor":2},{"not_picked":["Sucker Punch","Slice"],"picked":"Dagger Throw","floor":6},{"not_picked":["Dagger Spray","Unload"],"picked":"Flying Knee","floor":12},{"not_picked":["Sucker Punch","Dagger Spray"],"picked":"Riddle With Holes","floor":13},{"not_picked":["Bouncing Flask","Sucker Punch"],"picked":"Calculated Gamble","floor":14},{"not_picked":["Wraith Form v2","Doppelganger"],"picked":"Tools of the Trade","floor":16},{"not_picked":["Flying Knee","Endless Agony"],"picked":"PiercingWail+1","floor":18},{"not_picked":["Noxious Fumes","Underhanded Strike"],"picked":"Quick Slash","floor":21},{"not_picked":["Expertise","Flying Knee"],"picked":"Die Die Die","floor":24}],"player_experience":9536,"relics_obtained":[{"floor":6,"key":"Bottled Flame"},{"floor":9,"key":"Orichalcum"},{"floor":14,"key":"Vajra"},{"floor":24,"key":"Gambling Chip"},{"floor":24,"key":"Sundial"}],"event_choices":[{"event_name":"Big Fish","player_choice":"Donut","floor":3,"damage_taken":0},{"event_name":"Golden Idol","player_choice":"Take Wound","floor":5,"damage_taken":0},{"event_name":"The Cleric","player_choice":"Leave","floor":11,"damage_taken":0},{"event_name":"The Mausoleum","player_choice":"Yes","floor":19,"damage_taken":0},{"event_name":"The Library","player_choice":"Read","floor":22,"damage_taken":0}],"boss_relics":[{"not_picked":["Sozu","Cursed Key"],"picked":"Black Star"}],"items_purged_floors":[20],"is_endless":false,"potions_floor_spawned":[2,13,16,18,21],"killed_by":"Slaver and Parasite","ascension_level":0}