{"gold_per_floor":[116,130,142,157,26,26,51,51,51,78,78,92,92,92,92,191,191,201,300,225,236,236,236,262,297,379,392,115,115,15,32,32,32],"floor_reached":33,"playtime":3144,"items_purged":["Strike_G","Strike_G"],"score":350,"play_id":"394a6d49-31d7-42ba-b880-51485d04d892","local_time":"20190513204017","is_ascension_mode":true,"campfire_choices":[{"data":"Neutralize","floor":6,"key":"SMITH"},{"data":"Well Laid Plans","floor":8,"key":"SMITH"},{"data":"Footwork","floor":11,"key":"SMITH"},{"data":"Catalyst","floor":13,"key":"SMITH"},{"data":"Bouncing Flask","floor":15,"key":"SMITH"},{"data":"Die Die Die","floor":23,"key":"SMITH"},{"data":"Cloak And Dagger","floor":29,"key":"SMITH"},{"floor":32,"key":"REST"}],"neow_cost":"NONE","seed_source_timestamp":1017239226172800,"circlet_count":0,"master_deck":["Defend_G","Defend_G","Defend_G","Defend_G","Defend_G","Strike_G","Strike_G","Survivor","Neutralize+1","Impatience","Backstab","Calculated Gamble","Cloak And Dagger+1","Backstab","Well Laid Plans+1","Bouncing Flask+1","Footwork+1","Catalyst+1","Die Die Die+1","Backflip+1","Backstab","Backflip+1","Backflip+1"],"relics":["Ring of the Snake","Art of War","Ninja Scroll","WingedGreaves","Runic Dome","Boot","Bottled Lightning","Toxic Egg 2","Vajra"],"potions_floor_usage":[],"damage_taken":[{"damage":0,"enemies":"Cultist","floor":1,"turns":4},{"damage":0,"enemies":"2 Louse","floor":2,"turns":1},{"damage":2,"enemies":"Jaw Worm","floor":3,"turns":4},{"damage":0,"enemies":"3 Louse","floor":4,"turns":5},{"damage":13,"enemies":"3 Sentries","floor":7,"turns":10},{"damage":9,"enemies":"Lagavulin","floor":10,"turns":6},{"damage":0,"enemies":"2 Fungi Beasts","floor":12,"turns":2},{"damage":16,"enemies":"The Guardian","floor":16,"turns":7},{"damage":3,"enemies":"2 Thieves","floor":18,"turns":3},{"damage":4,"enemies":"Spheric Guardian","floor":21,"turns":4},{"damage":5,"enemies":"Colosseum Slavers","floor":22,"turns":2},{"damage":12,"enemies":"Slavers","floor":24,"turns":5},{"damage":11,"enemies":"Gremlin Leader","floor":25,"turns":5},{"damage":0,"enemies":"3 Cultists","floor":27,"turns":5},{"damage":3,"enemies":"Sentry and Sphere","floor":31,"turns":3},{"damage":59,"enemies":"Champ","floor":33,"turns":9}],"seed_played":"5267020766864046737","potions_obtained":[{"floor":1,"key":"Strength Potion"},{"floor":3,"key":"SmokeBomb"},{"floor":10,"key":"Block Potion"},{"floor":24,"key":"GhostInAJar"}],"is_trial":false,"path_per_floor":["M","M","M","M","$","R","E","R","T","E","R","M","R","?","R","B",null,"M","?","?","M","?","R","E","E","T","M","$","R","$","M","R","B"],"character_chosen":"THE_SILENT","items_purchased":["Well Laid Plans","AttackPotion","Vajra","Backflip+1"],"campfire_rested":1,"item_purchase_floors":[5,5,28,28],"current_hp_per_floor":[70,70,68,68,68,68,55,55,55,46,46,46,46,51,51,35,75,72,72,72,68,63,63,51,40,40,40,40,40,40,37,59,0],"gold":32,"neow_bonus":"RANDOM_COLORLESS","is_prod":false,"is_daily":false,"chose_seed":false,"campfire_upgraded":7,"win_rate":0,"timestamp":1557794417,"path_taken":["M","M","M","?","$","R","E","R","T","E","R","?","R","?","R","BOSS","M","?","?","M","?","R","E","E","T","M","$","R","$","M","R","BOSS"],"build_version":"2019-01-23","purchased_purges":2,"victory":false,"max_hp_per_floor":[70,70,70,70,70,70,70,70,70,70,70,70,70,75,75,75,75,75,75,75,75,75,75,75,75,75,75,75,75,75,75,75,75],"card_choices":[{"not_picked":["Dagger Throw","Sucker Punch"],"picked":"Backstab","floor":1},{"not_picked":["Bane","Prepared"],"picked":"Calculated Gamble","floor":2},{"not_picked":["PiercingWail","Prepared"],"picked":"Cloak And Dagger","floor":3},{"not_picked":["Underhanded Strike","Catalyst"],"picked":"Backstab","floor":4},{"not_picked":["Blade Dance","Blur"],"picked":"Bouncing Flask","floor":7},{"not_picked":["Underhanded Strike","Predator"],"picked":"Footwork","floor":10},{"not_picked":["Blade Dance","Backflip"],"picked":"Catalyst","floor":12},{"not_picked":["Doppelganger","Adrenaline"],"picked":"Die Die Die","floor":16},{"not_picked":["Deadly Poison+1","Prepared"],"picked":"Backflip+1","floor":18},{"not_picked":["Endless Agony","Riddle With Holes"],"picked":"Backstab","floor":21},{"not_picked":["Reflex+1","Heel Hook+1","Blade Dance"],"picked":"SKIP","floor":24},{"not_picked":["Deadly Poison+1","Sucker Punch","Slice"],"picked":"SKIP","floor":25},{"not_picked":["Deadly Poison+1","Crippling Poison+1"],"picked":"Backflip+1","floor":27},{"not_picked":["Infinite Blades","Sucker Punch","Acrobatics+1"],"picked":"SKIP","floor":31}],"player_experience":238659,"relics_obtained":[{"floor":7,"key":"Art of War"},{"floor":9,"key":"Ninja Scroll"},{"floor":10,"key":"WingedGreaves"},{"floor":24,"key":"Boot"},{"floor":25,"key":"Bottled Lightning"},{"floor":26,"key":"Toxic Egg 2"}],"event_choices":[{"damage_healed":0,"gold_gain":0,"player_choice":"Donut","damage_taken":0,"max_hp_gain":5,"max_hp_loss":0,"event_name":"Big Fish","floor":14,"gold_loss":0},{"damage_healed":0,"gold_gain":99,"player_choice":"Stole From Cult","damage_taken":0,"max_hp_gain":0,"max_hp_loss":0,"event_name":"Nest","floor":19,"gold_loss":0},{"cards_removed":["Strike_G"],"damage_healed":0,"gold_gain":0,"player_choice":"Gave Gold","damage_taken":0,"max_hp_gain":0,"max_hp_loss":0,"event_name":"Beggar","floor":20,"gold_loss":75},{"damage_healed":0,"gold_gain":0,"player_choice":"Fight","damage_taken":0,"max_hp_gain":0,"max_hp_loss":0,"event_name":"Colosseum","floor":22,"gold_loss":0},{"damage_healed":0,"gold_gain":0,"player_choice":"Fled From Nobs","damage_taken":0,"max_hp_gain":0,"max_hp_loss":0,"event_name":"Colosseum","floor":22,"gold_loss":0},{"damage_healed":0,"gold_gain":0,"player_choice":"Fled From Nobs","damage_taken":0,"max_hp_gain":0,"max_hp_loss":0,"event_name":"Colosseum","floor":22,"gold_loss":0}],"is_beta":false,"boss_relics":[{"not_picked":["Snecko Eye","White Beast Statue"],"picked":"Runic Dome"}],"items_purged_floors":[28,30],"is_endless":false,"potions_floor_spawned":[1,3,10,12,18,24,25],"killed_by":"Champ","ascension_level":2}