{"gold_per_floor":[111,111,111,127,142,169,169,196,196,196,216,288,9,28,28,124,124,144,160,160,195,195,195,222,234,257,257,257,277,51,71,71,170,170,188,238,238,249,349,349,362,396,396,396,416,432,84,94,94,94],"floor_reached":51,"playtime":6267,"items_purged":["Clumsy"],"score":896,"play_id":"c5050045-2d6a-4521-95a0-f0dc6d80da1e","local_time":"20190516161927","is_ascension_mode":true,"campfire_choices":[{"data":"Neutralize","floor":10.0,"key":"SMITH"},{"floor":15.0,"key":"REST"},{"data":"Footwork","floor":23.0,"key":"SMITH"},{"data":"Cloak And Dagger","floor":28.0,"key":"SMITH"},{"floor":32.0,"key":"REST"},{"data":"Infinite Blades","floor":40,"key":"SMITH"},{"floor":44,"key":"REST"},{"floor":49,"key":"REST"}],"neow_cost":"NONE","seed_source_timestamp":0,"circlet_count":0,"master_deck":["Defend_G","Defend_G","Defend_G","Defend_G","Defend_G","Strike_G","Strike_G","Strike_G","Strike_G","Survivor","Neutralize+1","Flying Knee","Predator","Sucker Punch","Dodge and Roll","Caltrops","Dagger Spray","Footwork+1","Blade Dance","Cloak And Dagger+1","Dodge and Roll","Leg Sweep","Poisoned Stab+1","Backflip+1","Writhe","RitualDagger","Dodge and Roll+1","Backflip","PiercingWail","Blade Dance","Envenom","Tactician","Infinite Blades+1","Blade Dance+1","Backflip+1","Noxious Fumes+1","Acrobatics+1","Caltrops","Underhanded Strike","Catalyst"],"special_seed":0,"relics":["Cursed Key","Strawberry","Unceasing Top","Kunai","Ornamental Fan","Omamori","HoveringKite","Red Mask","Art of War","Bronze Scales","Sozu","Girya","Pocketwatch","Ancient Tea Set","Oddly Smooth Stone"],"potions_floor_usage":[36,50],"damage_taken":[{"damage":0.0,"enemies":"2 Louse","floor":1.0,"turns":3.0},{"damage":2.0,"enemies":"Jaw Worm","floor":4.0,"turns":4.0},{"damage":0.0,"enemies":"Small Slimes","floor":5.0,"turns":3.0},{"damage":28.0,"enemies":"Gremlin Nob","floor":6.0,"turns":5.0},{"damage":16.0,"enemies":"Lagavulin","floor":8.0,"turns":10.0},{"damage":3.0,"enemies":"3 Louse","floor":11.0,"turns":4.0},{"damage":5.0,"enemies":"Exordium Wildlife","floor":14.0,"turns":4.0},{"damage":0.0,"enemies":"Hexaghost","floor":16.0,"turns":12.0},{"damage":12.0,"enemies":"2 Thieves","floor":18.0,"turns":4.0},{"damage":0.0,"enemies":"3 Byrds","floor":19.0,"turns":5.0},{"damage":0.0,"enemies":"Masked Bandits","floor":21.0,"turns":3.0},{"damage":3.0,"enemies":"Gremlin Leader","floor":24.0,"turns":14.0},{"damage":0.0,"enemies":"Sentry and Sphere","floor":25.0,"turns":6.0},{"damage":5.0,"enemies":"Snake Plant","floor":29.0,"turns":6.0},{"damage":6.0,"enemies":"Centurion and Healer","floor":31.0,"turns":6.0},{"damage":0.0,"enemies":"Automaton","floor":33.0,"turns":14.0},{"damage":3,"enemies":"3 Darklings","floor":35,"turns":6},{"damage":32,"enemies":"2 Orb Walkers","floor":36,"turns":7},{"damage":7,"enemies":"Orb Walker","floor":38,"turns":4},{"damage":8,"enemies":"Sphere and 2 Shapes","floor":41,"turns":6},{"damage":3,"enemies":"Reptomancer","floor":42,"turns":8},{"damage":0,"enemies":"Jaw Worm Horde","floor":45,"turns":4},{"damage":1,"enemies":"3 Darklings","floor":46,"turns":5},{"damage":22,"enemies":"Transient","floor":48,"turns":5},{"damage":23,"enemies":"Time Eater","floor":50,"turns":12}],"seed_played":"-5662811885995036626","potions_obtained":[{"floor":4.0,"key":"SteroidPotion"},{"floor":6.0,"key":"LiquidBronze"},{"floor":11.0,"key":"Regen Potion"},{"floor":19.0,"key":"Swift Potion"},{"floor":33.0,"key":"GhostInAJar"}],"is_trial":false,"path_per_floor":["M","?","?","M","M","E","?","E","T","R","M","T","$","M","R","B",null,"M","M","?","?","?","R","E","M","T","?","R","M","$","M","R","B",null,"M","?","?","M","?","R","M","E","T","R","M","M","$","M","R","B",null],"character_chosen":"THE_SILENT","items_purchased":["Footwork","Omamori","Blade Dance","Strength Potion","Bronze Scales","Backflip","PiercingWail","Caltrops","Underhanded Strike","Oddly Smooth Stone"],"campfire_rested":4,"item_purchase_floors":[13,13,13,13,30,30,30,47,47,47],"current_hp_per_floor":[70,63,63,61,61,40,40,24,24,24,21,21,21,28,51,51,77,65,65,65,65,51,51,48,48,48,42,42,37,37,31,55,55,82,79,47,47,40,40,40,32,29,29,53,53,52,52,30,54,31],"gold":94,"neow_bonus":"BOSS_RELIC","is_prod":false,"is_daily":false,"chose_seed":false,"campfire_upgraded":4,"win_rate":0,"timestamp":1558037967,"path_taken":["M","?","?","M","M","E","?","E","T","R","?","?","?","M","R","BOSS","M","M","?","?","?","R","E","M","T","?","R","M","$","M","R","BOSS","M","?","?","M","?","R","?","E","T","R","M","M","$","M","R","BOSS"],"build_version":"2019-01-23","purchased_purges":1,"victory":true,"max_hp_per_floor":[70,70,70,70,70,77,77,77,77,77,77,77,77,77,77,77,77,77,77,77,77,82,82,82,82,82,82,82,82,82,82,82,82,82,82,82,82,82,82,82,82,82,82,82,82,82,82,82,82,82],"card_choices":[{"not_picked":["Underhanded Strike","Escape Plan"],"picked":"Flying Knee","floor":1.0},{"not_picked":["Choke","Catalyst"],"picked":"Predator","floor":4.0},{"not_picked":["Deflect","Cloak And Dagger"],"picked":"Sucker Punch","floor":5.0},{"not_picked":["Acrobatics","Doppelganger"],"picked":"Dodge and Roll","floor":6.0},{"not_picked":["Blur","Flying Knee"],"picked":"Caltrops","floor":8.0},{"not_picked":["Flying Knee","Blade Dance"],"picked":"Dagger Spray","floor":11.0},{"not_picked":["Slice","Prepared"],"picked":"Cloak And Dagger","floor":14.0},{"not_picked":["Bullet Time","Tools of the Trade"],"picked":"Die Die Die","floor":16.0},{"not_picked":["Dagger Spray","All Out Attack","Deflect"],"picked":"SKIP","floor":18.0},{"not_picked":["PiercingWail","Well Laid Plans"],"picked":"Dodge and Roll","floor":19.0},{"not_picked":["Masterful Stab","Bane"],"picked":"Leg Sweep","floor":21.0},{"not_picked":["Masterful Stab","Sucker Punch+1"],"picked":"Poisoned Stab+1","floor":24.0},{"not_picked":["Dagger Spray","Eviscerate"],"picked":"Backflip+1","floor":25.0},{"not_picked":["Dagger Spray","Doppelganger"],"picked":"Dodge and Roll+1","floor":29.0},{"not_picked":["Flying Knee+1","Outmaneuver+1"],"picked":"Blade Dance","floor":31.0},{"not_picked":["Tools of the Trade","Bullet Time"],"picked":"Envenom","floor":33.0},{"not_picked":["Sucker Punch","Deflect"],"picked":"Tactician","floor":35},{"not_picked":["Well Laid Plans","Sucker Punch"],"picked":"Infinite Blades","floor":36},{"not_picked":["Deadly Poison+1","Prepared"],"picked":"Blade Dance+1","floor":38},{"not_picked":["Flying Knee","Adrenaline"],"picked":"Backflip+1","floor":41},{"not_picked":["Backflip","Dodge and Roll"],"picked":"Noxious Fumes+1","floor":42},{"not_picked":["Calculated Gamble","Sucker Punch"],"picked":"Acrobatics+1","floor":45},{"not_picked":["Escape Plan","Leg Sweep","Slice"],"picked":"SKIP","floor":46},{"not_picked":["Endless Agony+1","Dagger Throw+1"],"picked":"Catalyst","floor":48}],"player_experience":298584,"relics_obtained":[{"floor":6.0,"key":"Strawberry"},{"floor":8.0,"key":"Unceasing Top"},{"floor":9.0,"key":"Kunai"},{"floor":12.0,"key":"Ornamental Fan"},{"floor":21.0,"key":"Red Mask"},{"floor":24.0,"key":"Art of War"},{"floor":36,"key":"Girya"},{"floor":42,"key":"Pocketwatch"},{"floor":43,"key":"Ancient Tea Set"}],"event_choices":[{"cards_removed":["Strike_G"],"damage_healed":0.0,"max_hp_gain":0.0,"max_hp_loss":0.0,"gold_gain":0.0,"event_name":"Golden Wing","player_choice":"Card Removal","floor":2.0,"gold_loss":0.0,"damage_taken":7.0},{"damage_healed":0.0,"max_hp_gain":0.0,"max_hp_loss":0.0,"gold_gain":0.0,"event_name":"Liars Game","player_choice":"Ignored","floor":3.0,"gold_loss":0.0,"damage_taken":0.0},{"damage_healed":0.0,"max_hp_gain":0.0,"max_hp_loss":0.0,"gold_gain":0.0,"event_name":"Golden Idol","player_choice":"Ignored","floor":7.0,"gold_loss":0.0,"damage_taken":0.0},{"damage_healed":0.0,"max_hp_gain":0.0,"max_hp_loss":0.0,"gold_gain":0.0,"cards_transformed":["Shame","Injury"],"event_name":"Drug Dealer","player_choice":"Became Test Subject","floor":20.0,"gold_loss":0.0,"damage_taken":0.0,"cards_obtained":["Decay","Writhe"]},{"damage_healed":0.0,"max_hp_gain":0.0,"max_hp_loss":0.0,"gold_gain":0.0,"event_name":"Masked Bandits","player_choice":"Fought Bandits","floor":21.0,"gold_loss":0.0,"damage_taken":0.0},{"damage_healed":0.0,"max_hp_gain":5.0,"max_hp_loss":0.0,"gold_gain":0.0,"event_name":"Forgotten Altar","player_choice":"Shed Blood","floor":22.0,"gold_loss":0.0,"damage_taken":19.0},{"damage_healed":0.0,"max_hp_gain":0.0,"max_hp_loss":0.0,"gold_gain":0.0,"event_name":"Nest","player_choice":"Joined the Cult","floor":27.0,"gold_loss":0.0,"damage_taken":6.0,"cards_obtained":["RitualDagger"]},{"damage_healed":0,"gold_gain":0,"player_choice":"Fight","damage_taken":0,"max_hp_gain":0,"max_hp_loss":0,"event_name":"Mysterious Sphere","floor":36,"gold_loss":0},{"cards_removed":["Die Die Die"],"damage_healed":0,"gold_gain":0,"player_choice":"Removed Attack","damage_taken":0,"max_hp_gain":0,"max_hp_loss":0,"event_name":"Falling","floor":37,"gold_loss":0},{"damage_healed":0,"gold_gain":100,"player_choice":"Pray","damage_taken":0,"max_hp_gain":0,"max_hp_loss":0,"event_name":"Golden Shrine","floor":39,"gold_loss":0}],"is_beta":false,"boss_relics":[{"not_picked":["Velvet Choker","Snecko Eye"],"picked":"HoveringKite"},{"not_picked":["Runic Dome","Runic Pyramid"],"picked":"Sozu"}],"items_purged_floors":[47],"is_endless":false,"potions_floor_spawned":[4,6,11,19,24,29,33,38,41],"ascension_level":3}