{"gold_per_floor":[115,115,115,40,40,40,40,72,72,72,72,72,130,141,141,240,240,253,168,181,194,194,211,211,111,111,111,111,111,145,70,70,174,174,194,194,241,259,259,134,150,150],"floor_reached":42,"playtime":1547,"items_purged":["Strike_B","Zap","Writhe"],"score":483,"play_id":"bd0dd512-c364-430e-b10d-1bd1575051ab","local_time":"20181209105446","is_ascension_mode":false,"campfire_choices":[{"data":"Hologram","floor":6,"key":"SMITH"},{"floor":10,"key":"REST"},{"data":"Streamline","floor":12,"key":"SMITH"},{"data":"Beam Cell","floor":15,"key":"SMITH"},{"data":"Reboot","floor":24,"key":"SMITH"},{"data":"Go for the Eyes","floor":27,"key":"SMITH"},{"floor":32,"key":"REST"}],"neow_cost":"NONE","seed_source_timestamp":2099742867867509,"circlet_count":0,"master_deck":["Dualcast","Hologram+1","Conserve Battery","Sweeping Beam+1","Reboot+1","Steam+1","Go for the Eyes+1","Buffer","Streamline+1","Beam Cell+1","Seek","Steam","Stack","Hologram","Force Field","Static Discharge","Rebound+1","Hologram+1","Beam Cell","Self Repair","Gash"],"relics":["Orrery","Dream Catcher","Whetstone","Shuriken","Bag of Marbles","Pandora\u0027s Box","Boot","FossilizedHelix","Ginger","Mango","Lizard Tail","Dead Branch"],"potions_floor_usage":[16,30,33],"damage_taken":[{"damage":0,"enemies":"Cultist","floor":1,"turns":4},{"damage":21,"enemies":"Gremlin Nob","floor":8,"turns":5},{"damage":18,"enemies":"Gremlin Nob","floor":13,"turns":4},{"damage":0,"enemies":"Small Slimes","floor":14,"turns":3},{"damage":0,"enemies":"Slime Boss","floor":16,"turns":6},{"damage":3,"enemies":"Spheric Guardian","floor":18,"turns":5},{"damage":10,"enemies":"2 Thieves","floor":20,"turns":3},{"damage":15,"enemies":"Sentry and Sphere","floor":21,"turns":4},{"damage":0,"enemies":"3 Cultists","floor":23,"turns":4},{"damage":25,"enemies":"Slavers","floor":30,"turns":5},{"damage":21,"enemies":"Champ","floor":33,"turns":9},{"damage":0,"enemies":"3 Darklings","floor":35,"turns":3},{"damage":76,"enemies":"2 Orb Walkers","floor":37,"turns":6},{"damage":3,"enemies":"Orb Walker","floor":38,"turns":4},{"damage":0,"enemies":"Sphere and 2 Shapes","floor":41,"turns":4},{"damage":16,"enemies":"Spire Growth","floor":42,"turns":3}],"seed_played":"-2602725768514437261","potions_obtained":[{"floor":13,"key":"LiquidBronze"},{"floor":14,"key":"FearPotion"},{"floor":16,"key":"SpeedPotion"},{"floor":20,"key":"LiquidBronze"},{"floor":23,"key":"PowerPotion"},{"floor":33,"key":"Fruit Juice"}],"is_trial":false,"path_per_floor":["M","?","?","$","?","R","$","E","T","R","?","R","?","M","R","B",null,"M","?","M","M","?","M","R","$","T","R","$","$","E","?","R","B",null,"M","?","?","M","?","$","M","M"],"character_chosen":"DEFECT","items_purchased":[],"campfire_rested":2,"item_purchase_floors":[],"current_hp_per_floor":[75,50,35,35,28,28,28,7,7,29,29,29,11,11,11,11,75,72,72,62,47,47,47,47,47,47,47,47,47,36,36,62,46,94,94,94,18,22,46,46,53,37],"gold":150,"neow_bonus":"BOSS_RELIC","is_prod":false,"is_daily":false,"chose_seed":false,"campfire_upgraded":5,"win_rate":0,"timestamp":1544320486,"path_taken":["M","?","?","$","?","R","$","E","T","R","?","R","?","M","R","BOSS","M","?","M","M","?","M","R","$","T","R","?","$","E","?","R","BOSS","M","?","?","M","?","$","M","M"],"build_version":"2018-12-06","purchased_purges":3,"victory":false,"max_hp_per_floor":[75,75,75,75,75,75,75,75,75,75,75,75,75,75,75,75,75,75,75,75,75,75,75,75,75,75,75,75,75,89,89,89,94,94,94,94,94,94,94,94,94,94],"card_choices":[{"not_picked":["Redo","Stack"],"picked":"Hologram","floor":0},{"not_picked":["Hello World","Tempest"],"picked":"Conserve Battery","floor":0},{"not_picked":["Blizzard","Go for the Eyes"],"picked":"Sweeping Beam","floor":0},{"not_picked":["Cold Snap","Barrage"],"picked":"Reboot","floor":0},{"not_picked":["Coolheaded","Stack"],"picked":"Steam","floor":0},{"not_picked":["Ball Lightning","Steam"],"picked":"Go for the Eyes","floor":1},{"not_picked":["Steam","Blizzard"],"picked":"Buffer","floor":8},{"not_picked":["Compile Driver","Steam"],"picked":"Streamline","floor":10},{"not_picked":["Cold Snap","Chill"],"picked":"Beam Cell","floor":14},{"not_picked":["Amplify","Fission"],"picked":"Seek","floor":16},{"not_picked":["Aggregate","Streamline+1"],"picked":"Rebound+1","floor":18},{"not_picked":["Stack","Coolheaded+1"],"picked":"Hologram+1","floor":20},{"not_picked":["Ball Lightning","Rebound","Cold Snap"],"picked":"SKIP","floor":21},{"not_picked":["Barrage","Ball Lightning","Glacier"],"picked":"SKIP","floor":23},{"not_picked":["Recycle","Coolheaded","Thunder Strike"],"picked":"SKIP","floor":30},{"not_picked":["Cold Snap+1","Hello World"],"picked":"Beam Cell","floor":32},{"not_picked":["Conserve Battery","Coolheaded+1","Streamline"],"picked":"SKIP","floor":35},{"not_picked":["Leap","Consume+1"],"picked":"Self Repair","floor":37},{"not_picked":["Turbo+1","Streamline+1"],"picked":"Gash","floor":38},{"not_picked":["Cold Snap+1","Conserve Battery+1","Scrape+1"],"picked":"SKIP","floor":41}],"player_experience":537845,"relics_obtained":[{"floor":8,"key":"Whetstone"},{"floor":9,"key":"Shuriken"},{"floor":26,"key":"Ginger"},{"floor":30,"key":"Mango"},{"floor":37,"key":"Dead Branch"}],"event_choices":[{"damage_healed":0,"gold_gain":0,"player_choice":"Success","damage_taken":25,"relics_obtained":["Dream Catcher"],"max_hp_gain":0,"max_hp_loss":0,"event_name":"Scrap Ooze","floor":2,"gold_loss":0},{"damage_healed":0,"gold_gain":0,"player_choice":"Entered Light","damage_taken":15,"max_hp_gain":0,"max_hp_loss":0,"event_name":"Shining Light","floor":3,"gold_loss":0,"cards_upgraded":["Defend_B","Steam"]},{"cards_removed":["Defend_B"],"damage_healed":0,"gold_gain":0,"player_choice":"Card Removal","damage_taken":7,"max_hp_gain":0,"max_hp_loss":0,"event_name":"Golden Wing","floor":5,"gold_loss":0},{"damage_healed":0,"gold_gain":0,"player_choice":"Ignored","damage_taken":0,"max_hp_gain":0,"max_hp_loss":0,"event_name":"Liars Game","floor":11,"gold_loss":0},{"damage_healed":0,"gold_gain":0,"player_choice":"Searched \u00273\u0027 times","damage_taken":0,"relics_obtained":["Bag of Marbles"],"max_hp_gain":0,"max_hp_loss":0,"event_name":"Dead Adventurer","floor":13,"gold_loss":0},{"damage_healed":0,"gold_gain":0,"player_choice":"Obtained Relic","damage_taken":0,"relics_obtained":["Boot"],"max_hp_gain":0,"max_hp_loss":0,"event_name":"Addict","floor":19,"gold_loss":85},{"damage_healed":0,"gold_gain":0,"player_choice":"Opened","damage_taken":0,"relics_obtained":["FossilizedHelix"],"max_hp_gain":0,"max_hp_loss":0,"event_name":"The Mausoleum","floor":22,"gold_loss":0},{"cards_removed":["Ball Lightning"],"damage_healed":0,"gold_gain":0,"player_choice":"Gave Gold","damage_taken":0,"max_hp_gain":0,"max_hp_loss":0,"event_name":"Beggar","floor":31,"gold_loss":75},{"damage_healed":0,"gold_gain":0,"player_choice":"Memory 1","damage_taken":0,"max_hp_gain":0,"max_hp_loss":0,"event_name":"SensoryStone","floor":36,"gold_loss":0},{"damage_healed":0,"gold_gain":0,"player_choice":"Fight","damage_taken":0,"max_hp_gain":0,"max_hp_loss":0,"event_name":"Mysterious Sphere","floor":37,"gold_loss":0},{"damage_healed":24,"gold_gain":0,"player_choice":"Writhe","damage_taken":0,"max_hp_gain":0,"max_hp_loss":0,"event_name":"Winding Halls","floor":39,"gold_loss":0,"cards_obtained":["Writhe"]}],"is_beta":false,"boss_relics":[{"not_picked":["Calling Bell","Busted Crown"],"picked":"Pandora\u0027s Box"},{"not_picked":["Runic Pyramid","Snecko Eye"],"picked":"Lizard Tail"}],"items_purged_floors":[4,25,40],"is_endless":false,"potions_floor_spawned":[13,14,16,20,23,33],"killed_by":"Spire Growth","ascension_level":0}