{"gold_per_floor":[364,376,130,148,148,148,162,162,162,177,177,53,128,128,128,128],"floor_reached":16,"playtime":374,"items_purged":[],"score":122,"play_id":"c03a82e1-a233-43c5-870c-a7b866cbd87e","local_time":"20190506211417","is_ascension_mode":true,"campfire_choices":[{"floor":6,"key":"REST"},{"floor":8,"key":"REST"},{"floor":15,"key":"REST"}],"neow_cost":"PERCENT_DAMAGE","seed_source_timestamp":1822235110985044,"circlet_count":0,"master_deck":["Defend_G","Defend_G","Defend_G+1","Defend_G","Defend_G","Strike_G","Strike_G","Strike_G","Strike_G+1","Strike_G","Survivor","Neutralize","Dodge and Roll","Deadly Poison","Footwork","Backflip","Dodge and Roll","Escape Plan","Deflect","Well Laid Plans","PiercingWail"],"relics":["Ring of the Snake","Snake Skull","Golden Idol","Prayer Wheel"],"potions_floor_usage":[16,16],"damage_taken":[{"damage":5,"enemies":"2 Louse","floor":1,"turns":4},{"damage":10,"enemies":"Jaw Worm","floor":2,"turns":7},{"damage":0,"enemies":"Small Slimes","floor":4,"turns":4},{"damage":3,"enemies":"Blue Slaver","floor":7,"turns":6},{"damage":19,"enemies":"Looter","floor":10,"turns":4},{"damage":26,"enemies":"Slime Boss","floor":16,"turns":8}],"seed_played":"-4097308285531202166","potions_obtained":[{"floor":1,"key":"Energy Potion"},{"floor":2,"key":"LiquidBronze"},{"floor":10,"key":"PowerPotion"}],"is_trial":false,"path_per_floor":["M","M","$","M","?","R","M","R","T","M","?","$","?","?","R","B"],"character_chosen":"THE_SILENT","items_purchased":["Footwork","Backflip","Snake Skull","Well Laid Plans","PiercingWail"],"campfire_rested":3,"item_purchase_floors":[3,3,3,12,12],"current_hp_per_floor":[40,30,30,30,13,34,31,52,52,33,19,19,8,1,22,0],"gold":128,"neow_bonus":"TWO_FIFTY_GOLD","is_prod":false,"is_daily":false,"chose_seed":false,"campfire_upgraded":0,"win_rate":0,"timestamp":1557134057,"path_taken":["M","M","$","M","?","R","M","R","T","M","?","$","?","?","R","BOSS"],"build_version":"2019-01-23","purchased_purges":0,"victory":false,"max_hp_per_floor":[70,70,70,70,70,70,70,70,70,70,70,70,70,70,70,70],"card_choices":[{"not_picked":["Catalyst","Underhanded Strike"],"picked":"Dodge and Roll","floor":1},{"not_picked":["Bane","Dagger Throw"],"picked":"Deadly Poison","floor":2},{"not_picked":["PiercingWail","Predator"],"picked":"Dodge and Roll","floor":4},{"not_picked":["Blade Dance","Heel Hook","Concentrate"],"picked":"SKIP","floor":7},{"not_picked":["Choke","Acrobatics"],"picked":"Escape Plan","floor":10},{"not_picked":["Sucker Punch","Skewer"],"picked":"Deflect","floor":10}],"player_experience":198664,"relics_obtained":[{"floor":9,"key":"Prayer Wheel"}],"event_choices":[{"damage_healed":0,"gold_gain":0,"player_choice":"Take Damage","damage_taken":17,"relics_obtained":["Golden Idol"],"max_hp_gain":0,"max_hp_loss":0,"event_name":"Golden Idol","floor":5,"gold_loss":0},{"damage_healed":0,"gold_gain":0,"player_choice":"Entered Light","damage_taken":14,"max_hp_gain":0,"max_hp_loss":0,"event_name":"Shining Light","floor":11,"gold_loss":0,"cards_upgraded":["Defend_G","Strike_G"]},{"damage_healed":0,"gold_gain":75,"player_choice":"Gather Gold","damage_taken":11,"max_hp_gain":0,"max_hp_loss":0,"event_name":"World of Goop","floor":13,"gold_loss":0},{"damage_healed":0,"gold_gain":0,"player_choice":"Fled","damage_taken":7,"max_hp_gain":0,"max_hp_loss":0,"event_name":"Scrap Ooze","floor":14,"gold_loss":0}],"is_beta":false,"boss_relics":[],"items_purged_floors":[],"is_endless":false,"potions_floor_spawned":[1,2,10],"killed_by":"Slime Boss","ascension_level":7}