{"gold_per_floor":[14,32,50,24,24,24,59,59,59,20,49,49,49,49,49,49],"floor_reached":16,"playtime":869,"items_purged":[],"score":106,"play_id":"a160d492-0dee-4601-9e39-45b3b6f0b408","local_time":"20181106022718","is_ascension_mode":true,"campfire_choices":[{"data":"Cloak And Dagger","floor":6,"key":"SMITH"},{"data":"Dagger Spray","floor":8,"key":"SMITH"},{"data":"Terror","floor":12,"key":"SMITH"},{"data":"Neutralize","floor":15,"key":"SMITH"}],"neow_cost":"NO_GOLD","seed_source_timestamp":7516493263792,"circlet_count":0,"master_deck":["Defend_G","Defend_G","Defend_G","Defend_G","Defend_G","Strike_G","Strike_G+1","Strike_G","Strike_G+1","Strike_G","Survivor","Neutralize+1","Infinite Blades","Dagger Spray+1","Cloak And Dagger+1","Blade Dance","Adrenaline","Terror+1"],"relics":["Ring of the Snake","Ice Cream","The Specimen","Mango","Odd Mushroom","Golden Idol"],"potions_floor_usage":[7],"damage_taken":[{"damage":0,"enemies":"Cultist","floor":1,"turns":4},{"damage":6,"enemies":"Jaw Worm","floor":2,"turns":5},{"damage":3,"enemies":"Small Slimes","floor":3,"turns":3},{"damage":7,"enemies":"3 Sentries","floor":7,"turns":8},{"damage":8,"enemies":"The Mushroom Lair","floor":11,"turns":4},{"damage":46,"enemies":"Slime Boss","floor":16,"turns":8}],"seed_played":"7602605869469934660","potions_obtained":[{"floor":1,"key":"GhostInAJar"},{"floor":7,"key":"LiquidBronze"},{"floor":11,"key":"LiquidBronze"}],"is_trial":false,"path_per_floor":["M","M","M","$","?","R","E","R","T","$","?","R","$","?","R"],"character_chosen":"THE_SILENT","items_purchased":["Blade Dance","Terror"],"campfire_rested":0,"item_purchase_floors":[4,10],"current_hp_per_floor":[70,64,61,61,47,47,40,40,54,54,46,46,46,46,46,0],"gold":49,"neow_bonus":"ONE_RARE_RELIC","is_prod":false,"is_daily":false,"chose_seed":false,"campfire_upgraded":4,"win_rate":0,"timestamp":1541442438,"path_taken":["M","M","M","?","?","R","E","R","T","$","?","R","$","?","R","BOSS"],"build_version":"2018-10-11","purchased_purges":0,"victory":false,"max_hp_per_floor":[70,70,70,70,70,70,70,70,84,84,84,84,84,78,78,78],"card_choices":[{"not_picked":["PiercingWail","Quick Slash"],"picked":"Infinite Blades","floor":1},{"not_picked":["Bane","Eviscerate"],"picked":"Dagger Spray","floor":2},{"not_picked":["Finisher","Slice"],"picked":"Cloak And Dagger","floor":3},{"not_picked":["Expertise","Quick Slash"],"picked":"Adrenaline","floor":7}],"player_experience":126423,"relics_obtained":[{"floor":7,"key":"The Specimen"},{"floor":9,"key":"Mango"},{"floor":11,"key":"Odd Mushroom"}],"event_choices":[{"event_name":"Shining Light","player_choice":"Entered Light","floor":5,"damage_taken":0},{"event_name":"Mushrooms","player_choice":"Fought Mushrooms","floor":11,"damage_taken":0},{"event_name":"Golden Idol","player_choice":"Lose Max HP","floor":14,"damage_taken":0}],"is_beta":false,"boss_relics":[],"items_purged_floors":[],"is_endless":false,"potions_floor_spawned":[1,7,11],"killed_by":"Slime Boss","ascension_level":2}