{"gold_per_floor":[116,134,134,209,221,221,248,248,248,265,265,33,53,228,228,228],"floor_reached":16,"playtime":769,"items_purged":["Defend_B"],"score":125,"play_id":"45f70bc3-beff-4f58-b513-77525d8b545b","local_time":"20180917162149","is_ascension_mode":true,"campfire_choices":[{"data":"Zap","floor":6,"key":"SMITH"},{"data":"Dualcast","floor":8,"key":"SMITH"},{"data":"White Noise","floor":11,"key":"SMITH"},{"data":"Double Energy","floor":15,"key":"SMITH"}],"neow_cost":"NONE","seed_source_timestamp":122794880898756,"circlet_count":0,"master_deck":["Strike_B","Strike_B","Strike_B","Strike_B","Defend_B","Defend_B","Defend_B","Zap+1","Dualcast+1","Conserve Battery","Go for the Eyes","Conserve Battery","Go for the Eyes","Conserve Battery","White Noise+1","Double Energy+1","Doubt"],"relics":["Cracked Core","Ornamental Fan","Bird Faced Urn","Mummified Hand","Oddly Smooth Stone"],"potions_floor_usage":[7,16],"damage_taken":[{"damage":7,"enemies":"Jaw Worm","floor":1,"turns":3},{"damage":0,"enemies":"2 Louse","floor":2,"turns":2},{"damage":3,"enemies":"Small Slimes","floor":5,"turns":3},{"damage":11,"enemies":"Lagavulin","floor":7,"turns":9},{"damage":0,"enemies":"Blue Slaver","floor":10,"turns":3},{"damage":0,"enemies":"Large Slime","floor":13,"turns":4},{"damage":8,"enemies":"Hexaghost","floor":16,"turns":9}],"seed_played":"4453433487069172174","potions_obtained":[{"floor":2,"key":"EssenceOfSteel"},{"floor":5,"key":"Swift Potion"},{"floor":13,"key":"Dexterity Potion"}],"is_trial":false,"path_per_floor":["M","M","?","?","M","R","E","R","T","M","R","$","M","?","R"],"character_chosen":"DEFECT","items_purchased":["Oddly Smooth Stone"],"campfire_rested":0,"item_purchase_floors":[12],"current_hp_per_floor":[68,68,56,45,42,42,31,31,31,31,31,31,33,33,33,27],"gold":228,"neow_bonus":"THREE_CARDS","is_prod":false,"is_daily":false,"chose_seed":false,"campfire_upgraded":4,"win_rate":0,"timestamp":1537168909,"path_taken":["M","M","?","?","M","R","E","R","T","M","R","?","M","?","R","BOSS"],"build_version":"2018-09-06","purchased_purges":1,"victory":false,"max_hp_per_floor":[75,75,75,75,75,75,75,75,75,75,75,75,75,75,75,75],"card_choices":[{"not_picked":["Barrage","Compile Driver"],"picked":"Conserve Battery","floor":0},{"not_picked":["Stack","Coolheaded"],"picked":"Go for the Eyes","floor":1},{"not_picked":["All For One","Go for the Eyes"],"picked":"Conserve Battery","floor":2},{"not_picked":["Rebound","Chill"],"picked":"Go for the Eyes","floor":5},{"not_picked":["Streamline","Rebound"],"picked":"Conserve Battery","floor":7},{"not_picked":["Force Field","Cold Snap"],"picked":"White Noise","floor":10},{"not_picked":["Sweeping Beam","FTL"],"picked":"Double Energy","floor":13}],"player_experience":279946,"relics_obtained":[{"floor":7,"key":"Bird Faced Urn"},{"floor":9,"key":"Mummified Hand"}],"event_choices":[{"event_name":"Scrap Ooze","player_choice":"success","floor":3,"damage_taken":12},{"event_name":"World of Goop","player_choice":"Gather Gold","floor":4,"damage_taken":0},{"event_name":"Liars Game","player_choice":"agreed","floor":14,"damage_taken":0}],"is_beta":false,"boss_relics":[],"items_purged_floors":[12],"is_endless":false,"potions_floor_spawned":[2,5,13],"killed_by":"Hexaghost","ascension_level":5}