{"gold_per_floor":[113,113,113,128,142,142,152,183,235,235,235,235,255,280,280,280],"floor_reached":16,"playtime":994,"items_purged":[],"score":110,"play_id":"b43de113-a370-4ece-b5e1-94b1ffb8b959","local_time":"20180709010059","is_ascension_mode":false,"campfire_choices":[{"data":"Backflip","floor":6,"key":"SMITH"},{"floor":10,"key":"REST"},{"data":"Poisoned Stab","floor":12,"key":"SMITH"},{"floor":15,"key":"REST"}],"neow_cost":"","seed_source_timestamp":185898870229681,"circlet_count":0,"master_deck":["Defend_G","Defend_G","Defend_G","Defend_G","Defend_G","Strike_G","Strike_G","Strike_G","Strike_G","Survivor","Neutralize","Finisher","Dagger Throw","Backflip+1","Poisoned Stab+1","Accuracy","Prepared"],"relics":["Ring of the Snake","Ninja Scroll","Potion Belt","Art of War","Oddly Smooth Stone"],"potions_floor_usage":[16],"damage_taken":[{"damage":0,"enemies":"Small Slimes","floor":1,"turns":5},{"damage":0,"enemies":"2 Louse","floor":4,"turns":4},{"damage":0,"enemies":"Jaw Worm","floor":5,"turns":3},{"damage":3,"enemies":"Red Slaver","floor":7,"turns":7},{"damage":28,"enemies":"Lagavulin","floor":8,"turns":8},{"damage":2,"enemies":"3 Louse","floor":13,"turns":3},{"damage":23,"enemies":"Gremlin Nob","floor":14,"turns":4},{"damage":46,"enemies":"Slime Boss","floor":16,"turns":9}],"seed_played":"1555824035779926660","potions_obtained":[{"floor":1,"key":"SteroidPotion"},{"floor":4,"key":"Block Potion"},{"floor":13,"key":"Swift Potion"},{"floor":14,"key":"SmokeBomb"}],"is_trial":false,"path_per_floor":["M","?","$","M","M","R","M","E","T","R","?","R","M","E","R"],"character_chosen":"THE_SILENT","items_purchased":[],"campfire_rested":2,"item_purchase_floors":[],"current_hp_per_floor":[70,70,70,70,70,70,67,39,39,60,48,48,46,23,44,0],"gold":280,"neow_bonus":"","is_prod":false,"is_daily":false,"chose_seed":false,"campfire_upgraded":2,"win_rate":0.0,"timestamp":1531065659,"path_taken":["M","?","$","M","M","R","?","E","T","R","?","R","M","E","R","BOSS"],"build_version":"2018-07-05","purchased_purges":0,"victory":false,"max_hp_per_floor":[70,70,70,70,70,70,70,70,70,70,70,70,70,70,70,70],"card_choices":[{"not_picked":["Distraction","Acrobatics"],"picked":"Finisher","floor":1},{"not_picked":["Distraction","Bane"],"picked":"Dagger Throw","floor":4},{"not_picked":["Underhanded Strike","Acrobatics"],"picked":"Backflip","floor":5},{"not_picked":["Flying Knee","Sucker Punch"],"picked":"Poisoned Stab","floor":7},{"not_picked":["Backflip","Quick Slash"],"picked":"Accuracy","floor":8},{"not_picked":["All Out Attack","Poisoned Stab"],"picked":"Prepared","floor":13},{"not_picked":["Noxious Fumes","Outmaneuver","Eviscerate"],"picked":"SKIP","floor":14}],"player_experience":86003,"relics_obtained":[{"floor":8,"key":"Ninja Scroll"},{"floor":9,"key":"Potion Belt"},{"floor":14,"key":"Oddly Smooth Stone"}],"event_choices":[{"event_name":"Living Wall","player_choice":"Forget","floor":2,"damage_taken":0},{"event_name":"Scrap Ooze","player_choice":"success","floor":11,"damage_taken":12}],"boss_relics":[],"items_purged_floors":[],"is_endless":false,"potions_floor_spawned":[1,4,13,14],"killed_by":"Slime Boss","ascension_level":0}