{"gold_per_floor":[115,115,133,133,153,188,188,217,244,256,274,304,304,145,145,248,248,267,267,280,280,280,305,323,323,323,334,213,213,228,255,255,255],"floor_reached":33,"playtime":3025,"items_purged":[],"score":295,"play_id":"93037b60-1f53-483d-ab52-ad21ac1524f7","local_time":"20180705211659","is_ascension_mode":false,"campfire_choices":[{"floor":7,"key":"REST"},{"floor":13,"key":"REST"},{"data":"Cleave","floor":15,"key":"SMITH"},{"floor":25,"key":"REST"},{"data":"Whirlwind","floor":29,"key":"SMITH"},{"floor":32,"key":"REST"}],"neow_cost":"NONE","seed_source_timestamp":0,"circlet_count":0,"master_deck":["Strike_R+1","Strike_R+1","Strike_R+1","Strike_R+1","Strike_R+1","Defend_R+1","Defend_R+1","Defend_R+1","Defend_R+1","Bash","Cleave+1","Flame Barrier","Thunderclap","Iron Wave","Headbutt","Second Wind","Cleave","Iron Wave","Whirlwind+1","Metallicize","Demon Form","Metallicize+1","Pommel Strike+1","Pommel Strike","Blood for Blood+1","Thunderclap+1","Sever Soul","Shrug It Off","Armaments+1","Rampage+1"],"special_seed":0,"relics":["Burning Blood","Ancient Tea Set","Bronze Scales","Pen Nib","Mercury Hourglass","Velvet Choker","Lantern","Question Card","Potion Belt"],"potions_floor_usage":[16,20,24],"damage_taken":[{"damage":0,"enemies":"Small Slimes","floor":1,"turns":3},{"damage":0,"enemies":"Cultist","floor":3,"turns":5},{"damage":0,"enemies":"2 Louse","floor":5,"turns":2},{"damage":52,"enemies":"Lagavulin","floor":6,"turns":12},{"damage":14,"enemies":"3 Sentries","floor":8,"turns":6},{"damage":9,"enemies":"2 Fungi Beasts","floor":10,"turns":3},{"damage":13,"enemies":"3 Louse","floor":11,"turns":2},{"damage":45,"enemies":"Hexaghost","floor":16,"turns":10},{"damage":0,"enemies":"3 Byrds","floor":18,"turns":2},{"damage":6,"enemies":"Shell Parasite","floor":20,"turns":4},{"damage":32,"enemies":"Slavers","floor":23,"turns":2},{"damage":14,"enemies":"Snake Plant","floor":24,"turns":2},{"damage":23,"enemies":"Centurion and Healer","floor":27,"turns":4},{"damage":1,"enemies":"Cultist and Chosen","floor":30,"turns":3},{"damage":42,"enemies":"Gremlin Leader","floor":31,"turns":6},{"damage":56,"enemies":"Champ","floor":33,"turns":9}],"seed_played":"-7255612661478601987","potions_obtained":[{"floor":1,"key":"PowerPotion"},{"floor":5,"key":"AttackPotion"},{"floor":6,"key":"SteroidPotion"},{"floor":11,"key":"FearPotion"},{"floor":18,"key":"Ancient Potion"},{"floor":30,"key":"Regen Potion"}],"is_trial":false,"path_per_floor":["M","?","M","?","M","E","R","E","T","M","M","?","R","$","R","B",null,"M","?","M","?","?","E","M","R","T","M","$","R","M","E","R"],"character_chosen":"IRONCLAD","items_purchased":["Whirlwind","Metallicize","Sever Soul","Shrug It Off"],"campfire_rested":4,"item_purchase_floors":[14,14,28,28],"current_hp_per_floor":[80,85,85,85,85,39,64,56,56,53,46,46,71,71,71,36,85,85,85,85,85,85,59,51,76,76,59,59,59,64,28,53,0],"gold":255,"neow_bonus":"THREE_CARDS","is_prod":false,"is_daily":false,"chose_seed":false,"campfire_upgraded":2,"win_rate":0.0,"timestamp":1530793019,"path_taken":["M","?","M","?","M","E","R","E","T","?","M","?","R","$","R","BOSS","M","?","M","?","?","E","M","R","T","M","$","R","?","E","R","BOSS"],"build_version":"2018-06-28","purchased_purges":0,"victory":false,"max_hp_per_floor":[80,85,85,85,85,85,85,85,85,85,85,85,85,85,85,85,85,85,85,85,85,85,85,85,85,85,85,85,85,85,85,85,85],"card_choices":[{"not_picked":["Armaments","Headbutt"],"picked":"Cleave","floor":0},{"not_picked":["Iron Wave","Shrug It Off"],"picked":"Flame Barrier","floor":1},{"not_picked":["Ghostly Armor","Dropkick"],"picked":"Thunderclap","floor":3},{"not_picked":["Metallicize","Shrug It Off"],"picked":"Iron Wave","floor":5},{"not_picked":["Combust","Iron Wave"],"picked":"Headbutt","floor":6},{"not_picked":["Warcry","Flex"],"picked":"Second Wind","floor":8},{"not_picked":["Iron Wave","Perfected Strike"],"picked":"Cleave","floor":10},{"not_picked":["Armaments","Brutality"],"picked":"Iron Wave","floor":11},{"not_picked":["Barricade","Bludgeon"],"picked":"Demon Form","floor":16},{"not_picked":["Fire Breathing","Clothesline"],"picked":"Metallicize+1","floor":18},{"not_picked":["Perfected Strike","Twin Strike"],"picked":"Pommel Strike+1","floor":20},{"not_picked":["Dark Embrace","Twin Strike"],"picked":"Pommel Strike","floor":23},{"not_picked":["True Grit","Thunderclap"],"picked":"Blood for Blood+1","floor":24},{"not_picked":["Dual Wield","Disarm","Flex"],"picked":"Thunderclap+1","floor":27},{"not_picked":["Feel No Pain","Hemokinesis","Flex"],"picked":"Armaments+1","floor":30},{"not_picked":["Combust+1","Uppercut+1","Headbutt"],"picked":"Rampage+1","floor":31}],"player_experience":1026,"relics_obtained":[{"floor":6,"key":"Ancient Tea Set"},{"floor":8,"key":"Bronze Scales"},{"floor":9,"key":"Pen Nib"},{"floor":23,"key":"Lantern"},{"floor":26,"key":"Question Card"},{"floor":31,"key":"Potion Belt"}],"event_choices":[{"event_name":"Big Fish","player_choice":"Donut","floor":2,"damage_taken":0},{"event_name":"Liars Game","player_choice":"disagreed","floor":4,"damage_taken":0},{"event_name":"Dead Adventurer","player_choice":"Searched \u00272\u0027 times","floor":12,"damage_taken":0},{"event_name":"The Lab","player_choice":"Got Potions","floor":19,"damage_taken":0},{"event_name":"Ghosts","player_choice":"Ignored","floor":21,"damage_taken":0},{"event_name":"Back to Basics","player_choice":"Simplicity","floor":22,"damage_taken":0}],"boss_relics":[{"not_picked":["Empty Cage","Sozu"],"picked":"Velvet Choker"}],"items_purged_floors":[],"is_endless":false,"potions_floor_spawned":[1,5,6,11,18,30],"killed_by":"Champ","ascension_level":0}