{"gold_per_floor":[114,131,53,117,28,62,74,74,74,74,101,161,161,179,179,276,276,294,312,312,330,35,69,69,88,88,103,128,46,46,63,63,161,161,176,176,192,204,131,131,0,0,0,0,18,18,118,118,118,118,118,118,36,36],"floor_reached":54,"playtime":1872,"items_purged":["Pain"],"score":683,"play_id":"999d41ae-c8af-402b-8158-27111fe88096","local_time":"20190512002731","is_ascension_mode":false,"campfire_choices":[{"data":"Self Repair","floor":8,"key":"SMITH"},{"data":"Defragment","floor":10,"key":"SMITH"},{"floor":15,"key":"REST"},{"floor":24,"key":"REST"},{"data":"Loop","floor":32,"key":"SMITH"},{"floor":40,"key":"RECALL"},{"floor":46,"key":"REST"},{"floor":49,"key":"REST"},{"data":"Dualcast","floor":52,"key":"SMITH"}],"neow_cost":"NONE","seed_source_timestamp":2264337639959449,"circlet_count":0,"master_deck":["Strike_B","Strike_B","Strike_B","Defend_B","Defend_B","Defend_B","Defend_B","Zap","Dualcast+1","Sunder","Coolheaded","Defragment+1","Self Repair+1","Loop+1","Leap+1","Conserve Battery+1","Stack+1","Static Discharge+1","Conserve Battery+1","Core Surge","Leap+1","Coolheaded+1","Necronomicurse","FTL+1","Static Discharge+1","Redo+1","Undo+1","Coolheaded+1","Redo+1","Loop+1","Static Discharge+1","Creative AI+1","Auto Shields+1","Ball Lightning+1","Blizzard","Self Repair+1","Redo+1","Defragment+1","Loop+1"],"relics":["Cracked Core","Toxic Egg 2","Frozen Egg 2","DataDisk","Boot","WarpedTongs","Black Star","Necronomicon","Omamori","Calipers","Art of War","Happy Flower","Bag of Preparation","Pen Nib","Inserter","Red Mask","Thread and Needle"],"potions_floor_usage":[11,54,54],"damage_taken":[{"damage":3,"enemies":"Small Slimes","floor":1,"turns":3},{"damage":3,"enemies":"Jaw Worm","floor":2,"turns":3},{"damage":22,"enemies":"Lagavulin","floor":6,"turns":7},{"damage":0,"enemies":"Cultist","floor":7,"turns":4},{"damage":2,"enemies":"3 Sentries","floor":11,"turns":6},{"damage":37,"enemies":"Gremlin Nob","floor":12,"turns":5},{"damage":7,"enemies":"3 Louse","floor":14,"turns":3},{"damage":16,"enemies":"Slime Boss","floor":16,"turns":11},{"damage":6,"enemies":"3 Byrds","floor":18,"turns":2},{"damage":8,"enemies":"Shell Parasite","floor":19,"turns":5},{"damage":15,"enemies":"Cultist and Chosen","floor":21,"turns":6},{"damage":23,"enemies":"Book of Stabbing","floor":23,"turns":4},{"damage":1,"enemies":"Shelled Parasite and Fungi","floor":25,"turns":6},{"damage":6,"enemies":"Centurion and Healer","floor":27,"turns":4},{"damage":1,"enemies":"Gremlin Leader","floor":28,"turns":6},{"damage":18,"enemies":"3 Cultists","floor":31,"turns":4},{"damage":26,"enemies":"Champ","floor":33,"turns":10},{"damage":15,"enemies":"Orb Walker","floor":35,"turns":3},{"damage":23,"enemies":"3 Darklings","floor":37,"turns":10},{"damage":22,"enemies":"Transient","floor":38,"turns":5},{"damage":25,"enemies":"Sphere and 2 Shapes","floor":45,"turns":3},{"damage":4,"enemies":"Mind Bloom Boss Battle","floor":47,"turns":6},{"damage":66,"enemies":"Awakened One","floor":50,"turns":10},{"damage":87,"enemies":"Shield and Spear","floor":54,"turns":5}],"seed_played":"7325508490078524492","potions_obtained":[{"floor":7,"key":"Dexterity Potion"},{"floor":11,"key":"Swift Potion"},{"floor":12,"key":"LiquidBronze"},{"floor":16,"key":"PowerPotion"},{"floor":18,"key":"Fire Potion"},{"floor":31,"key":"Dexterity Potion"}],"is_trial":false,"path_per_floor":["M","M","$","?","$","E","M","R","T","R","E","?","?","M","R","B",null,"M","M","?","M","$","E","R","M","T","M","E","$","?","M","R","B",null,"M","?","M","M","$","R","?","$","T","?","M","R","?","?","R","B",null,"R","$","E"],"character_chosen":"DEFECT","items_purchased":["Self Repair","Loop","Fire Potion","Static Discharge+1","Omamori","Loop+1","Self Repair+1","Loop+1"],"campfire_rested":4,"item_purchase_floors":[3,5,5,22,22,29,39,53],"current_hp_per_floor":[72,69,69,69,69,54,61,61,61,61,69,42,42,45,67,61,75,69,71,55,50,50,37,59,68,68,72,75,75,75,67,67,51,75,60,60,47,25,25,25,25,25,25,44,29,51,57,57,75,19,75,75,75,0],"gold":36,"neow_bonus":"THREE_CARDS","is_prod":false,"is_daily":false,"chose_seed":false,"campfire_upgraded":4,"win_rate":0,"timestamp":1557577651,"path_taken":["M","M","$","?","$","E","M","R","T","R","E","?","?","?","R","BOSS","M","M","?","M","$","E","R","M","T","M","E","$","?","M","R","BOSS","M","?","?","M","$","R","?","$","T","?","M","R","?","?","R","BOSS","R","$","E"],"build_version":"2019-01-23","purchased_purges":1,"victory":false,"max_hp_per_floor":[75,75,75,75,75,75,75,75,75,75,75,75,75,75,75,75,75,75,75,75,75,75,75,75,75,75,75,75,75,75,75,75,75,75,75,75,75,75,75,75,75,75,75,75,75,75,75,75,75,75,75,75,75,75],"card_choices":[{"not_picked":["Beam Cell","Gash"],"picked":"Sunder","floor":0},{"not_picked":["Beam Cell","Doom and Gloom"],"picked":"Coolheaded","floor":1},{"not_picked":["Aggregate","Reinforced Body"],"picked":"Defragment","floor":2},{"not_picked":["Melter","Tempest"],"picked":"Leap","floor":6},{"not_picked":["Storm","Cold Snap"],"picked":"Conserve Battery+1","floor":7},{"not_picked":["Tempest+1","Rebound"],"picked":"Stack+1","floor":11},{"not_picked":["Genetic Algorithm+1","Rebound"],"picked":"Static Discharge+1","floor":12},{"not_picked":["Steam+1","Recycle+1"],"picked":"Conserve Battery+1","floor":14},{"not_picked":["Fission+1","Thunder Strike"],"picked":"Core Surge","floor":16},{"not_picked":["Steam+1","Go for the Eyes"],"picked":"Leap+1","floor":18},{"not_picked":["Steam Power+1","Steam+1"],"picked":"Coolheaded+1","floor":19},{"not_picked":["Barrage","Go for the Eyes"],"picked":"FTL+1","floor":21},{"not_picked":["Biased Cognition+1","Rebound"],"picked":"Redo+1","floor":23},{"not_picked":["Melter","Turbo+1"],"picked":"Undo+1","floor":25},{"not_picked":["Beam Cell","Stack+1"],"picked":"Coolheaded+1","floor":27},{"not_picked":["Gash","Ball Lightning+1"],"picked":"Redo+1","floor":28},{"not_picked":["Ball Lightning","Undo+1"],"picked":"Static Discharge+1","floor":31},{"not_picked":["Multi-Cast+1","Biased Cognition+1"],"picked":"Creative AI+1","floor":33},{"not_picked":["Gash+1","Go for the Eyes"],"picked":"Auto Shields+1","floor":35},{"not_picked":["Coolheaded+1","Cold Snap+1"],"picked":"Ball Lightning+1","floor":37},{"not_picked":["Stack+1","Cold Snap+1"],"picked":"Blizzard","floor":38},{"not_picked":["Scrape+1","Tempest+1"],"picked":"Redo+1","floor":45},{"not_picked":["Conserve Battery+1","Ball Lightning+1"],"picked":"Defragment+1","floor":47}],"player_experience":231308,"relics_obtained":[{"floor":6,"key":"Toxic Egg 2"},{"floor":9,"key":"Frozen Egg 2"},{"floor":11,"key":"DataDisk"},{"floor":20,"key":"Necronomicon"},{"floor":23,"key":"Calipers"},{"floor":23,"key":"Art of War"},{"floor":26,"key":"Happy Flower"},{"floor":28,"key":"Bag of Preparation"},{"floor":28,"key":"Pen Nib"},{"floor":47,"key":"Thread and Needle"}],"event_choices":[{"damage_healed":0,"gold_gain":64,"player_choice":"Gained Gold","damage_taken":0,"max_hp_gain":0,"max_hp_loss":0,"event_name":"Golden Wing","floor":4,"gold_loss":0},{"damage_healed":0,"gold_gain":0,"player_choice":"Searched \u00273\u0027 times","damage_taken":0,"relics_obtained":["Boot"],"max_hp_gain":0,"max_hp_loss":0,"event_name":"Dead Adventurer","floor":12,"gold_loss":0},{"damage_healed":0,"gold_gain":0,"player_choice":"Rummage","damage_taken":0,"relics_obtained":["WarpedTongs"],"max_hp_gain":0,"max_hp_loss":0,"event_name":"Accursed Blacksmith","floor":13,"gold_loss":0,"cards_obtained":["Pain"]},{"damage_healed":0,"gold_gain":0,"player_choice":"Obtained Book","damage_taken":16,"max_hp_gain":0,"max_hp_loss":0,"event_name":"Cursed Tome","floor":20,"gold_loss":0},{"damage_healed":0,"gold_gain":0,"player_choice":"Ignored","damage_taken":0,"max_hp_gain":0,"max_hp_loss":0,"event_name":"Ghosts","floor":30,"gold_loss":0},{"cards_removed":["Strike_B"],"damage_healed":0,"gold_gain":0,"player_choice":"Purged","damage_taken":0,"max_hp_gain":0,"max_hp_loss":0,"event_name":"Purifier","floor":36,"gold_loss":0},{"damage_healed":0,"gold_gain":0,"player_choice":"Paid","damage_taken":0,"relics_obtained":["Red Mask"],"max_hp_gain":0,"max_hp_loss":0,"event_name":"Tomb of Lord Red Mask","floor":41,"gold_loss":131},{"damage_healed":19,"gold_gain":0,"player_choice":"Writhe","damage_taken":0,"max_hp_gain":0,"max_hp_loss":0,"event_name":"Winding Halls","floor":44,"gold_loss":0,"cards_obtained":["Writhe"]},{"damage_healed":0,"gold_gain":0,"player_choice":"Fight","damage_taken":0,"max_hp_gain":0,"max_hp_loss":0,"event_name":"MindBloom","floor":47,"gold_loss":0},{"damage_healed":0,"gold_gain":0,"player_choice":"Ignored","damage_taken":0,"max_hp_gain":0,"max_hp_loss":0,"event_name":"Mysterious Sphere","floor":48,"gold_loss":0}],"is_beta":false,"boss_relics":[{"not_picked":["Snecko Eye","White Beast Statue"],"picked":"Black Star"},{"not_picked":["Tiny House","Lizard Tail"],"picked":"Inserter"}],"items_purged_floors":[22],"is_endless":false,"potions_floor_spawned":[7,11,12,16,18,23,31,35,45],"killed_by":"Shield and Spear","ascension_level":0}