{"gold_per_floor":[115,130,142,157,8,42,42,77,100,1,0,15,15,35,35,139,139,149,149,24,36,54,87,87,120,194,194,225,225,225,225,225,324,324,338,353,353,353,353,388,388,422,422,442,462,462,462,480,480,480],"floor_reached":51,"playtime":6300,"items_purged":["Strike_R"],"score":785,"play_id":"28a05c28-6741-4c38-bdea-83428052902e","local_time":"20190511210801","is_ascension_mode":true,"campfire_choices":[{"data":"Bash","floor":7.0,"key":"SMITH"},{"floor":15.0,"key":"REST"},{"floor":24.0,"key":"REST"},{"data":"Disarm","floor":27.0,"key":"SMITH"},{"floor":30.0,"key":"REST"},{"floor":32.0,"key":"REST"},{"data":"Battle Trance","floor":41.0,"key":"SMITH"},{"data":"Demon Form","floor":47,"key":"SMITH"},{"data":"Heavy Blade","floor":49,"key":"SMITH"}],"neow_cost":"NONE","seed_source_timestamp":842714907075200,"circlet_count":0,"master_deck":["Strike_R","Strike_R","Defend_R","Defend_R","Defend_R","Defend_R","Bash+1","Demon Form+1","Perfected Strike","Battle Trance+1","Headbutt","Burning Pact","Offering","Iron Wave","Heavy Blade+1","Ghostly Armor","Impervious","Shockwave","True Grit+1","Shrug It Off+1","Inflame+1","Disarm+1","Sword Boomerang+1","Reaper","True Grit+1","Decay","Flame Barrier+1","Seeing Red+1","Sword Boomerang+1","Entrench+1","Warcry+1"],"special_seed":0,"relics":["Burning Blood","Orichalcum","Art of War","Pen Nib","Ancient Tea Set","Philosopher\u0027s Stone","Bronze Scales","Nunchaku","Dodecahedron","Blood Vial","Empty Cage","Red Skull","Omamori","Meat on the Bone"],"potions_floor_usage":[45,50,50,50],"damage_taken":[{"damage":0.0,"enemies":"Cultist","floor":1.0,"turns":4.0},{"damage":15.0,"enemies":"Small Slimes","floor":2.0,"turns":5.0},{"damage":11.0,"enemies":"Jaw Worm","floor":3.0,"turns":2.0},{"damage":16.0,"enemies":"Blue Slaver","floor":4.0,"turns":4.0},{"damage":24.0,"enemies":"Lagavulin","floor":6.0,"turns":6.0},{"damage":24.0,"enemies":"3 Sentries","floor":8.0,"turns":7.0},{"damage":11.0,"enemies":"Red Slaver","floor":12.0,"turns":3.0},{"damage":4.0,"enemies":"Exordium Wildlife","floor":14.0,"turns":4.0},{"damage":17.0,"enemies":"The Guardian","floor":16.0,"turns":9.0},{"damage":7.0,"enemies":"Shell Parasite","floor":18.0,"turns":4.0},{"damage":33.0,"enemies":"3 Byrds","floor":21.0,"turns":7.0},{"damage":0.0,"enemies":"Centurion and Healer","floor":22.0,"turns":5.0},{"damage":38.0,"enemies":"Slavers","floor":23.0,"turns":7.0},{"damage":3.0,"enemies":"Book of Stabbing","floor":25.0,"turns":4.0},{"damage":50.0,"enemies":"Slavers","floor":28.0,"turns":5.0},{"damage":15.0,"enemies":"Champ","floor":33.0,"turns":7.0},{"damage":17.0,"enemies":"3 Darklings","floor":35.0,"turns":6.0},{"damage":13.0,"enemies":"Orb Walker","floor":36.0,"turns":4.0},{"damage":31.0,"enemies":"Giant Head","floor":40.0,"turns":7.0},{"damage":28.0,"enemies":"Reptomancer","floor":42.0,"turns":7.0},{"damage":41.0,"enemies":"3 Darklings","floor":44.0,"turns":6.0},{"damage":30,"enemies":"Transient","floor":45,"turns":5},{"damage":25,"enemies":"Spire Growth","floor":48,"turns":5},{"damage":46,"enemies":"Time Eater","floor":50,"turns":10}],"seed_played":"5009181884740290851","potions_obtained":[{"floor":6.0,"key":"SkillPotion"},{"floor":14.0,"key":"SteroidPotion"},{"floor":16.0,"key":"Energy Potion"},{"floor":18.0,"key":"Dexterity Potion"},{"floor":23.0,"key":"Dexterity Potion"},{"floor":36.0,"key":"SpeedPotion"},{"floor":42.0,"key":"SteroidPotion"},{"floor":45,"key":"Explosive Potion"},{"floor":48,"key":"EssenceOfSteel"}],"is_trial":false,"path_per_floor":["M","M","M","M","$","E","R","E","T","$","?","M","?","M","R","B",null,"M","?","$","M","M","E","R","E","T","R","E","?","R","?","R","B",null,"M","M","?","?","?","E","R","E","T","M","M","?","R","M","R","B",null],"character_chosen":"IRONCLAD","items_purchased":["Orichalcum","Iron Wave","Heavy Blade","True Grit"],"campfire_rested":4,"item_purchase_floors":[5,10,10,20],"current_hp_per_floor":[80,71,66,56,56,38,38,20,20,20,20,15,15,17,41,30,80,79,80,80,53,59,27,51,54,54,54,10,10,34,34,58,51,80,80,75,75,75,75,55,55,50,50,29,19,70,70,51,51,44],"gold":480,"neow_bonus":"ONE_RANDOM_RARE_CARD","is_prod":false,"is_daily":false,"chose_seed":false,"campfire_upgraded":5,"win_rate":0,"timestamp":1557623281,"path_taken":["M","M","M","M","$","E","R","E","T","?","?","M","?","?","R","BOSS","M","?","$","M","?","E","R","E","T","R","E","?","R","?","R","BOSS","M","?","?","?","?","E","R","E","T","M","?","?","R","M","R","BOSS"],"build_version":"2019-01-23","purchased_purges":1,"victory":true,"max_hp_per_floor":[80,80,80,80,80,80,80,80,80,80,80,80,80,80,80,80,80,80,80,80,80,80,80,80,80,80,80,80,80,80,80,80,80,80,80,80,80,80,80,80,80,80,80,80,80,70,70,70,70,70],"card_choices":[{"not_picked":["Sword Boomerang","True Grit"],"picked":"Perfected Strike","floor":1.0},{"not_picked":["Seeing Red","Shockwave"],"picked":"Battle Trance","floor":2.0},{"not_picked":["Dropkick","Sword Boomerang","Body Slam"],"picked":"SKIP","floor":3.0},{"not_picked":["Exhume","Hemokinesis"],"picked":"Headbutt","floor":4.0},{"not_picked":["Wild Strike","Clothesline"],"picked":"Burning Pact","floor":6.0},{"not_picked":["Cleave","Clash"],"picked":"Offering","floor":8.0},{"not_picked":["Wild Strike","Combust","Twin Strike"],"picked":"SKIP","floor":12.0},{"not_picked":["Hemokinesis","True Grit"],"picked":"Ghostly Armor","floor":14.0},{"not_picked":["Dark Embrace","Demon Form"],"picked":"Impervious","floor":16.0},{"not_picked":["Flex","Second Wind+1"],"picked":"Shockwave","floor":18.0},{"not_picked":["Flex+1","Pommel Strike"],"picked":"Shrug It Off+1","floor":21.0},{"not_picked":["Entrench+1","True Grit"],"picked":"Inflame+1","floor":22.0},{"not_picked":["Sever Soul+1","Armaments"],"picked":"Disarm","floor":23.0},{"not_picked":["Clothesline","Thunderclap+1","Wild Strike"],"picked":"SKIP","floor":25.0},{"not_picked":["Carnage+1","Clothesline"],"picked":"Sword Boomerang+1","floor":28.0},{"not_picked":["Immolate","Juggernaut"],"picked":"Reaper","floor":33.0},{"not_picked":["Bloodletting","Pommel Strike+1","Perfected Strike"],"picked":"SKIP","floor":35.0},{"not_picked":["Iron Wave+1","Twin Strike"],"picked":"True Grit+1","floor":36.0},{"not_picked":["Double Tap","Spot Weakness+1"],"picked":"Flame Barrier+1","floor":40.0},{"not_picked":["Sever Soul+1","Perfected Strike"],"picked":"Seeing Red+1","floor":42.0},{"not_picked":["Havoc+1","Blood for Blood"],"picked":"Sword Boomerang+1","floor":44.0},{"not_picked":["Feel No Pain+1","Evolve+1"],"picked":"Entrench+1","floor":45},{"not_picked":["Shrug It Off","Pummel+1"],"picked":"Warcry+1","floor":48}],"player_experience":208011,"relics_obtained":[{"floor":6.0,"key":"Art of War"},{"floor":8.0,"key":"Pen Nib"},{"floor":9.0,"key":"Ancient Tea Set"},{"floor":23.0,"key":"Bronze Scales"},{"floor":25.0,"key":"Nunchaku"},{"floor":26.0,"key":"Dodecahedron"},{"floor":28.0,"key":"Blood Vial"},{"floor":40.0,"key":"Red Skull"},{"floor":42.0,"key":"Omamori"},{"floor":43.0,"key":"Meat on the Bone"}],"event_choices":[{"damage_healed":0.0,"max_hp_gain":0.0,"max_hp_loss":0.0,"gold_gain":0.0,"event_name":"World of Goop","player_choice":"Left Gold","floor":11.0,"gold_loss":1.0,"damage_taken":0.0},{"damage_healed":0.0,"max_hp_gain":0.0,"max_hp_loss":0.0,"gold_gain":0.0,"event_name":"The Cleric","player_choice":"Leave","floor":13.0,"gold_loss":0.0,"damage_taken":0.0},{"damage_healed":1.0,"max_hp_gain":0.0,"max_hp_loss":0.0,"gold_gain":0.0,"event_name":"Wheel of Change","player_choice":"Full Heal","floor":19.0,"gold_loss":0.0,"damage_taken":0.0},{"damage_healed":0.0,"max_hp_gain":0.0,"max_hp_loss":0.0,"gold_gain":0.0,"event_name":"Vampires","player_choice":"Ignored","floor":29.0,"gold_loss":0.0,"damage_taken":0.0},{"damage_healed":0.0,"max_hp_gain":0.0,"max_hp_loss":0.0,"gold_gain":0.0,"event_name":"Accursed Blacksmith","player_choice":"Forge","floor":31.0,"gold_loss":0.0,"damage_taken":0.0,"cards_upgraded":["True Grit"]},{"damage_healed":0.0,"max_hp_gain":0.0,"max_hp_loss":0.0,"gold_gain":0.0,"event_name":"Tomb of Lord Red Mask","player_choice":"Ignored","floor":37.0,"gold_loss":0.0,"damage_taken":0.0},{"damage_healed":0.0,"max_hp_gain":0.0,"max_hp_loss":0.0,"gold_gain":0.0,"event_name":"Mysterious Sphere","player_choice":"Ignored","floor":38.0,"gold_loss":0.0,"damage_taken":0.0},{"damage_healed":0.0,"max_hp_gain":0.0,"max_hp_loss":0.0,"gold_gain":0.0,"event_name":"Wheel of Change","player_choice":"Cursed","floor":39.0,"gold_loss":0.0,"damage_taken":0.0,"cards_obtained":["Decay"]},{"damage_healed":70,"gold_gain":0,"player_choice":"Heal","damage_taken":0,"max_hp_gain":0,"max_hp_loss":10,"event_name":"The Moai Head","floor":46,"gold_loss":0}],"is_beta":false,"boss_relics":[{"not_picked":["Fusion Hammer","Astrolabe"],"picked":"Philosopher\u0027s Stone"},{"not_picked":["Black Blood","Calling Bell"],"picked":"Empty Cage"}],"items_purged_floors":[20],"is_endless":false,"potions_floor_spawned":[6,14,16,18,23,36,42,45,48],"ascension_level":1}