{"gold_per_floor":[118,118,118,137,163,163,203,203,203,478,498,529,215,236,236,356,356,374,51,51,78,97,138,138,237,262,262,262,262,262,273,273,273],"floor_reached":33,"playtime":666,"items_purged":["Strike_B"],"score":382,"play_id":"59a13c9d-acef-468e-aaa5-03cf3e3599b9","local_time":"20190516110722","is_ascension_mode":true,"campfire_choices":[{"data":"White Noise","floor":6,"key":"SMITH"},{"data":"Sunder","floor":8,"key":"SMITH"},{"floor":15,"key":"REST"},{"floor":30,"key":"REST"},{"data":"Defragment","floor":32,"key":"SMITH"}],"neow_cost":"NONE","seed_source_timestamp":2649539766670803,"circlet_count":0,"master_deck":["Strike_B","Strike_B","Defend_B","Defend_B","Defend_B","Defend_B","Zap","Dualcast","Sunder+1","White Noise+1","Sunder+1","Beam Cell","Rebound","Leap","Heatsinks","Steam","Electrodynamics","FTL","Defragment+1","Ball Lightning","Static Discharge+1","Coolheaded","FTL+1"],"relics":["FrozenCore","NeowsBlessing","Bloody Idol","Juzu Bracelet","Darkstone Periapt","Omamori","Lantern","Strawberry","ClockworkSouvenir","Art of War","Bottled Flame","PreservedInsect"],"potions_floor_usage":[23],"damage_taken":[{"damage":0,"enemies":"Small Slimes","floor":1,"turns":1},{"damage":0,"enemies":"2 Louse","floor":4,"turns":1},{"damage":0,"enemies":"Lagavulin","floor":7,"turns":1},{"damage":0,"enemies":"Cultist","floor":11,"turns":2},{"damage":12,"enemies":"3 Sentries","floor":12,"turns":3},{"damage":7,"enemies":"Exordium Wildlife","floor":14,"turns":2},{"damage":10,"enemies":"Slime Boss","floor":16,"turns":9},{"damage":17,"enemies":"3 Byrds","floor":18,"turns":5},{"damage":1,"enemies":"Chosen","floor":22,"turns":3},{"damage":40,"enemies":"Book of Stabbing","floor":23,"turns":5},{"damage":8,"enemies":"Snake Plant","floor":31,"turns":4},{"damage":53,"enemies":"Automaton","floor":33,"turns":6}],"seed_played":"-8605374625517799700","potions_obtained":[{"floor":7,"key":"AttackPotion"},{"floor":12,"key":"Strength Potion"},{"floor":14,"key":"Dexterity Potion"},{"floor":16,"key":"Ancient Potion"},{"floor":31,"key":"LiquidBronze"}],"is_trial":false,"path_per_floor":["M","?","?","M","T","R","E","R","T","?","M","E","$","M","R","B",null,"M","$","$","T","M","E","?","?","T","?","?","?","R","M","R","B"],"character_chosen":"DEFECT","items_purchased":["Leap","Strawberry","Heatsinks","Defragment","Ball Lightning","ClockworkSouvenir"],"campfire_rested":2,"item_purchase_floors":[13,13,13,19,19,19],"current_hp_per_floor":[68,50,50,50,50,50,50,50,50,50,50,38,45,38,62,52,75,58,58,58,58,57,17,17,22,27,27,27,27,51,48,48,0],"gold":273,"neow_bonus":"THREE_ENEMY_KILL","is_prod":false,"is_daily":false,"chose_seed":false,"campfire_upgraded":3,"win_rate":0,"timestamp":1557961642,"path_taken":["M","?","?","?","?","R","E","R","T","?","M","E","$","M","R","BOSS","M","?","$","?","M","E","?","?","T","?","?","?","R","M","R","BOSS"],"build_version":"2019-01-23","purchased_purges":1,"victory":false,"max_hp_per_floor":[75,75,75,75,75,75,75,75,75,75,75,75,82,82,82,82,82,82,82,82,82,82,82,82,82,82,82,82,82,82,82,82,82],"card_choices":[{"not_picked":["Coolheaded","Streamline"],"picked":"Sunder","floor":1},{"not_picked":["Barrage","Blizzard"],"picked":"White Noise","floor":4},{"not_picked":["Redo","Gash"],"picked":"Sunder","floor":7},{"not_picked":["Stack","Steam"],"picked":"Beam Cell","floor":11},{"not_picked":["Streamline","Beam Cell"],"picked":"Rebound","floor":12},{"not_picked":["Compile Driver","Redo"],"picked":"Steam","floor":14},{"not_picked":["Reboot","Multi-Cast"],"picked":"Electrodynamics","floor":16},{"not_picked":["Genetic Algorithm","Compile Driver+1"],"picked":"FTL","floor":18},{"not_picked":["Hello World","Steam"],"picked":"Static Discharge+1","floor":22},{"not_picked":["Compile Driver","Darkness"],"picked":"Coolheaded","floor":23},{"not_picked":["Cold Snap","Hyperbeam"],"picked":"FTL+1","floor":31}],"player_experience":271324,"relics_obtained":[{"floor":5,"key":"Juzu Bracelet"},{"floor":7,"key":"Darkstone Periapt"},{"floor":9,"key":"Omamori"},{"floor":12,"key":"Lantern"},{"floor":21,"key":"Art of War"},{"floor":23,"key":"Bottled Flame"},{"floor":26,"key":"PreservedInsect"}],"event_choices":[{"damage_healed":0,"gold_gain":0,"player_choice":"Take Damage","damage_taken":18,"relics_obtained":["Golden Idol"],"max_hp_gain":0,"max_hp_loss":0,"event_name":"Golden Idol","floor":2,"gold_loss":0},{"damage_healed":0,"gold_gain":0,"player_choice":"Upgraded","damage_taken":0,"max_hp_gain":0,"max_hp_loss":0,"event_name":"Upgrade Shrine","floor":3,"gold_loss":0,"cards_upgraded":["Sunder"]},{"damage_healed":0,"gold_gain":275,"player_choice":"Desecrate","damage_taken":0,"max_hp_gain":0,"max_hp_loss":0,"event_name":"Golden Shrine","floor":10,"gold_loss":0,"cards_obtained":["Regret"]},{"damage_healed":0,"gold_gain":0,"player_choice":"Gave Idol","damage_taken":0,"relics_obtained":["Bloody Idol"],"max_hp_gain":0,"max_hp_loss":0,"event_name":"Forgotten Altar","floor":24,"relics_lost":["Golden Idol"],"gold_loss":0},{"damage_healed":0,"gold_gain":99,"player_choice":"Stole From Cult","damage_taken":0,"max_hp_gain":0,"max_hp_loss":0,"event_name":"Nest","floor":25,"gold_loss":0},{"damage_healed":0,"gold_gain":0,"player_choice":"Ignored","damage_taken":0,"max_hp_gain":0,"max_hp_loss":0,"event_name":"Cursed Tome","floor":27,"gold_loss":0},{"damage_healed":0,"gold_gain":0,"player_choice":"Ignored","damage_taken":0,"max_hp_gain":0,"max_hp_loss":0,"event_name":"Ghosts","floor":28,"gold_loss":0},{"cards_removed":["Strike_B"],"damage_healed":0,"gold_gain":0,"player_choice":"Card Removal","damage_taken":0,"max_hp_gain":0,"max_hp_loss":0,"event_name":"Wheel of Change","floor":29,"gold_loss":0}],"is_beta":false,"boss_relics":[{"not_picked":["Calling Bell","White Beast Statue"],"picked":"FrozenCore"}],"items_purged_floors":[13],"is_endless":false,"potions_floor_spawned":[7,12,14,16,31],"killed_by":"Automaton","ascension_level":6}