{"gold_per_floor":[117,117,117,168,191,191,211,211,234,234,234,278,294,317,317,442,442,382,165,165,165,165,165,165,165,165,165,165,0,0,0,0,0],"floor_reached":33,"playtime":1118,"items_purged":["Strike_G"],"score":316,"play_id":"42cf5b0f-f68a-4ef5-9544-e4cbfdc7577c","local_time":"20190502183456","is_ascension_mode":true,"campfire_choices":[{"data":"Noxious Fumes","floor":6,"key":"SMITH"},{"data":"Neutralize","floor":8,"key":"SMITH"},{"floor":10,"key":"REST"},{"floor":15,"key":"REST"},{"floor":24,"key":"REST"},{"floor":27,"key":"REST"},{"floor":30,"key":"REST"},{"floor":32,"key":"REST"}],"neow_cost":"NONE","seed_source_timestamp":1466331561434267,"circlet_count":0,"master_deck":["Defend_G","Defend_G","Defend_G","Defend_G","Strike_G","Survivor","Neutralize+1","Noxious Fumes+1","Poisoned Stab","PiercingWail","Reflex","Catalyst","Bane","Caltrops","Malaise","Flying Knee","Noxious Fumes","Bouncing Flask","Deadly Poison","Dodge and Roll+1","Well Laid Plans+1"],"relics":["Empty Cage","Pear","Golden Idol","Bronze Scales","Potion Belt","Snake Skull","Ectoplasm","Juzu Bracelet","WingedGreaves","Gremlin Horn"],"potions_floor_usage":[16,23],"damage_taken":[{"damage":1,"enemies":"2 Louse","floor":1,"turns":3},{"damage":2,"enemies":"Jaw Worm","floor":5,"turns":5},{"damage":0,"enemies":"Cultist","floor":7,"turns":3},{"damage":27,"enemies":"Lagavulin","floor":12,"turns":7},{"damage":10,"enemies":"Gremlin Gang","floor":13,"turns":4},{"damage":7,"enemies":"2 Fungi Beasts","floor":14,"turns":3},{"damage":40,"enemies":"Slime Boss","floor":16,"turns":11},{"damage":28,"enemies":"2 Thieves","floor":18,"turns":4},{"damage":20,"enemies":"Spheric Guardian","floor":20,"turns":4},{"damage":12,"enemies":"Gremlin Leader","floor":23,"turns":6},{"damage":23,"enemies":"Centurion and Healer","floor":25,"turns":5},{"damage":20,"enemies":"Shelled Parasite and Fungi","floor":31,"turns":4},{"damage":75,"enemies":"Collector","floor":33,"turns":7}],"seed_played":"302020026374779088","potions_obtained":[{"floor":1,"key":"GhostInAJar"},{"floor":5,"key":"GamblersBrew"},{"floor":16,"key":"GhostInAJar"},{"floor":20,"key":"Ancient Potion"},{"floor":25,"key":"Strength Potion"}],"is_trial":false,"path_per_floor":["M","?","?","T","M","R","M","R","T","R","?","E","M","M","R","B",null,"M","$","M","?","?","E","R","M","T","R","?","?","R","M","R","B"],"character_chosen":"THE_SILENT","items_purchased":["Noxious Fumes","Bouncing Flask"],"campfire_rested":6,"item_purchase_floors":[19,19],"current_hp_per_floor":[69,72,52,52,50,50,50,50,50,74,74,47,37,30,54,14,80,52,52,32,32,32,20,44,21,21,45,45,45,69,49,73,0],"gold":0,"neow_bonus":"BOSS_RELIC","is_prod":false,"is_daily":false,"chose_seed":false,"campfire_upgraded":2,"win_rate":0,"timestamp":1556778896,"path_taken":["M","?","?","?","M","R","M","R","T","R","?","E","M","?","R","BOSS","M","$","?","?","?","E","R","M","T","R","?","?","R","M","R","BOSS"],"build_version":"2019-01-23","purchased_purges":1,"victory":false,"max_hp_per_floor":[70,80,80,80,80,80,80,80,80,80,80,80,80,80,80,80,80,80,80,80,80,80,80,80,80,80,80,80,80,80,80,80,80],"card_choices":[{"not_picked":["Catalyst","Heel Hook"],"picked":"Noxious Fumes","floor":1},{"not_picked":["Blade Dance","Sucker Punch"],"picked":"Poisoned Stab","floor":5},{"not_picked":["Bane","Escape Plan"],"picked":"PiercingWail","floor":7},{"not_picked":["Riddle With Holes","Acrobatics"],"picked":"Catalyst","floor":12},{"not_picked":["Flechettes","Adrenaline"],"picked":"Bane","floor":13},{"not_picked":["Underhanded Strike","Prepared"],"picked":"Caltrops","floor":14},{"not_picked":["Night Terror","Bullet Time"],"picked":"Malaise","floor":16},{"not_picked":["Skewer","Blade Dance+1"],"picked":"Flying Knee","floor":18},{"not_picked":["Choke+1","Predator","Dagger Throw+1"],"picked":"SKIP","floor":20},{"not_picked":["Flying Knee","Endless Agony"],"picked":"Deadly Poison","floor":23},{"not_picked":["Underhanded Strike","Deadly Poison+1"],"picked":"Dodge and Roll+1","floor":25},{"not_picked":["Catalyst","PiercingWail"],"picked":"Well Laid Plans+1","floor":31}],"player_experience":157236,"relics_obtained":[{"floor":4,"key":"Bronze Scales"},{"floor":9,"key":"Potion Belt"},{"floor":12,"key":"Snake Skull"},{"floor":23,"key":"WingedGreaves"}],"event_choices":[{"damage_healed":0,"gold_gain":0,"player_choice":"Success","damage_taken":7,"relics_obtained":["Pear"],"max_hp_gain":0,"max_hp_loss":0,"event_name":"Scrap Ooze","floor":2,"gold_loss":0},{"damage_healed":0,"gold_gain":0,"player_choice":"Take Damage","damage_taken":20,"relics_obtained":["Golden Idol"],"max_hp_gain":0,"max_hp_loss":0,"event_name":"Golden Idol","floor":3,"gold_loss":0},{"damage_healed":0,"gold_gain":0,"cards_transformed":["Strike_G"],"player_choice":"Transformed","damage_taken":0,"max_hp_gain":0,"max_hp_loss":0,"event_name":"Transmorgrifier","floor":11,"gold_loss":0,"cards_obtained":["Reflex"]},{"damage_healed":0,"gold_gain":0,"player_choice":"Gave Potion","damage_taken":0,"relics_obtained":["Juzu Bracelet"],"max_hp_gain":0,"max_hp_loss":0,"event_name":"WeMeetAgain","floor":21,"gold_loss":0},{"cards_removed":["Strike_G"],"damage_healed":0,"gold_gain":0,"player_choice":"Purged","damage_taken":0,"max_hp_gain":0,"max_hp_loss":0,"event_name":"Purifier","floor":22,"gold_loss":0},{"damage_healed":0,"gold_gain":0,"player_choice":"Opened","damage_taken":0,"relics_obtained":["Gremlin Horn"],"max_hp_gain":0,"max_hp_loss":0,"event_name":"The Mausoleum","floor":28,"gold_loss":0},{"damage_healed":0,"gold_gain":0,"player_choice":"Paid Fearfully","damage_taken":0,"max_hp_gain":0,"max_hp_loss":0,"event_name":"Masked Bandits","floor":29,"gold_loss":165}],"is_beta":false,"boss_relics":[{"not_picked":["Eternal Feather","WristBlade"],"picked":"Ectoplasm"}],"items_purged_floors":[19],"is_endless":false,"potions_floor_spawned":[1,5,16,20,25],"killed_by":"Collector","ascension_level":4}