{"gold_per_floor":[114,130,130,146,146,146,21,21,21,21,53,53,70,131,131,227,227,241,260,287,387,287,318,318,352,377,377,393,406,419,433,433,531,531,543,543,561,580,455,455,455,467,493,493,493,513,363,413,413,413],"floor_reached":50,"playtime":3065,"items_purged":["Strike_R","Strike_R","Regret","Decay"],"score":529,"play_id":"4ef220d1-e201-466d-9019-0cb91433a713","local_time":"20180828130625","is_ascension_mode":true,"campfire_choices":[{"floor":6,"key":"REST"},{"data":"Whirlwind","floor":8,"key":"SMITH"},{"data":"Bash","floor":10,"key":"SMITH"},{"data":"Armaments","floor":12,"key":"SMITH"},{"floor":15,"key":"REST"},{"floor":24,"key":"REST"},{"data":"Shrug It Off","floor":27,"key":"SMITH"},{"floor":32,"key":"REST"},{"floor":41,"key":"REST"},{"floor":44,"key":"REST"},{"floor":49,"key":"REST"}],"neow_cost":"PERCENT_DAMAGE","seed_source_timestamp":753047906117202,"circlet_count":0,"master_deck":["Strike_R+1","Strike_R+1","Defend_R","Defend_R","Defend_R","Defend_R","Bash+1","Whirlwind+1","Flex","Armaments+1","Wild Strike","Perfected Strike","Perfected Strike+1","Shrug It Off+1","Evolve+1","Warcry","Warcry+1","Perfected Strike","Injury","Whirlwind+1","Pommel Strike+1","Shrug It Off","Madness","Madness","Shrug It Off+1"],"relics":["Burning Blood","Incense Burner","Kunai","Lantern","Potion Belt","Sozu","Red Mask","Bird Faced Urn","Frozen Egg 2","Whetstone","Matryoshka","Art of War","Orichalcum","Calling Bell","Strawberry","Molten Egg 2","Gambling Chip","Bronze Scales","Blood Vial","Torii","Pen Nib"],"potions_floor_usage":[11,11,16,16,21],"damage_taken":[{"damage":17,"enemies":"Small Slimes","floor":1,"turns":5},{"damage":2,"enemies":"2 Louse","floor":2,"turns":3},{"damage":9,"enemies":"Jaw Worm","floor":4,"turns":6},{"damage":10,"enemies":"Gremlin Nob","floor":11,"turns":3},{"damage":4,"enemies":"2 Fungi Beasts","floor":13,"turns":4},{"damage":25,"enemies":"Gremlin Nob","floor":14,"turns":4},{"damage":11,"enemies":"Slime Boss","floor":16,"turns":8},{"damage":0,"enemies":"3 Byrds","floor":18,"turns":4},{"damage":13,"enemies":"Shell Parasite","floor":19,"turns":4},{"damage":0,"enemies":"Masked Bandits","floor":20,"turns":1},{"damage":5,"enemies":"Colosseum Slavers","floor":21,"turns":3},{"damage":41,"enemies":"Colosseum Nobs","floor":21,"turns":4},{"damage":22,"enemies":"Gremlin Leader","floor":23,"turns":6},{"damage":31,"enemies":"Book of Stabbing","floor":25,"turns":6},{"damage":12,"enemies":"Shelled Parasite and Fungi","floor":28,"turns":4},{"damage":0,"enemies":"Snecko","floor":29,"turns":6},{"damage":0,"enemies":"3 Cultists","floor":30,"turns":3},{"damage":10,"enemies":"Snake Plant","floor":31,"turns":2},{"damage":86,"enemies":"Champ","floor":33,"turns":12},{"damage":32,"enemies":"3 Darklings","floor":35,"turns":4},{"damage":14,"enemies":"Orb Walker","floor":37,"turns":4},{"damage":29,"enemies":"4 Shapes","floor":38,"turns":3},{"damage":15,"enemies":"Sphere and 2 Shapes","floor":42,"turns":3},{"damage":18,"enemies":"Mind Bloom Boss Battle","floor":45,"turns":5},{"damage":10,"enemies":"3 Darklings","floor":46,"turns":3},{"damage":105,"enemies":"Time Eater","floor":50,"turns":11}],"seed_played":"-2553720096565540688","potions_obtained":[{"floor":2,"key":"SteroidPotion"},{"floor":4,"key":"Weak Potion"},{"floor":13,"key":"Dexterity Potion"},{"floor":14,"key":"Explosive Potion"},{"floor":14,"key":"AttackPotion"}],"is_trial":false,"path_per_floor":["M","M","?","M","?","R","$","R","T","R","E","R","M","?","R","B",null,"M","M","?","?","$","E","R","E","T","R","M","M","M","M","R","B",null,"M","?","M","M","$","?","R","M","T","R","?","M","$","T","R"],"character_chosen":"IRONCLAD","items_purchased":["Flex"],"campfire_rested":7,"item_purchase_floors":[7],"current_hp_per_floor":[58,62,55,52,34,62,62,62,62,62,58,58,60,41,69,64,96,96,89,95,61,61,45,73,50,50,50,46,54,62,58,86,8,103,77,77,69,46,46,33,63,54,54,84,76,74,74,74,103,0],"gold":413,"neow_bonus":"TWENTY_PERCENT_HP_BONUS","is_prod":false,"is_daily":false,"chose_seed":false,"campfire_upgraded":4,"win_rate":0,"timestamp":1535429185,"path_taken":["M","M","?","M","?","R","$","R","T","R","E","R","?","?","R","BOSS","M","M","?","?","$","E","R","E","T","R","M","?","?","M","R","BOSS","M","?","M","M","$","?","R","M","T","R","?","M","$","?","R","BOSS"],"build_version":"2018-08-23v2","purchased_purges":4,"victory":false,"max_hp_per_floor":[96,96,96,96,96,96,96,96,96,96,96,96,96,96,96,96,96,96,96,96,96,96,96,96,96,96,96,96,96,96,96,96,96,103,103,103,103,103,103,103,103,103,103,103,103,103,103,103,103,103],"card_choices":[{"not_picked":["Anger","Entrench","True Grit"],"picked":"SKIP","floor":1},{"not_picked":["Headbutt","Clash"],"picked":"Whirlwind","floor":2},{"not_picked":["Carnage","Sword Boomerang","Metallicize"],"picked":"SKIP","floor":4},{"not_picked":["Cleave","Battle Trance"],"picked":"Armaments","floor":11},{"not_picked":["Sword Boomerang","Dark Embrace"],"picked":"Wild Strike","floor":13},{"not_picked":["Anger","Havoc"],"picked":"Perfected Strike","floor":14},{"not_picked":["Twin Strike","Pummel","Second Wind"],"picked":"SKIP","floor":18},{"not_picked":["Pommel Strike","Shockwave+1"],"picked":"Perfected Strike+1","floor":19},{"not_picked":["Body Slam","Anger+1"],"picked":"Shrug It Off","floor":21},{"not_picked":["Feel No Pain+1","Perfected Strike"],"picked":"Evolve+1","floor":23},{"not_picked":["Flex","Intimidate+1","Twin Strike"],"picked":"SKIP","floor":25},{"not_picked":["Armaments","Battle Trance"],"picked":"Warcry","floor":28},{"not_picked":["Thunderclap","Limit Break","Havoc"],"picked":"SKIP","floor":29},{"not_picked":["Battle Trance","Anger"],"picked":"Warcry+1","floor":30},{"not_picked":["Clothesline","Body Slam+1"],"picked":"Perfected Strike","floor":31},{"not_picked":["Rage+1","Clothesline+1"],"picked":"Whirlwind+1","floor":35},{"not_picked":["Armaments+1","Twin Strike+1"],"picked":"Pommel Strike+1","floor":37},{"not_picked":["Perfected Strike+1","Uppercut+1"],"picked":"Shrug It Off","floor":38},{"not_picked":["Rampage+1","Uppercut+1","Reaper+1"],"picked":"SKIP","floor":42},{"not_picked":["Evolve+1","Battle Trance+1"],"picked":"Shrug It Off+1","floor":45},{"not_picked":["Sentinel+1","Thunderclap+1","Havoc"],"picked":"SKIP","floor":46}],"player_experience":157849,"relics_obtained":[{"floor":9,"key":"Kunai"},{"floor":11,"key":"Lantern"},{"floor":14,"key":"Potion Belt"},{"floor":20,"key":"Red Mask"},{"floor":21,"key":"Bird Faced Urn"},{"floor":21,"key":"Frozen Egg 2"},{"floor":23,"key":"Whetstone"},{"floor":25,"key":"Matryoshka"},{"floor":26,"key":"Art of War"},{"floor":26,"key":"Orichalcum"},{"floor":34,"key":"Strawberry"},{"floor":34,"key":"Molten Egg 2"},{"floor":34,"key":"Gambling Chip"},{"floor":43,"key":"Bronze Scales"},{"floor":43,"key":"Blood Vial"},{"floor":45,"key":"Torii"},{"floor":48,"key":"Pen Nib"}],"event_choices":[{"event_name":"Golden Wing","player_choice":"Card Removal","floor":3,"damage_taken":0},{"event_name":"Scrap Ooze","player_choice":"success","floor":5,"damage_taken":18},{"event_name":"Dead Adventurer","player_choice":"Searched \u00272\u0027 times","floor":14,"damage_taken":0},{"event_name":"Masked Bandits","player_choice":"Fought Bandits","floor":20,"damage_taken":0},{"event_name":"Colosseum","player_choice":"Fight","floor":21,"damage_taken":0},{"event_name":"Colosseum","player_choice":"Fought Nobs","floor":21,"damage_taken":0},{"event_name":"The Lab","player_choice":"Got Potions","floor":36,"damage_taken":0},{"event_name":"Winding Halls","player_choice":"Embrace Madness","floor":40,"damage_taken":0},{"event_name":"MindBloom","player_choice":"Fight","floor":45,"damage_taken":0}],"is_beta":false,"boss_relics":[{"not_picked":["Mark of Pain","Black Blood"],"picked":"Sozu"},{"not_picked":["White Beast Statue","Runic Cube"],"picked":"Calling Bell"}],"items_purged_floors":[7,22,39,47],"is_endless":false,"potions_floor_spawned":[2,4,13,14,14,19,20,21,28,29,31,37],"killed_by":"Time Eater","ascension_level":1}