{"gold_per_floor":[119,194,444,463,483,483,285,285,285,285,296,296,50,61,61,160,160,178,178,0,0,0,0,0,0,0,18,18,18,33,50,50,151,151,171,184,197,210,210,210,224,17,17,27,27],"floor_reached":45,"playtime":2782,"items_purged":["Strike_B","Regret"],"score":405,"play_id":"6d756dc3-387a-4eca-a39c-4d8dc5b6c3c5","local_time":"20180710015919","is_ascension_mode":false,"campfire_choices":[{"data":"Ball Lightning","floor":6,"key":"SMITH"},{"data":"Zap","floor":8,"key":"SMITH"},{"data":"Dualcast","floor":12,"key":"SMITH"},{"data":"Conserve Battery","floor":15,"key":"SMITH"},{"floor":23,"key":"REST"},{"floor":25,"key":"REST"},{"data":"Storm","floor":29,"key":"SMITH"},{"data":"Defragment","floor":32,"key":"SMITH"},{"floor":40,"key":"REST"}],"neow_cost":"NONE","seed_source_timestamp":274010296919871,"circlet_count":0,"master_deck":["Zap+1","Dualcast+1","Self Repair","Ball Lightning+1","Self Repair","Stack","Storm+1","Conserve Battery+1","Fission","Defragment","Static Discharge","Defragment+1","FTL+1","Compile Driver","Conserve Battery","Machine Learning","Fusion","Hologram","Gash","Go for the Eyes","Ball Lightning","Consume","Stack+1","Go for the Eyes+1","Barrage+1","Ball Lightning","Leap+1","Creative AI","Bandage Up","Conserve Battery+1"],"relics":["Cracked Core","Incense Burner","Juzu Bracelet","Lizard Tail","Oddly Smooth Stone","The Courier","Pandora\u0027s Box","Matryoshka"],"potions_floor_usage":[16,16,33,44],"damage_taken":[{"damage":0,"enemies":"Cultist","floor":1,"turns":3},{"damage":10,"enemies":"Jaw Worm","floor":4,"turns":3},{"damage":5,"enemies":"2 Louse","floor":5,"turns":3},{"damage":12,"enemies":"Exordium Thugs","floor":11,"turns":4},{"damage":2,"enemies":"Gremlin Gang","floor":14,"turns":5},{"damage":21,"enemies":"Hexaghost","floor":16,"turns":11},{"damage":63,"enemies":"3 Byrds","floor":18,"turns":7},{"damage":0,"enemies":"Spheric Guardian","floor":27,"turns":5},{"damage":15,"enemies":"Snecko","floor":30,"turns":5},{"damage":12,"enemies":"Sentry and Sphere","floor":31,"turns":4},{"damage":73,"enemies":"Champ","floor":33,"turns":9},{"damage":32,"enemies":"3 Darklings","floor":35,"turns":6},{"damage":16,"enemies":"3 Shapes","floor":36,"turns":4},{"damage":47,"enemies":"Maw","floor":37,"turns":8},{"damage":19,"enemies":"Sphere and 2 Shapes","floor":38,"turns":4},{"damage":2,"enemies":"4 Shapes","floor":41,"turns":5},{"damage":28,"enemies":"Maw","floor":44,"turns":6},{"damage":41,"enemies":"3 Darklings","floor":45,"turns":4}],"seed_played":"3783464833888775023","potions_obtained":[{"floor":1,"key":"Poison Potion"},{"floor":14,"key":"Dexterity Potion"},{"floor":16,"key":"Ancient Potion"},{"floor":33,"key":"Dexterity Potion"},{"floor":36,"key":"Weak Potion"},{"floor":37,"key":"Ancient Potion"}],"is_trial":false,"path_per_floor":["M","?","?","M","M","R","$","R","T","?","M","R","$","M","R","B",null,"M","?","$","?","?","R","?","R","T","M","?","R","M","M","R","B",null,"M","M","M","M","?","R","M","$","T","M"],"character_chosen":"DEFECT","items_purchased":["Stack","Storm","Juzu Bracelet","Static Discharge","Oddly Smooth Stone","Creative AI","Bandage Up"],"campfire_rested":3,"item_purchase_floors":[7,7,13,20,20,42,42],"current_hp_per_floor":[75,64,64,61,63,63,63,63,63,48,50,50,50,62,62,55,75,26,12,12,3,3,27,27,51,51,65,65,65,64,66,66,54,80,62,60,27,15,15,39,44,44,44,34,0],"gold":27,"neow_bonus":"REMOVE_CARD","is_prod":false,"is_daily":false,"chose_seed":false,"campfire_upgraded":6,"win_rate":0.0,"timestamp":1531155559,"path_taken":["M","?","?","?","?","R","$","R","T","?","M","R","$","M","R","BOSS","M","?","$","?","?","R","?","R","T","M","?","R","M","M","R","BOSS","M","M","M","M","?","R","M","?","T","M","M"],"build_version":"2018-07-05","purchased_purges":2,"victory":false,"max_hp_per_floor":[75,75,75,75,75,75,75,75,75,75,75,75,75,75,75,75,75,75,80,80,80,80,80,80,80,80,80,80,80,80,80,80,80,80,80,80,80,80,80,80,80,80,80,80,80],"card_choices":[{"not_picked":["Steam Power","Rebound"],"picked":"Self Repair","floor":1},{"not_picked":["Steam","Rebound"],"picked":"Ball Lightning","floor":4},{"not_picked":["Tempest","Fusion"],"picked":"Self Repair","floor":5},{"not_picked":["Storm","Fusion","Gash"],"picked":"SKIP","floor":11},{"not_picked":["FTL","Stack"],"picked":"Conserve Battery","floor":14},{"not_picked":["Amplify","All For One"],"picked":"Fission","floor":16},{"not_picked":["Redo+1","Lockon"],"picked":"Defragment","floor":18},{"not_picked":["Steam","Aggregate"],"picked":"FTL+1","floor":27},{"not_picked":["Rebound","Coolheaded"],"picked":"Compile Driver","floor":30},{"not_picked":["Go for the Eyes","Cold Snap+1"],"picked":"Conserve Battery","floor":31},{"not_picked":["Echo Form","Buffer"],"picked":"Machine Learning","floor":33},{"not_picked":["Melter","Gash"],"picked":"Stack+1","floor":35},{"not_picked":["Chaos+1","Sweeping Beam+1"],"picked":"Go for the Eyes+1","floor":36},{"not_picked":["Stack+1","Cold Snap+1"],"picked":"Barrage+1","floor":37},{"not_picked":["Gash+1","Redo+1"],"picked":"Ball Lightning","floor":38},{"not_picked":["Conserve Battery+1","Coolheaded"],"picked":"Leap+1","floor":41},{"not_picked":["Rainbow","Steam"],"picked":"Conserve Battery+1","floor":44}],"player_experience":109631,"relics_obtained":[{"floor":9,"key":"Incense Burner"},{"floor":26,"key":"The Courier"},{"floor":43,"key":"Matryoshka"}],"event_choices":[{"event_name":"World of Goop","player_choice":"Gather Gold","floor":2,"damage_taken":0},{"event_name":"Golden Shrine","player_choice":"Desecrate","floor":3,"damage_taken":0},{"event_name":"Shining Light","player_choice":"Entered Light","floor":10,"damage_taken":0},{"event_name":"Forgotten Altar","player_choice":"Shed Blood","floor":19,"damage_taken":0},{"event_name":"Cursed Tome","player_choice":"Stopped","floor":21,"damage_taken":0},{"event_name":"Duplicator","player_choice":"One dupe","floor":22,"damage_taken":0},{"event_name":"Masked Bandits","player_choice":"Paid Bandits 0 gold","floor":24,"damage_taken":0},{"event_name":"Drug Dealer","player_choice":"Ignored","floor":28,"damage_taken":0},{"event_name":"Tomb of Lord Red Mask","player_choice":"Ignored","floor":39,"damage_taken":0}],"boss_relics":[{"not_picked":["Philosopher\u0027s Stone","Calling Bell"],"picked":"Lizard Tail"},{"not_picked":["Black Star","Orrery"],"picked":"Pandora\u0027s Box"}],"items_purged_floors":[7,13],"is_endless":false,"potions_floor_spawned":[1,14,16,33,36,37,38],"killed_by":"3 Darklings","ascension_level":0}