{"gold_per_floor":[116,116,127,145,34,34,93,93,165,165,199,263,291,303,303,400,400,417,442,469,482,482,482,542,542,542,555,575,71,71,85,85,183,183,203,303,90,101,26,26,26,46,69,80,96,116,116,76,76,76],"floor_reached":50,"playtime":1801,"items_purged":["Defend_B","Strike_B","Strike_B","Strike_B"],"score":619,"play_id":"61b81327-c5b9-4fe3-bdb4-1c99571c0184","local_time":"20181208090951","is_ascension_mode":true,"campfire_choices":[{"data":"Dualcast","floor":6.0,"key":"SMITH"},{"data":"Conserve Battery","floor":8.0,"key":"SMITH"},{"data":"Undo","floor":10.0,"key":"SMITH"},{"data":"Conserve Battery","floor":15.0,"key":"SMITH"},{"data":"Biased Cognition","floor":23.0,"key":"SMITH"},{"data":"Biased Cognition","floor":25.0,"key":"SMITH"},{"data":"Ball Lightning","floor":30.0,"key":"SMITH"},{"floor":32.0,"key":"REST"},{"data":"Echo Form","floor":40.0,"key":"SMITH"},{"floor":47.0,"key":"REST"},{"data":"Storm","floor":49,"key":"SMITH"}],"neow_cost":"NONE","seed_source_timestamp":2006765050712442,"circlet_count":0,"master_deck":["Strike_B","Defend_B","Defend_B","Defend_B","Zap+1","Dualcast+1","Conserve Battery+1","Undo+1","Melter","Capacitor","Auto Shields+1","Conserve Battery+1","Biased Cognition+1","Stack","Sweeping Beam","Biased Cognition+1","Zap+1","Chill+1","Loop+1","Defragment","Ball Lightning+1","Dramatic Entrance","Amplify","Storm+1","Echo Form+1","Leap+1"],"special_seed":0,"relics":["Cracked Core","Letter Opener","Blood Vial","Pantograph","Dream Catcher","Kunai","Sozu","Red Mask","Centennial Puzzle","Tiny Chest","Bottled Flame","Membership Card","Lantern","War Paint","Inserter","Torii","Regal Pillow"],"potions_floor_usage":[],"damage_taken":[{"damage":2.0,"enemies":"Jaw Worm","floor":1.0,"turns":3.0},{"damage":3.0,"enemies":"Small Slimes","floor":3.0,"turns":4.0},{"damage":0.0,"enemies":"Cultist","floor":4.0,"turns":3.0},{"damage":3.0,"enemies":"3 Sentries","floor":7.0,"turns":7.0},{"damage":2.0,"enemies":"Gremlin Nob","floor":11.0,"turns":4.0},{"damage":0.0,"enemies":"3 Sentries","floor":13.0,"turns":6.0},{"damage":0.0,"enemies":"Gremlin Gang","floor":14.0,"turns":4.0},{"damage":64.0,"enemies":"Slime Boss","floor":16.0,"turns":19.0},{"damage":10.0,"enemies":"2 Thieves","floor":18.0,"turns":5.0},{"damage":3.0,"enemies":"Masked Bandits","floor":19.0,"turns":4.0},{"damage":3.0,"enemies":"Shell Parasite","floor":21.0,"turns":6.0},{"damage":13.0,"enemies":"Gremlin Leader","floor":24.0,"turns":6.0},{"damage":0.0,"enemies":"Sentry and Sphere","floor":27.0,"turns":2.0},{"damage":8.0,"enemies":"Snecko","floor":28.0,"turns":3.0},{"damage":8.0,"enemies":"Chosen and Byrds","floor":31.0,"turns":5.0},{"damage":26.0,"enemies":"Collector","floor":33.0,"turns":7.0},{"damage":7.0,"enemies":"Orb Walker","floor":35.0,"turns":3.0},{"damage":15.0,"enemies":"3 Darklings","floor":38.0,"turns":3.0},{"damage":0.0,"enemies":"Sphere and 2 Shapes","floor":42.0,"turns":2.0},{"damage":52.0,"enemies":"Writhing Mass","floor":44.0,"turns":5.0},{"damage":1.0,"enemies":"Transient","floor":45.0,"turns":5.0},{"damage":0.0,"enemies":"Maw","floor":46.0,"turns":6.0},{"damage":81,"enemies":"Time Eater","floor":50,"turns":5}],"seed_played":"-51486366859953120","potions_obtained":[{"floor":4.0,"key":"EssenceOfSteel"},{"floor":7.0,"key":"SkillPotion"},{"floor":14.0,"key":"Swift Potion"},{"floor":16.0,"key":"Energy Potion"}],"is_trial":false,"path_per_floor":["M","?","M","M","$","R","?","R","T","R","E","?","E","M","R","B",null,"M","?","T","M","?","R","E","R","T","M","M","$","R","M","R","B",null,"M","?","$","M","$","R","$","M","T","M","M","M","R","?","R","B"],"character_chosen":"DEFECT","items_purchased":["Capacitor","Membership Card","Defragment","Ball Lightning","Lantern","War Paint","Dramatic Entrance","Torii"],"campfire_rested":2,"item_purchase_floors":[5,29,29,29,29,29,29,37],"current_hp_per_floor":[73,55,52,52,52,52,49,49,49,49,49,49,51,53,53,11,59,51,50,50,49,49,49,38,38,38,40,34,34,34,28,50,49,69,64,64,64,51,51,51,51,53,53,3,4,6,43,43,43,0],"gold":76,"neow_bonus":"UPGRADE_CARD","is_prod":false,"is_daily":false,"chose_seed":false,"campfire_upgraded":9,"win_rate":0,"timestamp":1544227791,"path_taken":["M","?","M","M","$","R","?","R","T","R","E","?","E","?","R","BOSS","M","?","?","M","?","R","E","R","T","?","M","$","R","?","R","BOSS","M","?","?","M","$","R","$","M","T","?","M","M","R","?","R","BOSS"],"build_version":"2018-12-06","purchased_purges":4,"victory":false,"max_hp_per_floor":[75,75,75,75,75,75,75,75,75,75,75,75,75,75,75,75,75,75,75,75,75,75,75,75,75,75,75,75,75,75,75,75,75,75,75,75,75,75,75,75,75,75,75,75,75,75,75,75,75,75],"card_choices":[{"not_picked":["Sunder","Chill"],"picked":"Conserve Battery","floor":1.0},{"not_picked":["Conserve Battery","BootSequence"],"picked":"Undo","floor":3.0},{"not_picked":["Double Energy","Barrage"],"picked":"Melter","floor":4.0},{"not_picked":["Rip and Tear","Stack"],"picked":"Auto Shields","floor":11.0},{"not_picked":["Barrage","Compile Driver"],"picked":"Conserve Battery","floor":13.0},{"not_picked":["Coolheaded","Capacitor","Beam Cell"],"picked":"SKIP","floor":14.0},{"not_picked":["Reboot","Seek"],"picked":"Biased Cognition","floor":16.0},{"not_picked":["Rebound","Streamline"],"picked":"Stack","floor":18.0},{"not_picked":["Conserve Battery","Gash"],"picked":"Sweeping Beam","floor":19.0},{"not_picked":["Coolheaded","Hello World"],"picked":"Biased Cognition","floor":21.0},{"not_picked":["Reprogram","Lockon"],"picked":"Chill","floor":24.0},{"not_picked":["Beam Cell","Glacier+1"],"picked":"Loop+1","floor":27.0},{"not_picked":["Beam Cell+1","Streamline","Leap"],"picked":"SKIP","floor":28.0},{"not_picked":["Beam Cell","Loop+1"],"picked":"Amplify","floor":31.0},{"not_picked":["Coolheaded","Barrage"],"picked":"Storm","floor":32.0},{"not_picked":["Buffer","Reboot"],"picked":"Echo Form","floor":33.0},{"not_picked":["Barrage","Rebound","Glacier"],"picked":"SKIP","floor":35.0},{"not_picked":["Heatsinks","Go for the Eyes+1","Sweeping Beam+1"],"picked":"SKIP","floor":38.0},{"not_picked":["Coolheaded+1","Echo Form","Beam Cell+1"],"picked":"SKIP","floor":42.0},{"not_picked":["Sweeping Beam","Doom and Gloom+1"],"picked":"Leap+1","floor":44.0},{"not_picked":["Go for the Eyes","Skim","Heatsinks"],"picked":"SKIP","floor":45.0},{"not_picked":["Sweeping Beam","Melter","Aggregate+1"],"picked":"SKIP","floor":46.0}],"player_experience":518552,"relics_obtained":[{"floor":7.0,"key":"Blood Vial"},{"floor":9.0,"key":"Pantograph"},{"floor":11.0,"key":"Dream Catcher"},{"floor":13.0,"key":"Kunai"},{"floor":19.0,"key":"Red Mask"},{"floor":20.0,"key":"Centennial Puzzle"},{"floor":24.0,"key":"Tiny Chest"},{"floor":26.0,"key":"Bottled Flame"},{"floor":43.0,"key":"Regal Pillow"}],"event_choices":[{"damage_healed":0.0,"max_hp_gain":0.0,"max_hp_loss":0.0,"gold_gain":0.0,"event_name":"Scrap Ooze","player_choice":"Success","floor":2.0,"gold_loss":0.0,"damage_taken":18.0,"relics_obtained":["Letter Opener"]},{"damage_healed":0.0,"max_hp_gain":0.0,"max_hp_loss":0.0,"gold_gain":0.0,"event_name":"Dead Adventurer","player_choice":"Searched \u00272\u0027 times","floor":7.0,"gold_loss":0.0,"damage_taken":0.0},{"damage_healed":0.0,"max_hp_gain":0.0,"max_hp_loss":0.0,"gold_gain":64.0,"event_name":"Golden Wing","player_choice":"Gained Gold","floor":12.0,"gold_loss":0.0,"damage_taken":0.0},{"damage_healed":0.0,"max_hp_gain":0.0,"max_hp_loss":0.0,"gold_gain":0.0,"event_name":"Masked Bandits","player_choice":"Fought Bandits","floor":19.0,"gold_loss":0.0,"damage_taken":0.0},{"damage_healed":0.0,"max_hp_gain":0.0,"max_hp_loss":0.0,"gold_gain":0.0,"event_name":"Duplicator","player_choice":"Copied","floor":22.0,"gold_loss":0.0,"damage_taken":0.0,"cards_obtained":["Zap"]},{"damage_healed":0.0,"max_hp_gain":0.0,"max_hp_loss":0.0,"gold_gain":100.0,"event_name":"Golden Shrine","player_choice":"Pray","floor":36.0,"gold_loss":0.0,"damage_taken":0.0},{"damage_healed":0.0,"max_hp_gain":0.0,"max_hp_loss":0.0,"gold_gain":0.0,"event_name":"The Woman in Blue","player_choice":"Bought 3 Potions","floor":48.0,"gold_loss":0.0,"damage_taken":0.0}],"is_beta":false,"boss_relics":[{"not_picked":["Coffee Dripper","Empty Cage"],"picked":"Sozu"},{"not_picked":["Tiny House","Velvet Choker"],"picked":"Inserter"}],"items_purged_floors":[5,29,37,39],"is_endless":false,"potions_floor_spawned":[4,7,14,16,19,21,33,35,42],"killed_by":"Time Eater","ascension_level":5}