{"gold_per_floor":[114,127,77,252,265,265,100,100,100,114,114,144,72,92,92,197,247,267,282,24,44,55,55,55,55,131,131,142,142],"floor_reached":29,"playtime":1501,"items_purged":["Doubt"],"score":340,"play_id":"e38049b3-e4c6-457f-b030-a6d1efbb075d","local_time":"20181002052721","is_ascension_mode":true,"campfire_choices":[{"data":"Neutralize","floor":6,"key":"SMITH"},{"data":"Cloak And Dagger","floor":8,"key":"SMITH"},{"data":"All Out Attack","floor":11,"key":"SMITH"},{"data":"Accuracy","floor":15,"key":"SMITH"},{"data":"Tools of the Trade","floor":23,"key":"SMITH"},{"data":"Blade Dance","floor":25,"key":"SMITH"},{"data":"Blade Dance","floor":27,"key":"SMITH"}],"neow_cost":"NONE","seed_source_timestamp":1378787339865465,"circlet_count":0,"master_deck":["Defend_G","Defend_G","Defend_G","Defend_G","Defend_G","Strike_G","Strike_G","Strike_G","Strike_G+1","Survivor","Neutralize+1","Blade Dance","Deflect","All Out Attack+1","Cloak And Dagger+1","Deflect","Well Laid Plans","Accuracy+1","Blade Dance+1","Blur","Wraith Form v2","Blade Dance+1","Deflect","Backflip","Setup","Tools of the Trade+1","Backstab","Decay","Blade Dance+1"],"relics":["Ring of the Snake","Juzu Bracelet","Ninja Scroll","Prayer Wheel","Tiny House","Shuriken","Gremlin Horn"],"potions_floor_usage":[16,18,21,22,29],"damage_taken":[{"damage":0,"enemies":"Cultist","floor":1,"turns":4},{"damage":0,"enemies":"2 Louse","floor":2,"turns":3},{"damage":0,"enemies":"Small Slimes","floor":5,"turns":4},{"damage":0,"enemies":"Exordium Wildlife","floor":10,"turns":3},{"damage":24,"enemies":"Lagavulin","floor":12,"turns":8},{"damage":5,"enemies":"Red Slaver","floor":14,"turns":2},{"damage":17,"enemies":"The Guardian","floor":16,"turns":12},{"damage":0,"enemies":"Spheric Guardian","floor":18,"turns":2},{"damage":4,"enemies":"Chosen","floor":19,"turns":7},{"damage":0,"enemies":"Snecko","floor":21,"turns":3},{"damage":12,"enemies":"Centurion and Healer","floor":22,"turns":5},{"damage":1,"enemies":"Cultist and Chosen","floor":28,"turns":6},{"damage":48,"enemies":"Gremlin Leader","floor":29,"turns":2}],"seed_played":"-3133849894301130528","potions_obtained":[{"floor":2,"key":"Swift Potion"},{"floor":12,"key":"GamblersBrew"},{"floor":17,"key":"FearPotion"},{"floor":18,"key":"PowerPotion"},{"floor":22,"key":"Ancient Potion"},{"floor":28,"key":"SteroidPotion"}],"is_trial":false,"path_per_floor":["M","M","?","?","M","R","$","R","T","M","R","E","$","M","R","B",null,"M","M","$","M","M","R","?","R","T","R","M"],"character_chosen":"THE_SILENT","items_purchased":["All Out Attack","Cloak And Dagger","Accuracy","Shuriken"],"campfire_rested":0,"item_purchase_floors":[7,7,13,20],"current_hp_per_floor":[63,63,63,63,63,63,63,63,63,63,63,39,39,34,34,17,62,62,58,58,58,46,46,46,46,46,46,45,0],"gold":142,"neow_bonus":"RANDOM_COMMON_RELIC","is_prod":false,"is_daily":false,"chose_seed":false,"campfire_upgraded":7,"win_rate":0,"timestamp":1538425641,"path_taken":["M","M","?","?","M","R","?","R","T","M","R","E","$","M","R","BOSS","M","M","$","M","M","R","?","R","T","R","M","E"],"build_version":"2018-09-27","purchased_purges":1,"victory":false,"max_hp_per_floor":[70,70,70,70,70,70,70,70,70,70,70,70,70,70,70,70,75,75,75,75,75,75,75,75,75,75,75,75,75],"card_choices":[{"not_picked":["Underhanded Strike","Poisoned Stab","Prepared"],"picked":"SKIP","floor":1},{"not_picked":["Blur","Reflex"],"picked":"Blade Dance","floor":2},{"not_picked":["Well Laid Plans","Distraction"],"picked":"Deflect","floor":5},{"not_picked":["Tactician","Underhanded Strike"],"picked":"Deflect","floor":10},{"not_picked":["Tactician","Predator"],"picked":"Well Laid Plans","floor":12},{"not_picked":["Slice","Bouncing Flask"],"picked":"Blade Dance","floor":14},{"not_picked":["Slice","Expertise"],"picked":"Blur","floor":14},{"not_picked":["Night Terror","Unload"],"picked":"Wraith Form v2","floor":16},{"not_picked":["Tactician+1","Outmaneuver"],"picked":"Blade Dance","floor":18},{"not_picked":["Prepared","Dodge and Roll"],"picked":"Deflect","floor":18},{"not_picked":["Quick Slash","Dagger Spray"],"picked":"Backflip","floor":19},{"not_picked":["Masterful Stab","Deflect","Dash+1"],"picked":"SKIP","floor":19},{"not_picked":["Leg Sweep","Noxious Fumes"],"picked":"Setup","floor":21},{"not_picked":["Reflex","Prepared+1","Deflect"],"picked":"SKIP","floor":21},{"not_picked":["Bane","Caltrops+1"],"picked":"Tools of the Trade","floor":22},{"not_picked":["Caltrops+1","Prepared"],"picked":"Backstab","floor":22},{"not_picked":["Backflip","Dagger Throw+1"],"picked":"Blade Dance+1","floor":28},{"not_picked":["Acrobatics","Dodge and Roll","Sucker Punch"],"picked":"SKIP","floor":28}],"player_experience":341361,"relics_obtained":[{"floor":9,"key":"Ninja Scroll"},{"floor":12,"key":"Prayer Wheel"},{"floor":26,"key":"Gremlin Horn"}],"event_choices":[{"event_name":"The Cleric","player_choice":"Card Removal","floor":3,"damage_taken":0},{"event_name":"Liars Game","player_choice":"agreed","floor":4,"damage_taken":0},{"event_name":"Forgotten Altar","player_choice":"Smashed Altar","floor":24,"damage_taken":0}],"is_beta":false,"boss_relics":[{"not_picked":["Philosopher\u0027s Stone","Orrery"],"picked":"Tiny House"}],"items_purged_floors":[7],"is_endless":false,"potions_floor_spawned":[2,12,18,22,28],"killed_by":"Gremlin Leader","ascension_level":8}