{"gold_per_floor":[110,125,125,142,317,317,287,287,287,287,314,314,90,100,100,205,205,217,231,86,86,33,33],"floor_reached":23,"playtime":939,"items_purged":["Doubt","Strike_R"],"score":212,"play_id":"9aa70297-2dbc-4e8a-94c0-394ad2ca6487","local_time":"20180708231835","is_ascension_mode":false,"campfire_choices":[{"data":"Armaments","floor":6,"key":"SMITH"},{"data":"Perfected Strike","floor":8,"key":"SMITH"},{"data":"Bash","floor":10,"key":"SMITH"},{"data":"Perfected Strike","floor":15,"key":"SMITH"}],"neow_cost":"NONE","seed_source_timestamp":179809178850050,"circlet_count":0,"master_deck":["Strike_R","Strike_R","Strike_R","Strike_R","Defend_R","Defend_R","Defend_R","Bash+1","Perfected Strike+1","Battle Trance","Armaments+1","Evolve","Perfected Strike+1","Twin Strike","Demon Form","Heavy Blade+1","Heavy Blade+1","Shrug It Off","Shrug It Off"],"relics":["Burning Blood","Regal Pillow","Mango","Ancient Tea Set","Mark of Pain"],"potions_floor_usage":[11,16,19,23],"damage_taken":[{"damage":4,"enemies":"2 Louse","floor":1,"turns":3},{"damage":1,"enemies":"Cultist","floor":2,"turns":3},{"damage":0,"enemies":"Small Slimes","floor":4,"turns":3},{"damage":5,"enemies":"Looter","floor":7,"turns":4},{"damage":28,"enemies":"Gremlin Nob","floor":11,"turns":4},{"damage":1,"enemies":"Large Slime","floor":14,"turns":4},{"damage":59,"enemies":"Hexaghost","floor":16,"turns":9},{"damage":33,"enemies":"Shell Parasite","floor":18,"turns":5},{"damage":5,"enemies":"2 Thieves","floor":19,"turns":2},{"damage":76,"enemies":"Gremlin Leader","floor":23,"turns":4}],"seed_played":"7963062214599741716","potions_obtained":[{"floor":2,"key":"Fire Potion"},{"floor":11,"key":"Explosive Potion"},{"floor":14,"key":"Strength Potion"},{"floor":19,"key":"AttackPotion"}],"is_trial":false,"path_per_floor":["M","M","?","M","?","R","M","R","T","R","E","?","$","M","R","B",null,"M","M","$","?","$"],"character_chosen":"IRONCLAD","items_purchased":["Evolve","Perfected Strike","Twin Strike","Shrug It Off","Shrug It Off"],"campfire_rested":0,"item_purchase_floors":[13,13,13,20,22],"current_hp_per_floor":[80,80,80,80,80,80,80,80,94,94,72,77,77,82,82,29,99,72,73,73,73,73,0],"gold":33,"neow_bonus":"RANDOM_COMMON_RELIC","is_prod":false,"is_daily":false,"chose_seed":false,"campfire_upgraded":4,"win_rate":0.0,"timestamp":1531059515,"path_taken":["M","M","?","M","?","R","M","R","T","R","E","?","$","M","R","BOSS","M","M","$","?","?","E"],"build_version":"2018-07-05","purchased_purges":2,"victory":false,"max_hp_per_floor":[80,80,80,80,80,80,80,80,94,94,94,99,99,99,99,99,99,99,99,99,99,99,99],"card_choices":[{"not_picked":["True Grit","Corruption"],"picked":"Perfected Strike","floor":1},{"not_picked":["Sword Boomerang","Iron Wave"],"picked":"Battle Trance","floor":2},{"not_picked":["Flame Barrier","Battle Trance"],"picked":"Armaments","floor":4},{"not_picked":["Intimidate","Rupture","Bloodletting"],"picked":"SKIP","floor":7},{"not_picked":["Pummel","Burning Pact","True Grit"],"picked":"SKIP","floor":11},{"not_picked":["Cleave","Clash","Searing Blow"],"picked":"SKIP","floor":14},{"not_picked":["Juggernaut","Dark Embrace"],"picked":"Demon Form","floor":16},{"not_picked":["Rampage","Anger"],"picked":"Heavy Blade+1","floor":18},{"not_picked":["Battle Trance+1","Iron Wave"],"picked":"Heavy Blade+1","floor":19}],"player_experience":80710,"relics_obtained":[{"floor":9,"key":"Mango"},{"floor":11,"key":"Ancient Tea Set"}],"event_choices":[{"event_name":"Bonfire Elementals","player_choice":"BASIC","floor":3,"damage_taken":0},{"event_name":"Liars Game","player_choice":"agreed","floor":5,"damage_taken":0},{"event_name":"Big Fish","player_choice":"Donut","floor":12,"damage_taken":0},{"event_name":"Ghosts","player_choice":"Ignored","floor":21,"damage_taken":0}],"boss_relics":[{"not_picked":["Sozu","Busted Crown"],"picked":"Mark of Pain"}],"items_purged_floors":[13,20],"is_endless":false,"potions_floor_spawned":[2,11,14,19],"killed_by":"Gremlin Leader","ascension_level":0}