{"gold_per_floor":[118,133,208,208,220,247,247,261,261,261,290,303,303,322,322,421,421,433,26,26,26,42,42,55,55,55,55,74,74,124,140,140,241,241,257,357,357,373,373],"floor_reached":39,"playtime":2037,"items_purged":[],"score":475,"play_id":"5570ad58-f0fe-4f07-80b8-7a8279615087","local_time":"20190429134515","is_ascension_mode":true,"campfire_choices":[{"floor":7,"key":"REST"},{"floor":10,"key":"REST"},{"floor":15,"key":"REST"},{"data":"Neutralize","floor":23,"key":"SMITH"},{"floor":27,"key":"REST"},{"data":"Well Laid Plans","floor":32,"key":"SMITH"}],"neow_cost":"NONE","seed_source_timestamp":1188839424026278,"circlet_count":0,"master_deck":["Defend_G","Defend_G","Defend_G","Survivor","Neutralize+1","Deflect","Acrobatics","Dagger Spray","Flying Knee","Terror","Prepared","Escape Plan","Escape Plan","Die Die Die","Acrobatics","Well Laid Plans+1","PiercingWail","Bite","Bite","Bite","Bite","Bite","Dodge and Roll","Backflip+1","PiercingWail+1","Die Die Die","Bouncing Flask","PiercingWail","Underhanded Strike+1","Deadly Poison+1","Dagger Spray+1","Catalyst"],"relics":["Ring of the Snake","Bronze Scales","Pantograph","Sozu","Bird Faced Urn","Matryoshka","Meat on the Bone","Orrery","Turnip"],"potions_floor_usage":[33],"damage_taken":[{"damage":0,"enemies":"Cultist","floor":1,"turns":4},{"damage":6,"enemies":"2 Louse","floor":2,"turns":3},{"damage":0,"enemies":"Small Slimes","floor":5,"turns":3},{"damage":51,"enemies":"Gremlin Nob","floor":6,"turns":6},{"damage":24,"enemies":"Exordium Thugs","floor":8,"turns":5},{"damage":23,"enemies":"3 Sentries","floor":11,"turns":8},{"damage":1,"enemies":"Red Slaver","floor":12,"turns":4},{"damage":1,"enemies":"Large Slime","floor":14,"turns":7},{"damage":45,"enemies":"The Guardian","floor":16,"turns":14},{"damage":0,"enemies":"Chosen","floor":18,"turns":4},{"damage":18,"enemies":"Spheric Guardian","floor":22,"turns":4},{"damage":28,"enemies":"Cultist and Chosen","floor":24,"turns":6},{"damage":27,"enemies":"Chosen and Byrds","floor":28,"turns":6},{"damage":18,"enemies":"Snecko","floor":31,"turns":7},{"damage":101,"enemies":"Collector","floor":33,"turns":18},{"damage":23,"enemies":"3 Shapes","floor":35,"turns":7},{"damage":21,"enemies":"Mind Bloom Boss Battle","floor":36,"turns":6},{"damage":16,"enemies":"3 Darklings","floor":38,"turns":4},{"damage":48,"enemies":"Transient","floor":39,"turns":3}],"seed_played":"9018918945581369737","potions_obtained":[{"floor":6,"key":"Ancient Potion"},{"floor":8,"key":"GamblersBrew"},{"floor":11,"key":"Explosive Potion"}],"is_trial":false,"path_per_floor":["M","M","?","?","M","E","R","M","T","R","E","M","?","M","R","B",null,"M","$","?","?","M","R","M","$","T","R","M","?","?","M","R","B",null,"M","?","?","M","M"],"character_chosen":"THE_SILENT","items_purchased":["Well Laid Plans","PiercingWail","Bird Faced Urn"],"campfire_rested":4,"item_purchase_floors":[19,19,19],"current_hp_per_floor":[77,71,60,60,60,9,32,8,8,31,8,7,7,6,29,9,77,77,77,53,53,41,41,33,33,33,48,36,36,36,36,36,24,53,40,40,40,32,0],"gold":373,"neow_bonus":"TEN_PERCENT_HP_BONUS","is_prod":false,"is_daily":false,"chose_seed":false,"campfire_upgraded":2,"win_rate":0,"timestamp":1556502315,"path_taken":["M","M","?","?","M","E","R","M","T","R","E","?","?","M","R","BOSS","M","$","?","?","M","R","?","?","T","R","M","?","?","M","R","BOSS","M","?","?","M","M"],"build_version":"2019-01-23","purchased_purges":0,"victory":false,"max_hp_per_floor":[77,77,77,77,77,77,77,77,77,77,77,77,77,77,77,77,77,77,77,53,53,53,53,53,53,53,53,53,53,53,53,53,53,53,53,53,53,53,53],"card_choices":[{"not_picked":["Dagger Spray","Outmaneuver"],"picked":"Deflect","floor":1},{"not_picked":["Slice","Poisoned Stab"],"picked":"Acrobatics","floor":2},{"not_picked":["Underhanded Strike","Prepared"],"picked":"Dagger Spray","floor":5},{"not_picked":["Sucker Punch","Predator"],"picked":"Flying Knee","floor":6},{"not_picked":["Acrobatics","Infinite Blades"],"picked":"Terror","floor":8},{"not_picked":["Bane","Slice"],"picked":"Prepared","floor":11},{"not_picked":["Masterful Stab","Dodge and Roll"],"picked":"Escape Plan","floor":12},{"not_picked":["Bane","Eviscerate"],"picked":"Escape Plan","floor":14},{"not_picked":["Corpse Explosion","Doppelganger"],"picked":"Die Die Die","floor":16},{"not_picked":["Accuracy","Underhanded Strike"],"picked":"Acrobatics","floor":18},{"not_picked":["Acrobatics","Flying Knee","Quick Slash+1"],"picked":"SKIP","floor":22},{"not_picked":["Sucker Punch","Quick Slash"],"picked":"Dodge and Roll","floor":24},{"not_picked":["Endless Agony","Predator"],"picked":"Backflip+1","floor":28},{"not_picked":["Poisoned Stab","Acrobatics"],"picked":"PiercingWail+1","floor":31},{"not_picked":["Envenom","Grand Finale"],"picked":"Die Die Die","floor":33},{"not_picked":["Endless Agony+1","Cloak And Dagger"],"picked":"Bouncing Flask","floor":34},{"not_picked":["Dagger Throw","Backflip"],"picked":"PiercingWail","floor":34},{"not_picked":["Flechettes","Distraction"],"picked":"Underhanded Strike+1","floor":34},{"not_picked":["Cloak And Dagger","Bane+1"],"picked":"Deadly Poison+1","floor":35},{"not_picked":["Sucker Punch","Underhanded Strike+1"],"picked":"Dagger Spray+1","floor":36},{"not_picked":["Acrobatics","Masterful Stab"],"picked":"Catalyst","floor":38}],"player_experience":127155,"relics_obtained":[{"floor":6,"key":"Bronze Scales"},{"floor":11,"key":"Pantograph"},{"floor":26,"key":"Matryoshka"},{"floor":36,"key":"Turnip"}],"event_choices":[{"damage_healed":0,"gold_gain":75,"player_choice":"Gather Gold","damage_taken":11,"max_hp_gain":0,"max_hp_loss":0,"event_name":"World of Goop","floor":3,"gold_loss":0},{"cards_removed":["Defend_G"],"damage_healed":0,"gold_gain":0,"player_choice":"Offered Basic","damage_taken":0,"max_hp_gain":0,"max_hp_loss":0,"event_name":"Bonfire Elementals","floor":4,"gold_loss":0},{"damage_healed":0,"gold_gain":0,"player_choice":"0 cards matched","damage_taken":0,"max_hp_gain":0,"max_hp_loss":0,"event_name":"Match and Keep!","floor":13,"gold_loss":0,"cards_obtained":[]},{"damage_healed":0,"gold_gain":0,"player_choice":"Became a vampire","damage_taken":0,"max_hp_gain":0,"max_hp_loss":24,"event_name":"Vampires","floor":20,"gold_loss":0,"cards_obtained":["Bite","Bite","Bite","Bite","Bite"]},{"cards_removed":["Defend_G"],"damage_healed":0,"gold_gain":0,"player_choice":"Purged","damage_taken":0,"max_hp_gain":0,"max_hp_loss":0,"event_name":"Purifier","floor":21,"gold_loss":0},{"damage_healed":0,"gold_gain":0,"player_choice":"Opened","damage_taken":0,"relics_obtained":["Meat on the Bone"],"max_hp_gain":0,"max_hp_loss":0,"event_name":"The Mausoleum","floor":29,"gold_loss":0},{"damage_healed":0,"gold_gain":100,"player_choice":"Bet on Murderer","damage_taken":0,"max_hp_gain":0,"max_hp_loss":0,"event_name":"The Joust","floor":30,"gold_loss":50},{"damage_healed":0,"gold_gain":0,"player_choice":"Fight","damage_taken":0,"max_hp_gain":0,"max_hp_loss":0,"event_name":"MindBloom","floor":36,"gold_loss":0},{"damage_healed":0,"gold_gain":0,"player_choice":"Ignored","damage_taken":0,"max_hp_gain":0,"max_hp_loss":0,"event_name":"Mysterious Sphere","floor":37,"gold_loss":0}],"is_beta":false,"boss_relics":[{"not_picked":["Calling Bell","Astrolabe"],"picked":"Sozu"},{"not_picked":["Eternal Feather","Black Star"],"picked":"Orrery"}],"items_purged_floors":[],"is_endless":false,"potions_floor_spawned":[6,8,11,14,31,33,35,38],"killed_by":"Transient","ascension_level":3}