{"gold_per_floor":[111,111,111,181,456,482,482,494,519,552,566,566,586,142,142,241,241,255,0,0,0,16,41,41,75,75,75,75,75,75,89,89,187,187,200,200,218,232,232,232,243,243,243,256,274,274,274,274,274,274],"floor_reached":50,"playtime":1987,"items_purged":["Regret"],"score":613,"play_id":"2a1924d8-80aa-4ba1-bc02-12a0b7d9eca7","local_time":"20190430142957","is_ascension_mode":true,"campfire_choices":[{"data":"Tools of the Trade","floor":7,"key":"SMITH"},{"floor":12,"key":"REST"},{"floor":15,"key":"REST"},{"floor":24,"key":"REST"},{"floor":28,"key":"REST"},{"floor":30,"key":"REST"},{"data":"A Thousand Cuts","floor":32,"key":"SMITH"},{"floor":40,"key":"REST"},{"floor":42,"key":"REST"},{"floor":49,"key":"REST"}],"neow_cost":"NONE","seed_source_timestamp":1277970806109510,"circlet_count":0,"master_deck":["Defend_G","Defend_G","Defend_G","Defend_G","Defend_G","Strike_G","Strike_G","Strike_G","Strike_G","Strike_G","Survivor","Neutralize","Tools of the Trade+1","Bouncing Flask","Corpse Explosion","Footwork","Deflect","Panache","Dagger Spray","A Thousand Cuts+1","Blur","PiercingWail","Prepared+1","Backflip","Venomology","Escape Plan+1","After Image","Distraction+1","Madness","Madness","PiercingWail+1","PiercingWail","Decay","Dodge and Roll+1","Bandage Up"],"relics":["Ring of the Snake","NeowsBlessing","Matryoshka","Ancient Tea Set","Question Card","Centennial Puzzle","Juzu Bracelet","Oddly Smooth Stone","Shuriken","Bag of Marbles","Philosopher\u0027s Stone","Pen Nib","Molten Egg 2","The Courier","Cursed Key","Letter Opener"],"potions_floor_usage":[16,23,23,23,23,25,31,31,33,37,37,38,38,44,50,50,50,50],"damage_taken":[{"damage":0,"enemies":"Small Slimes","floor":1,"turns":1},{"damage":0,"enemies":"3 Sentries","floor":6,"turns":1},{"damage":0,"enemies":"Cultist","floor":8,"turns":1},{"damage":41,"enemies":"Lagavulin","floor":10,"turns":7},{"damage":6,"enemies":"Jaw Worm","floor":11,"turns":3},{"damage":8,"enemies":"Exordium Thugs","floor":13,"turns":4},{"damage":9,"enemies":"The Guardian","floor":16,"turns":10},{"damage":5,"enemies":"Shell Parasite","floor":18,"turns":4},{"damage":15,"enemies":"Spheric Guardian","floor":22,"turns":5},{"damage":31,"enemies":"Book of Stabbing","floor":23,"turns":6},{"damage":28,"enemies":"Gremlin Leader","floor":25,"turns":4},{"damage":2,"enemies":"Centurion and Healer","floor":31,"turns":5},{"damage":27,"enemies":"Collector","floor":33,"turns":9},{"damage":0,"enemies":"3 Shapes","floor":35,"turns":3},{"damage":14,"enemies":"3 Darklings","floor":37,"turns":3},{"damage":27,"enemies":"4 Shapes","floor":38,"turns":4},{"damage":8,"enemies":"Sphere and 2 Shapes","floor":41,"turns":3},{"damage":28,"enemies":"Transient","floor":44,"turns":5},{"damage":9,"enemies":"Jaw Worm Horde","floor":45,"turns":3},{"damage":53,"enemies":"Time Eater","floor":50,"turns":13}],"seed_played":"153667906948205192","potions_obtained":[{"floor":8,"key":"Explosive Potion"},{"floor":11,"key":"SkillPotion"},{"floor":16,"key":"Ancient Potion"},{"floor":18,"key":"Strength Potion"},{"floor":22,"key":"EntropicBrew"},{"floor":29,"key":"AttackPotion"},{"floor":29,"key":"GhostInAJar"},{"floor":29,"key":"Dexterity Potion"},{"floor":31,"key":"Weak Potion"},{"floor":37,"key":"PowerPotion"},{"floor":38,"key":"SpeedPotion"},{"floor":41,"key":"AttackPotion"}],"is_trial":false,"path_per_floor":["M","?","$","T","?","E","R","M","T","E","M","R","M","$","R","B",null,"M","?","T","$","M","E","R","E","T","?","R","?","R","M","R","B",null,"M","?","M","M","$","R","M","R","T","M","M","?","?","?","R","B"],"character_chosen":"THE_SILENT","items_purchased":["Panache","Dagger Spray","Bag of Marbles"],"campfire_rested":8,"item_purchase_floors":[14,14,14],"current_hp_per_floor":[70,70,70,70,70,70,70,70,70,29,23,44,36,36,57,48,70,65,65,65,65,50,19,40,12,12,12,33,33,54,52,52,25,70,70,61,47,20,20,41,33,54,54,26,17,17,17,17,38,0],"gold":274,"neow_bonus":"THREE_ENEMY_KILL","is_prod":false,"is_daily":false,"chose_seed":false,"campfire_upgraded":2,"win_rate":0,"timestamp":1556591397,"path_taken":["M","?","$","?","?","E","R","M","T","E","M","R","M","$","R","BOSS","M","?","?","$","M","E","R","E","T","?","R","?","R","M","R","BOSS","M","?","M","M","$","R","M","R","T","M","M","?","?","?","R","BOSS"],"build_version":"2019-01-23","purchased_purges":1,"victory":false,"max_hp_per_floor":[70,70,70,70,70,70,70,70,70,70,70,70,70,70,70,70,70,70,70,70,70,70,70,70,70,70,70,70,70,70,70,70,70,70,70,70,70,70,70,70,70,70,70,70,70,70,70,70,70,70],"card_choices":[{"not_picked":["Crippling Poison","Acrobatics"],"picked":"Dodge and Roll","floor":1},{"not_picked":["Setup","Flying Knee","Infinite Blades"],"picked":"Tools of the Trade","floor":6},{"not_picked":["Caltrops","Cloak And Dagger","Skewer"],"picked":"Bouncing Flask","floor":8},{"not_picked":["Blade Dance","Expertise","Bane"],"picked":"Corpse Explosion","floor":10},{"not_picked":["Deflect","Tactician","Terror"],"picked":"Footwork","floor":11},{"not_picked":["Backstab","Dodge and Roll","Bane"],"picked":"Deflect","floor":13},{"not_picked":["Grand Finale","Night Terror","Envenom"],"picked":"A Thousand Cuts","floor":16},{"not_picked":["Underhanded Strike","Eviscerate+1","Predator"],"picked":"Blur","floor":18},{"not_picked":["Dodge and Roll","Riddle With Holes","Flying Knee+1"],"picked":"PiercingWail","floor":22},{"not_picked":["Dash","Tools of the Trade","Sucker Punch"],"picked":"Prepared+1","floor":23},{"not_picked":["Outmaneuver+1","Deflect+1","Masterful Stab"],"picked":"Backflip","floor":25},{"not_picked":["Underhanded Strike+1","Sucker Punch+1","Flechettes+1"],"picked":"Escape Plan+1","floor":31},{"not_picked":["Unload+1","Phantasmal Killer","Night Terror"],"picked":"After Image","floor":33},{"not_picked":["Dagger Throw+1","Blade Dance+1","Backflip+1"],"picked":"Distraction+1","floor":35},{"not_picked":["Choke+1","Deflect+1","Tactician"],"picked":"PiercingWail+1","floor":37},{"not_picked":["Quick Slash+1","Riddle With Holes+1","Terror","Dagger Throw+1"],"picked":"SKIP","floor":38},{"not_picked":["Deflect+1","Predator+1","Dodge and Roll"],"picked":"PiercingWail","floor":41},{"not_picked":["Deflect","Bane+1","Endless Agony+1"],"picked":"Dodge and Roll+1","floor":44},{"not_picked":["Quick Slash+1","Flying Knee+1","Doppelganger"],"picked":"Poisoned Stab+1","floor":45},{"not_picked":["Good Instincts","Swift Strike+1","Blind"],"picked":"Bandage Up","floor":46}],"player_experience":140196,"relics_obtained":[{"floor":4,"key":"Ancient Tea Set"},{"floor":4,"key":"Question Card"},{"floor":6,"key":"Centennial Puzzle"},{"floor":9,"key":"Juzu Bracelet"},{"floor":9,"key":"Oddly Smooth Stone"},{"floor":10,"key":"Shuriken"},{"floor":23,"key":"Pen Nib"},{"floor":25,"key":"Molten Egg 2"},{"floor":26,"key":"The Courier"},{"floor":43,"key":"Letter Opener"}],"event_choices":[{"cards_removed":["Dodge and Roll"],"damage_healed":0,"gold_gain":0,"player_choice":"Gave Card","damage_taken":0,"relics_obtained":["Matryoshka"],"max_hp_gain":0,"max_hp_loss":0,"event_name":"WeMeetAgain","floor":2,"gold_loss":0},{"damage_healed":0,"gold_gain":275,"player_choice":"Desecrate","damage_taken":0,"max_hp_gain":0,"max_hp_loss":0,"event_name":"Golden Shrine","floor":5,"gold_loss":0,"cards_obtained":["Regret"]},{"damage_healed":0,"gold_gain":0,"player_choice":"Paid Fearfully","damage_taken":0,"max_hp_gain":0,"max_hp_loss":0,"event_name":"Masked Bandits","floor":19,"gold_loss":255},{"damage_healed":0,"gold_gain":0,"player_choice":"1 cards matched","damage_taken":0,"max_hp_gain":0,"max_hp_loss":0,"event_name":"Match and Keep!","floor":27,"gold_loss":0,"cards_obtained":["Venomology"]},{"damage_healed":0,"gold_gain":0,"player_choice":"Got Potions","damage_taken":0,"max_hp_gain":0,"max_hp_loss":0,"event_name":"Lab","floor":29,"gold_loss":0},{"damage_healed":0,"gold_gain":0,"player_choice":"Embrace Madness","damage_taken":9,"max_hp_gain":0,"max_hp_loss":0,"event_name":"Winding Halls","floor":36,"gold_loss":0,"cards_obtained":["Madness","Madness"]},{"damage_healed":0,"gold_gain":0,"player_choice":"Memory 1","damage_taken":0,"max_hp_gain":0,"max_hp_loss":0,"event_name":"SensoryStone","floor":46,"gold_loss":0},{"cards_removed":["Poisoned Stab"],"damage_healed":0,"gold_gain":0,"player_choice":"Removed Attack","damage_taken":0,"max_hp_gain":0,"max_hp_loss":0,"event_name":"Falling","floor":47,"gold_loss":0},{"damage_healed":0,"gold_gain":0,"player_choice":"Ignored","damage_taken":0,"max_hp_gain":0,"max_hp_loss":0,"event_name":"Mysterious Sphere","floor":48,"gold_loss":0}],"is_beta":false,"boss_relics":[{"not_picked":["Busted Crown","Calling Bell"],"picked":"Philosopher\u0027s Stone"},{"not_picked":["Astrolabe","Lizard Tail"],"picked":"Cursed Key"}],"items_purged_floors":[14],"is_endless":false,"potions_floor_spawned":[8,11,16,18,22,31,37,38,41],"killed_by":"Time Eater","ascension_level":3}