{"gold_per_floor":[117,117,117,128,47,47,64,95,95,122,138,213,213,228,228,329,329,329,254,254,254,254,254,254,254,254,254,38,38,38,38,38,38,38,38,38,38,38,38,38,38,38,38,38,38,38,38,38,38,38,38,38,38,38,38],"floor_reached":55,"playtime":3122,"items_purged":[],"score":670,"play_id":"242e42a4-1a05-467f-80bf-ef7f87dde42d","local_time":"20190430131556","is_ascension_mode":false,"campfire_choices":[{"data":"Footwork","floor":6,"key":"SMITH"},{"floor":13,"key":"REST"},{"data":"Caltrops","floor":15,"key":"SMITH"},{"floor":23,"key":"REST"},{"floor":27,"key":"REST"},{"data":"Noxious Fumes","floor":32,"key":"SMITH"},{"floor":40,"key":"REST"},{"floor":47,"key":"RECALL"},{"floor":49,"key":"REST"},{"floor":52,"key":"REST"}],"neow_cost":"NONE","seed_source_timestamp":1272389569661083,"circlet_count":0,"master_deck":["Defend_G+1","Defend_G+1","Defend_G+1","Defend_G+1","Defend_G+1","Strike_G+1","Strike_G+1","Strike_G+1","Strike_G+1","Strike_G+1","Survivor","Neutralize+1","Caltrops+1","Well Laid Plans","Footwork+1","Poisoned Stab","Cloak And Dagger","Calculated Gamble","Dash","Venomology","Deflect","Acrobatics","RitualDagger","Poisoned Stab","Distraction+1","Footwork","Noxious Fumes+1","Dagger Spray","Bane","After Image","PiercingWail","Acrobatics+1","Distraction+1","Dodge and Roll+1","Dagger Spray+1","Terror","Pain","Noxious Fumes","PiercingWail"],"relics":["Ring of the Snake","Unceasing Top","Strawberry","Pen Nib","Ectoplasm","Oddly Smooth Stone","Sundial","Bronze Scales","Fusion Hammer","Art of War","WarpedTongs","Centennial Puzzle"],"potions_floor_usage":[8,14,14,24,24,33,33,33,37,44,45,48,54,54,54,55],"damage_taken":[{"damage":6,"enemies":"Small Slimes","floor":1,"turns":3},{"damage":2,"enemies":"Jaw Worm","floor":4,"turns":5},{"damage":0,"enemies":"2 Louse","floor":7,"turns":3},{"damage":37,"enemies":"Gremlin Nob","floor":8,"turns":6},{"damage":13,"enemies":"Large Slime","floor":11,"turns":7},{"damage":8,"enemies":"Lots of Slimes","floor":14,"turns":10},{"damage":23,"enemies":"Hexaghost","floor":16,"turns":11},{"damage":12,"enemies":"Spheric Guardian","floor":18,"turns":4},{"damage":18,"enemies":"2 Thieves","floor":19,"turns":5},{"damage":9,"enemies":"Centurion and Healer","floor":22,"turns":7},{"damage":2,"enemies":"Book of Stabbing","floor":24,"turns":5},{"damage":22,"enemies":"Shelled Parasite and Fungi","floor":25,"turns":5},{"damage":2,"enemies":"Snecko","floor":30,"turns":5},{"damage":0,"enemies":"Centurion and Healer","floor":31,"turns":8},{"damage":32,"enemies":"Automaton","floor":33,"turns":11},{"damage":0,"enemies":"3 Shapes","floor":35,"turns":3},{"damage":11,"enemies":"3 Darklings","floor":36,"turns":4},{"damage":4,"enemies":"Transient","floor":37,"turns":5},{"damage":13,"enemies":"Jaw Worm Horde","floor":38,"turns":5},{"damage":7,"enemies":"4 Shapes","floor":41,"turns":5},{"damage":7,"enemies":"Maw","floor":42,"turns":8},{"damage":5,"enemies":"3 Darklings","floor":44,"turns":4},{"damage":0,"enemies":"4 Shapes","floor":45,"turns":4},{"damage":16,"enemies":"Transient","floor":48,"turns":5},{"damage":14,"enemies":"Donu and Deca","floor":50,"turns":11},{"damage":71,"enemies":"Shield and Spear","floor":54,"turns":7},{"damage":26,"enemies":"The Heart","floor":55,"turns":2}],"seed_played":"490390691412059876","potions_obtained":[{"floor":1,"key":"Regen Potion"},{"floor":7,"key":"Weak Potion"},{"floor":11,"key":"Regen Potion"},{"floor":19,"key":"Swift Potion"},{"floor":25,"key":"EssenceOfSteel"},{"floor":29,"key":"PowerPotion"},{"floor":29,"key":"LiquidBronze"},{"floor":37,"key":"Dexterity Potion"},{"floor":38,"key":"PowerPotion"}],"is_trial":false,"path_per_floor":["M","?","?","M","$","R","M","E","T","T","M","?","R","M","R","B",null,"M","M","?","?","M","R","E","M","T","R","$","?","M","M","R","B",null,"M","M","M","M","?","R","M","M","T","M","M","?","R","M","R","B",null,"R","$","E","B"],"character_chosen":"THE_SILENT","items_purchased":["Footwork","Bronze Scales","Noxious Fumes"],"campfire_rested":6,"item_purchase_floors":[5,28,28],"current_hp_per_floor":[64,64,57,55,55,55,55,25,25,25,12,1,24,70,70,47,77,65,47,41,41,32,55,53,31,31,54,54,54,52,52,52,20,77,77,66,62,49,49,72,65,58,58,53,62,62,62,46,69,55,77,77,77,6,0],"gold":38,"neow_bonus":"UPGRADE_CARD","is_prod":false,"is_daily":false,"chose_seed":false,"campfire_upgraded":3,"win_rate":0,"timestamp":1556586956,"path_taken":["M","?","?","M","$","R","M","E","T","?","M","?","R","M","R","BOSS","M","M","?","?","M","R","E","M","T","R","$","?","M","M","R","BOSS","M","?","M","M","?","R","M","M","T","M","M","?","R","M","R","BOSS","R","$","E","BOSS"],"build_version":"2019-01-23","purchased_purges":0,"victory":false,"max_hp_per_floor":[70,70,70,70,70,70,70,77,77,77,77,77,77,77,77,77,77,77,77,77,77,77,77,77,77,77,77,77,77,77,77,77,77,77,77,77,77,77,77,77,77,77,77,77,77,77,77,77,77,77,77,77,77,77,77],"card_choices":[{"not_picked":["Leg Sweep","Backflip"],"picked":"Caltrops","floor":1},{"not_picked":["Quick Slash","Concentrate"],"picked":"Well Laid Plans","floor":4},{"not_picked":["Underhanded Strike","Setup"],"picked":"Poisoned Stab","floor":7},{"not_picked":["Bane","Predator"],"picked":"Cloak And Dagger","floor":8},{"not_picked":["Slice","Prepared"],"picked":"Calculated Gamble","floor":11},{"not_picked":["Blade Dance","Accuracy"],"picked":"Dash","floor":14},{"not_picked":["Wraith Form v2","Unload"],"picked":"Venomology","floor":16},{"not_picked":["Expertise","Outmaneuver"],"picked":"Deflect","floor":18},{"not_picked":["Blade Dance+1","Quick Slash+1"],"picked":"Acrobatics","floor":19},{"not_picked":["Prepared","Deflect"],"picked":"Poisoned Stab","floor":22},{"not_picked":["Tactician","Choke"],"picked":"Distraction+1","floor":24},{"not_picked":["Dagger Spray","Dagger Throw"],"picked":"Footwork","floor":25},{"not_picked":["Backstab","Flying Knee"],"picked":"Dagger Spray","floor":30},{"not_picked":["Finisher","Cloak And Dagger"],"picked":"Bane","floor":31},{"not_picked":["Burst","Grand Finale"],"picked":"After Image","floor":33},{"not_picked":["Slice","Acrobatics+1"],"picked":"PiercingWail","floor":35},{"not_picked":["Quick Slash+1","Heel Hook+1"],"picked":"Acrobatics+1","floor":36},{"not_picked":["Crippling Poison+1","Flying Knee+1"],"picked":"Distraction+1","floor":37},{"not_picked":["Riddle With Holes+1","Underhanded Strike+1"],"picked":"Dodge and Roll+1","floor":38},{"not_picked":["Outmaneuver+1","Reflex+1"],"picked":"Dagger Spray+1","floor":41},{"not_picked":["Dagger Spray","Underhanded Strike+1"],"picked":"Terror","floor":42},{"not_picked":["Dagger Spray","Underhanded Strike","Accuracy+1"],"picked":"SKIP","floor":44},{"not_picked":["Dash+1","Skewer","Riddle With Holes+1"],"picked":"SKIP","floor":45},{"not_picked":["Bouncing Flask","Blade Dance"],"picked":"Noxious Fumes","floor":48},{"not_picked":["Distraction+1","Noxious Fumes+1"],"picked":"PiercingWail","floor":54}],"player_experience":136879,"relics_obtained":[{"floor":8,"key":"Strawberry"},{"floor":10,"key":"Pen Nib"},{"floor":24,"key":"Oddly Smooth Stone"},{"floor":26,"key":"Sundial"},{"floor":43,"key":"Art of War"},{"floor":54,"key":"Centennial Puzzle"}],"event_choices":[{"damage_healed":0,"gold_gain":0,"player_choice":"Leave","damage_taken":0,"max_hp_gain":0,"max_hp_loss":0,"event_name":"The Cleric","floor":2,"gold_loss":0},{"damage_healed":0,"gold_gain":0,"player_choice":"Success","damage_taken":7,"relics_obtained":["Unceasing Top"],"max_hp_gain":0,"max_hp_loss":0,"event_name":"Scrap Ooze","floor":3,"gold_loss":0},{"damage_healed":0,"gold_gain":75,"player_choice":"Gather Gold","damage_taken":11,"max_hp_gain":0,"max_hp_loss":0,"event_name":"World of Goop","floor":12,"gold_loss":0},{"damage_healed":0,"gold_gain":0,"player_choice":"Joined the Cult","damage_taken":6,"max_hp_gain":0,"max_hp_loss":0,"event_name":"Nest","floor":20,"gold_loss":0,"cards_obtained":["RitualDagger"]},{"damage_healed":0,"gold_gain":0,"player_choice":"Simplicity","damage_taken":0,"max_hp_gain":0,"max_hp_loss":0,"event_name":"Back to Basics","floor":21,"gold_loss":0,"cards_upgraded":["Defend_G","Defend_G","Defend_G","Defend_G","Defend_G","Strike_G","Strike_G","Strike_G","Strike_G","Strike_G"]},{"damage_healed":0,"gold_gain":0,"player_choice":"Got Potions","damage_taken":0,"max_hp_gain":0,"max_hp_loss":0,"event_name":"Lab","floor":29,"gold_loss":0},{"damage_healed":0,"gold_gain":0,"player_choice":"Memory 1","damage_taken":0,"max_hp_gain":0,"max_hp_loss":0,"event_name":"SensoryStone","floor":39,"gold_loss":0},{"damage_healed":0,"gold_gain":0,"player_choice":"Rummage","damage_taken":0,"relics_obtained":["WarpedTongs"],"max_hp_gain":0,"max_hp_loss":0,"event_name":"Accursed Blacksmith","floor":46,"gold_loss":0,"cards_obtained":["Pain"]}],"is_beta":false,"boss_relics":[{"not_picked":["Ring of the Serpent","Orrery"],"picked":"Ectoplasm"},{"not_picked":["Philosopher\u0027s Stone","Astrolabe"],"picked":"Fusion Hammer"}],"items_purged_floors":[],"is_endless":false,"potions_floor_spawned":[1,7,11,19,25,30,37,38,42,45,48],"killed_by":"The Heart","ascension_level":0}