{"gold_per_floor":[119,132,307,307,317,317,336,114,114,114,114,114,114,133,133,254,254,269,189,189,289,313,313,337,351,399,419,419,419,442,467,467,467],"floor_reached":33,"playtime":803,"items_purged":["Strike_B"],"score":311,"play_id":"5dc0848e-c6b9-4b03-bd1e-0a7090dc38e9","local_time":"20190514150615","is_ascension_mode":true,"campfire_choices":[{"data":"Static Discharge","floor":6,"key":"SMITH"},{"floor":13,"key":"REST"},{"floor":15,"key":"REST"},{"data":"Self Repair","floor":23,"key":"SMITH"},{"floor":29,"key":"REST"},{"floor":32,"key":"REST"}],"neow_cost":"NONE","seed_source_timestamp":2490935952775349,"circlet_count":0,"master_deck":["Strike_B","Strike_B","Strike_B","Defend_B","Defend_B","Defend_B","Defend_B+1","Zap+1","Dualcast","Static Discharge+1","Rebound","Ball Lightning","Ball Lightning","Cold Snap","Electrodynamics","Hologram","Coolheaded","Stack","Storm","Redo","Steam+1","Static Discharge","Self Repair+1","Sweeping Beam","Hologram","Sweeping Beam+1","Conserve Battery","Cold Snap+1"],"relics":["Cracked Core","Lantern","Strawberry","Golden Idol","Orrery","Oddly Smooth Stone"],"potions_floor_usage":[33,33,33],"damage_taken":[{"damage":13,"enemies":"Small Slimes","floor":1,"turns":3},{"damage":9,"enemies":"Jaw Worm","floor":2,"turns":3},{"damage":0,"enemies":"Cultist","floor":5,"turns":2},{"damage":16,"enemies":"Lots of Slimes","floor":7,"turns":2},{"damage":0,"enemies":"Large Slime","floor":14,"turns":3},{"damage":32,"enemies":"Slime Boss","floor":16,"turns":9},{"damage":20,"enemies":"2 Thieves","floor":18,"turns":2},{"damage":5,"enemies":"3 Byrds","floor":22,"turns":1},{"damage":34,"enemies":"Snecko","floor":24,"turns":4},{"damage":16,"enemies":"Cultist and Chosen","floor":25,"turns":4},{"damage":20,"enemies":"Chosen and Byrds","floor":27,"turns":4},{"damage":42,"enemies":"Shelled Parasite and Fungi","floor":30,"turns":4},{"damage":9,"enemies":"3 Cultists","floor":31,"turns":3},{"damage":66,"enemies":"Automaton","floor":33,"turns":6}],"seed_played":"6743255095921672238","potions_obtained":[{"floor":0,"key":"SneckoOil"},{"floor":0,"key":"SpeedPotion"},{"floor":0,"key":"EssenceOfSteel"},{"floor":2,"key":"SteroidPotion"},{"floor":7,"key":"SkillPotion"},{"floor":18,"key":"SkillPotion"}],"is_trial":false,"path_per_floor":["M","M","?","?","M","R","M","$","T","$","?","?","R","M","R","B",null,"M","$","?","?","M","R","M","M","T","M","?","R","M","M","R","B"],"character_chosen":"DEFECT","items_purchased":["Lantern","Static Discharge"],"campfire_rested":4,"item_purchase_floors":[8,19],"current_hp_per_floor":[55,46,46,46,46,46,30,30,37,37,21,1,25,25,49,17,66,46,46,73,73,68,68,44,38,38,28,28,52,20,21,45,0],"gold":467,"neow_bonus":"THREE_SMALL_POTIONS","is_prod":false,"is_daily":false,"chose_seed":false,"campfire_upgraded":2,"win_rate":0,"timestamp":1557803175,"path_taken":["M","M","?","?","?","R","M","$","T","?","?","?","R","?","R","BOSS","M","$","?","?","?","R","M","M","T","M","?","R","?","M","R","BOSS"],"build_version":"2019-01-23","purchased_purges":1,"victory":false,"max_hp_per_floor":[75,75,75,75,75,75,75,75,82,82,82,82,82,82,82,82,82,82,82,82,82,82,82,82,82,82,82,82,82,82,82,82,82],"card_choices":[{"not_picked":["Steam","Hologram"],"picked":"Static Discharge","floor":1},{"not_picked":["Genetic Algorithm","Gash"],"picked":"Rebound","floor":2},{"not_picked":["Skim","Barrage"],"picked":"Ball Lightning","floor":5},{"not_picked":["Steam","Barrage"],"picked":"Ball Lightning","floor":7},{"not_picked":["Steam","Conserve Battery"],"picked":"Cold Snap","floor":14},{"not_picked":["Hyperbeam","Thunder Strike"],"picked":"Electrodynamics","floor":16},{"not_picked":["Double Energy","Fusion"],"picked":"Hologram","floor":17},{"not_picked":["Leap","Auto Shields"],"picked":"Coolheaded","floor":17},{"not_picked":["Reinforced Body","Steam Power"],"picked":"Stack","floor":17},{"not_picked":["Compile Driver","Redo"],"picked":"Storm","floor":17},{"not_picked":["White Noise","Scrape"],"picked":"Redo","floor":17},{"not_picked":["Beam Cell","Redo"],"picked":"Steam+1","floor":18},{"not_picked":["Go for the Eyes","Buffer"],"picked":"Self Repair","floor":22},{"not_picked":["Chill+1","Steam Power"],"picked":"Sweeping Beam","floor":24},{"not_picked":["Stack","Steam"],"picked":"Hologram","floor":25},{"not_picked":["Skim","Leap"],"picked":"Sweeping Beam+1","floor":27},{"not_picked":["Steam","Scrape"],"picked":"Conserve Battery","floor":30},{"not_picked":["Rebound","Ball Lightning+1"],"picked":"Cold Snap+1","floor":31}],"player_experience":242960,"relics_obtained":[{"floor":9,"key":"Strawberry"},{"floor":26,"key":"Oddly Smooth Stone"}],"event_choices":[{"damage_healed":0,"gold_gain":175,"player_choice":"AGREE","damage_taken":0,"max_hp_gain":0,"max_hp_loss":0,"event_name":"Liars Game","floor":3,"gold_loss":0,"cards_obtained":["Doubt"]},{"cards_removed":["Doubt"],"damage_healed":0,"gold_gain":0,"player_choice":"Purged","damage_taken":0,"max_hp_gain":0,"max_hp_loss":0,"event_name":"Purifier","floor":4,"gold_loss":0},{"damage_healed":0,"gold_gain":0,"player_choice":"Entered Light","damage_taken":16,"max_hp_gain":0,"max_hp_loss":0,"event_name":"Shining Light","floor":11,"gold_loss":0,"cards_upgraded":["Defend_B","Zap"]},{"damage_healed":0,"gold_gain":0,"player_choice":"Take Damage","damage_taken":20,"relics_obtained":["Golden Idol"],"max_hp_gain":0,"max_hp_loss":0,"event_name":"Golden Idol","floor":12,"gold_loss":0},{"damage_healed":27,"gold_gain":0,"player_choice":"Heal","damage_taken":0,"max_hp_gain":0,"max_hp_loss":0,"event_name":"The Library","floor":20,"gold_loss":0},{"damage_healed":0,"gold_gain":100,"player_choice":"Pray","damage_taken":0,"max_hp_gain":0,"max_hp_loss":0,"event_name":"Golden Shrine","floor":21,"gold_loss":0},{"damage_healed":0,"gold_gain":0,"player_choice":"Bought 0 Potions","damage_taken":0,"max_hp_gain":0,"max_hp_loss":0,"event_name":"The Woman in Blue","floor":28,"gold_loss":0}],"is_beta":false,"boss_relics":[{"not_picked":["Eternal Feather","White Beast Statue"],"picked":"Orrery"}],"items_purged_floors":[8],"is_endless":false,"potions_floor_spawned":[2,7,18,24,31],"killed_by":"Automaton","ascension_level":6}