{"gold_per_floor":[110,110,110,185,205,205,240,240,240,254,254,254,286,286,286,391,391,366,76,53,53,66,95,95,95],"floor_reached":25,"playtime":737,"items_purged":[],"score":281,"play_id":"b113a193-2377-4261-bd07-ff82b1587564","local_time":"20190510155716","is_ascension_mode":true,"campfire_choices":[{"floor":6,"key":"REST"},{"data":"Capacitor","floor":8,"key":"SMITH"},{"data":"Defragment","floor":12,"key":"SMITH"},{"data":"Zap","floor":15,"key":"SMITH"},{"data":"Go for the Eyes","floor":24,"key":"SMITH"}],"neow_cost":"NONE","seed_source_timestamp":2148460679888947,"circlet_count":0,"master_deck":["Strike_B","Strike_B","Strike_B","Defend_B","Defend_B","Defend_B","Defend_B","Zap+1","Dualcast","Cold Snap","Tempest","Capacitor+1","Coolheaded","Defragment+1","Genetic Algorithm","Multi-Cast","Static Discharge+1","Heatsinks","Conserve Battery","Redo+1","Go for the Eyes+1"],"relics":["FrozenCore","Happy Flower","Mercury Hourglass","Anchor","Regal Pillow","Bag of Preparation","Matryoshka","Shuriken"],"potions_floor_usage":[23],"damage_taken":[{"damage":6,"enemies":"2 Louse","floor":1,"turns":2},{"damage":4,"enemies":"Cultist","floor":5,"turns":3},{"damage":13,"enemies":"Gremlin Nob","floor":7,"turns":3},{"damage":0,"enemies":"Small Slimes","floor":10,"turns":2},{"damage":6,"enemies":"3 Sentries","floor":13,"turns":5},{"damage":11,"enemies":"Hexaghost","floor":16,"turns":9},{"damage":0,"enemies":"2 Thieves","floor":18,"turns":5},{"damage":0,"enemies":"Shell Parasite","floor":22,"turns":9},{"damage":23,"enemies":"Slavers","floor":23,"turns":4},{"damage":66,"enemies":"Gremlin Leader","floor":25,"turns":7}],"seed_played":"-837582317103485174","potions_obtained":[{"floor":7,"key":"Fire Potion"},{"floor":16,"key":"LiquidBronze"}],"is_trial":false,"path_per_floor":["M","?","?","?","M","R","E","R","T","M","$","R","E","T","R","B",null,"M","$","$","?","M","E","R","E"],"character_chosen":"DEFECT","items_purchased":["Matryoshka","Heatsinks","Conserve Battery"],"campfire_rested":1,"item_purchase_floors":[19,19,20],"current_hp_per_floor":[69,51,51,40,36,58,45,45,45,45,45,45,39,39,39,28,63,63,63,63,75,75,52,52,0],"gold":95,"neow_bonus":"RANDOM_COMMON_RELIC","is_prod":false,"is_daily":false,"chose_seed":false,"campfire_upgraded":4,"win_rate":0,"timestamp":1557460636,"path_taken":["M","?","?","?","M","R","E","R","T","M","$","R","E","?","R","BOSS","M","?","$","?","?","E","R","E"],"build_version":"2019-01-23","purchased_purges":0,"victory":false,"max_hp_per_floor":[75,75,75,75,75,75,75,75,75,75,75,75,75,75,75,75,75,75,75,75,75,75,75,75,75],"card_choices":[{"not_picked":["Stack","Barrage"],"picked":"Cold Snap","floor":1},{"not_picked":["Conserve Battery","Gash"],"picked":"Capacitor","floor":5},{"not_picked":["Sweeping Beam","Cold Snap"],"picked":"Coolheaded","floor":7},{"not_picked":["Storm","Streamline"],"picked":"Defragment","floor":10},{"not_picked":["Auto Shields","Turbo"],"picked":"Genetic Algorithm","floor":13},{"not_picked":["Seek","Hyperbeam"],"picked":"Multi-Cast","floor":16},{"not_picked":["Conserve Battery","Cold Snap"],"picked":"Static Discharge+1","floor":18},{"not_picked":["Stack","Genetic Algorithm+1"],"picked":"Redo+1","floor":22},{"not_picked":["Barrage+1","Turbo"],"picked":"Go for the Eyes","floor":23}],"player_experience":222843,"relics_obtained":[{"floor":7,"key":"Anchor"},{"floor":13,"key":"Regal Pillow"},{"floor":14,"key":"Bag of Preparation"},{"floor":23,"key":"Shuriken"}],"event_choices":[{"damage_healed":0,"gold_gain":0,"player_choice":"Success","damage_taken":18,"relics_obtained":["Mercury Hourglass"],"max_hp_gain":0,"max_hp_loss":0,"event_name":"Scrap Ooze","floor":2,"gold_loss":0},{"damage_healed":0,"gold_gain":0,"cards_transformed":["Strike_B"],"player_choice":"Change","damage_taken":0,"max_hp_gain":0,"max_hp_loss":0,"event_name":"Living Wall","floor":3,"gold_loss":0,"cards_obtained":["Tempest"]},{"damage_healed":0,"gold_gain":75,"player_choice":"Gather Gold","damage_taken":11,"max_hp_gain":0,"max_hp_loss":0,"event_name":"World of Goop","floor":4,"gold_loss":0},{"damage_healed":12,"gold_gain":0,"player_choice":"Full Heal","damage_taken":0,"max_hp_gain":0,"max_hp_loss":0,"event_name":"Wheel of Change","floor":21,"gold_loss":0}],"is_beta":false,"boss_relics":[{"not_picked":["Philosopher\u0027s Stone","Orrery"],"picked":"FrozenCore"}],"items_purged_floors":[],"is_endless":false,"potions_floor_spawned":[7,16],"killed_by":"Gremlin Leader","ascension_level":5}