{"gold_per_floor":[110,110,121,132,53,53,71,85,85,102,27,27,58,68,68,68],"floor_reached":16,"playtime":741,"items_purged":["Strike_R"],"score":130,"play_id":"23c8bc9b-c576-4e65-b145-503ba6bb7330","local_time":"20181031013107","is_ascension_mode":true,"campfire_choices":[{"data":"Armaments","floor":6,"key":"SMITH"},{"data":"Bash","floor":12,"key":"SMITH"},{"data":"Wild Strike","floor":15,"key":"SMITH"}],"neow_cost":"NONE","seed_source_timestamp":358776854333314,"circlet_count":0,"master_deck":["Strike_R","Strike_R","Strike_R","Defend_R","Defend_R","Defend_R","Bash+1","Battle Trance","Armaments+1","Wild Strike+1","Evolve","Shrug It Off","Shrug It Off"],"relics":["Burning Blood","Letter Opener","Meat on the Bone"],"potions_floor_usage":[13],"damage_taken":[{"damage":7,"enemies":"Small Slimes","floor":1,"turns":4},{"damage":1,"enemies":"Cultist","floor":3,"turns":3},{"damage":5,"enemies":"2 Louse","floor":4,"turns":3},{"damage":15,"enemies":"Exordium Thugs","floor":7,"turns":8},{"damage":0,"enemies":"2 Fungi Beasts","floor":8,"turns":3},{"damage":6,"enemies":"Exordium Wildlife","floor":10,"turns":5},{"damage":5,"enemies":"3 Sentries","floor":13,"turns":8},{"damage":0,"enemies":"Red Slaver","floor":14,"turns":4},{"damage":0,"enemies":"The Guardian","floor":16,"turns":2}],"seed_played":"7316773033091376362","potions_obtained":[{"floor":3,"key":"Regen Potion"},{"floor":4,"key":"SpeedPotion"},{"floor":14,"key":"FearPotion"}],"is_trial":false,"path_per_floor":["M","?","M","M","$","R","M","M","T","M","$","R","E","M","R"],"character_chosen":"IRONCLAD","items_purchased":["Armaments","Wild Strike"],"campfire_rested":0,"item_purchase_floors":[5,5],"current_hp_per_floor":[79,72,77,78,78,78,69,75,75,75,75,75,80,80,80,80],"gold":68,"neow_bonus":"REMOVE_CARD","is_prod":false,"is_daily":false,"chose_seed":false,"campfire_upgraded":3,"win_rate":0,"timestamp":1540917067,"path_taken":["M","?","M","M","$","R","M","M","T","M","?","R","E","M","R","BOSS"],"build_version":"2018-10-25v2","purchased_purges":1,"victory":false,"max_hp_per_floor":[80,80,80,80,80,80,80,80,80,80,80,80,80,80,80,80],"card_choices":[{"not_picked":["Clothesline","Anger","Sever Soul"],"picked":"SKIP","floor":1},{"not_picked":["Flex","Cleave","Sever Soul"],"picked":"SKIP","floor":3},{"not_picked":["Shrug It Off","Pummel"],"picked":"Battle Trance","floor":4},{"not_picked":["Dual Wield","Havoc"],"picked":"Evolve","floor":7},{"not_picked":["Bloodletting","Rampage"],"picked":"Shrug It Off","floor":8},{"not_picked":["Sword Boomerang","Havoc","Armaments"],"picked":"SKIP","floor":10},{"not_picked":["Berserk","Hemokinesis"],"picked":"Shrug It Off","floor":13},{"not_picked":["Sentinel","Clothesline","Burning Pact"],"picked":"SKIP","floor":14}],"player_experience":414532,"relics_obtained":[{"floor":9,"key":"Letter Opener"},{"floor":13,"key":"Meat on the Bone"}],"event_choices":[{"cards_removed":["Defend_R"],"damage_healed":0,"gold_gain":0,"player_choice":"Card Removal","damage_taken":7,"max_hp_gain":0,"max_hp_loss":0,"event_name":"Golden Wing","floor":2,"gold_loss":0}],"is_beta":false,"boss_relics":[],"items_purged_floors":[11],"is_endless":false,"potions_floor_spawned":[3,4,14],"killed_by":"The Guardian","ascension_level":5}