{"gold_per_floor":[116,128,16,91,111,111,11,11,11,11,31,31,45,59,59,164,164,178,178,178,32,49,49,79,79,156,166,18,18,18,34,34,132,132,144,144,144],"floor_reached":37,"playtime":1872,"items_purged":["Strike_B","Defend_B"],"score":476,"play_id":"341d2a3d-07e2-4126-b1b3-9529899eea48","local_time":"20180914085835","is_ascension_mode":true,"campfire_choices":[{"data":"Zap","floor":6.0,"key":"SMITH"},{"data":"Dualcast","floor":8.0,"key":"SMITH"},{"data":"Conserve Battery","floor":10.0,"key":"SMITH"},{"data":"Cold Snap","floor":12.0,"key":"SMITH"},{"data":"Go for the Eyes","floor":15.0,"key":"SMITH"},{"data":"Machine Learning","floor":23.0,"key":"SMITH"},{"data":"Capacitor","floor":25,"key":"SMITH"},{"data":"Thunder Strike","floor":32,"key":"SMITH"}],"neow_cost":"","seed_source_timestamp":0,"circlet_count":0,"master_deck":["Strike_B","Strike_B","Defend_B","Defend_B","Defend_B","Zap+1","Dualcast+1","Go for the Eyes+1","Conserve Battery+1","Capacitor+1","BootSequence","Cold Snap+1","Core Surge","Hologram","Machine Learning+1","Consume+1","Thunder Strike+1","Cold Snap","Cold Snap+1","Writhe","Ball Lightning","Shame","Loop","Biased Cognition","Self Repair","Forethought","Mind Blast","Apotheosis"],"special_seed":0,"relics":["Cracked Core","Bottled Tornado","Cursed Key","MutagenicStrength","Pocketwatch","Cables","PreservedInsect","Thread and Needle","Runic Pyramid"],"potions_floor_usage":[28,30,33,33],"damage_taken":[{"damage":0.0,"enemies":"Cultist","floor":1.0,"turns":3.0},{"damage":7.0,"enemies":"Jaw Worm","floor":2.0,"turns":3.0},{"damage":2.0,"enemies":"2 Louse","floor":5.0,"turns":2.0},{"damage":1.0,"enemies":"Looter","floor":11.0,"turns":3.0},{"damage":6.0,"enemies":"Blue Slaver","floor":13.0,"turns":3.0},{"damage":7.0,"enemies":"Large Slime","floor":14.0,"turns":5.0},{"damage":23.0,"enemies":"Slime Boss","floor":16.0,"turns":14.0},{"damage":7.0,"enemies":"3 Byrds","floor":18.0,"turns":6.0},{"damage":0.0,"enemies":"Chosen","floor":22.0,"turns":3.0},{"damage":8,"enemies":"Book of Stabbing","floor":24,"turns":6},{"damage":11,"enemies":"Centurion and Healer","floor":27,"turns":8},{"damage":0,"enemies":"Slavers","floor":30,"turns":1},{"damage":10,"enemies":"Snake Plant","floor":31,"turns":4},{"damage":18,"enemies":"Collector","floor":33,"turns":8},{"damage":22,"enemies":"3 Darklings","floor":35,"turns":5},{"damage":19,"enemies":"3 Shapes","floor":37,"turns":3}],"seed_played":"202966809163742523","potions_obtained":[{"floor":2.0,"key":"SmokeBomb"},{"floor":11.0,"key":"SkillPotion"},{"floor":16.0,"key":"Regen Potion"},{"floor":27,"key":"Fruit Juice"},{"floor":31,"key":"FocusPotion"}],"is_trial":false,"path_per_floor":["M","M","$","?","M","R","$","R","T","R","M","R","M","M","R","B",null,"M","?","?","$","M","R","E","R","T","M","$","?","E","M","R","B",null,"M","?"],"character_chosen":"DEFECT","items_purchased":["Capacitor","Thunder Strike","PreservedInsect"],"campfire_rested":0,"item_purchase_floors":[3,21,28],"current_hp_per_floor":[75,68,68,57,55,55,55,55,55,55,54,54,48,41,41,18,75,68,68,68,68,75,75,67,67,67,56,61,61,61,51,51,33,80,58,48,29],"gold":144,"neow_bonus":"","is_prod":false,"is_daily":false,"chose_seed":false,"campfire_upgraded":8,"win_rate":0,"timestamp":1536883115,"path_taken":["M","M","?","?","M","R","$","R","T","R","M","R","M","M","R","BOSS","M","?","?","?","M","R","E","R","T","?","$","?","E","?","R","BOSS","M","?","M"],"build_version":"2018-09-06","purchased_purges":2,"victory":false,"max_hp_per_floor":[75,75,75,75,75,75,75,75,75,75,75,75,75,75,75,75,75,75,75,75,75,75,75,75,75,75,75,80,80,80,80,80,80,80,80,80,80],"card_choices":[{"not_picked":["Coolheaded","Compile Driver"],"picked":"Go for the Eyes","floor":1.0},{"not_picked":["Beam Cell","Cold Snap"],"picked":"Conserve Battery","floor":2.0},{"not_picked":["Coolheaded","Hologram"],"picked":"BootSequence","floor":5.0},{"not_picked":["Darkness","Hologram"],"picked":"Cold Snap","floor":11.0},{"not_picked":["Turbo","Genetic Algorithm"],"picked":"Core Surge","floor":13.0},{"not_picked":["Doom and Gloom","Rebound"],"picked":"Hologram","floor":14.0},{"not_picked":["All For One","Hyperbeam"],"picked":"Machine Learning","floor":16.0},{"not_picked":["Sweeping Beam","Compile Driver"],"picked":"Consume+1","floor":18.0},{"not_picked":["Steam","Go for the Eyes"],"picked":"Cold Snap","floor":22.0},{"not_picked":["Coolheaded","Streamline"],"picked":"Cold Snap+1","floor":24},{"not_picked":["Conserve Battery","Beam Cell+1"],"picked":"Ball Lightning","floor":27},{"not_picked":["Cold Snap","Hologram"],"picked":"Loop","floor":31},{"not_picked":["Creative AI","Multi-Cast"],"picked":"Biased Cognition","floor":33},{"not_picked":["Aggregate","Gash"],"picked":"Self Repair","floor":35},{"not_picked":["Bandage Up","PanicButton"],"picked":"Forethought","floor":36},{"not_picked":["Sadistic Nature","Madness"],"picked":"Mind Blast","floor":36},{"not_picked":["Sadistic Nature","Bandage Up"],"picked":"Apotheosis","floor":36}],"player_experience":264573,"relics_obtained":[{"floor":9.0,"key":"Bottled Tornado"},{"floor":24,"key":"Pocketwatch"},{"floor":26,"key":"Cables"}],"event_choices":[{"event_name":"World of Goop","player_choice":"Gather Gold","floor":4.0,"damage_taken":0.0},{"event_name":"Drug Dealer","player_choice":"Inject Mutagens","floor":19.0,"damage_taken":0.0},{"event_name":"Back to Basics","player_choice":"Elegance","floor":20.0,"damage_taken":0.0},{"event_name":"Addict","player_choice":"Stole Relic","floor":29,"damage_taken":0},{"event_name":"SensoryStone","player_choice":"Memory 3","floor":36,"damage_taken":0}],"is_beta":false,"boss_relics":[{"not_picked":["Runic Dome","Philosopher\u0027s Stone"],"picked":"Cursed Key"},{"not_picked":["Lizard Tail","Eternal Feather"],"picked":"Runic Pyramid"}],"items_purged_floors":[3,7],"is_endless":false,"potions_floor_spawned":[2,11,16,18,27,30,31],"killed_by":"3 Shapes","ascension_level":4}