{"gold_per_floor":[118,368,384,384,395,395,425,425,504,516,534,98,132,32,32,132,132,151,164,179,179,190,190,203,203,284,296,296,15,27,40,40,135,135,153,153,28,39,39,39,51,51,51,51,70,70,81,99,99,99],"floor_reached":50,"playtime":3861,"items_purged":["Regret","Defend_G","Decay"],"score":508,"play_id":"725e7459-1d73-43b5-a3cd-14abd4fde146","local_time":"20180709025730","is_ascension_mode":false,"campfire_choices":[{"data":"Dodge and Roll","floor":6,"key":"SMITH"},{"floor":8,"key":"REST"},{"floor":15,"key":"REST"},{"data":"Cloak And Dagger","floor":23,"key":"SMITH"},{"data":"Neutralize","floor":25,"key":"SMITH"},{"floor":28,"key":"REST"},{"floor":32,"key":"REST"},{"data":"Apotheosis","floor":40,"key":"SMITH"},{"data":"Wraith Form v2","floor":42,"key":"SMITH"},{"data":"Backflip","floor":44,"key":"SMITH"},{"floor":49,"key":"REST"}],"neow_cost":"NONE","seed_source_timestamp":190022598347088,"circlet_count":0,"master_deck":["Defend_G","Defend_G","Defend_G","Defend_G","Strike_G","Strike_G","Strike_G","Strike_G","Strike_G","Survivor","Neutralize+1","Quick Slash","Dodge and Roll+1","Dodge and Roll","PiercingWail","Dagger Spray","Backflip+1","Wraith Form v2+1","Cloak And Dagger+1","Tools of the Trade+1","PiercingWail","Dagger Spray","Footwork+1","Backflip+1","Deflect+1","Bullet Time","Apotheosis+1","Noxious Fumes+1","Deadly Poison+1","Prepared","Bullet Time","Poisoned Stab","Prepared+1","Bane+1","Bane","Caltrops+1","Crippling Poison"],"relics":["Ring of the Snake","Bronze Scales","Mercury Hourglass","Pantograph","Dream Catcher","Frozen Egg 2","Sozu","Letter Opener","Dodecahedron"],"potions_floor_usage":[16,16],"damage_taken":[{"damage":0,"enemies":"Cultist","floor":1,"turns":3},{"damage":3,"enemies":"Jaw Worm","floor":3,"turns":7},{"damage":4,"enemies":"2 Louse","floor":5,"turns":3},{"damage":21,"enemies":"3 Sentries","floor":7,"turns":14},{"damage":5,"enemies":"Large Slime","floor":10,"turns":6},{"damage":4,"enemies":"Blue Slaver","floor":11,"turns":3},{"damage":20,"enemies":"Gremlin Nob","floor":13,"turns":4},{"damage":71,"enemies":"The Guardian","floor":16,"turns":16},{"damage":7,"enemies":"2 Thieves","floor":18,"turns":4},{"damage":5,"enemies":"Chosen","floor":19,"turns":6},{"damage":14,"enemies":"Snake Plant","floor":20,"turns":5},{"damage":12,"enemies":"Centurion and Healer","floor":22,"turns":7},{"damage":15,"enemies":"Cultist and Chosen","floor":24,"turns":7},{"damage":1,"enemies":"Snake Plant","floor":27,"turns":5},{"damage":0,"enemies":"Chosen and Byrds","floor":30,"turns":4},{"damage":0,"enemies":"Centurion and Healer","floor":31,"turns":6},{"damage":58,"enemies":"Champ","floor":33,"turns":12},{"damage":1,"enemies":"3 Darklings","floor":35,"turns":3},{"damage":0,"enemies":"3 Shapes","floor":38,"turns":4},{"damage":15,"enemies":"3 Darklings","floor":41,"turns":4},{"damage":6,"enemies":"Maw","floor":45,"turns":9},{"damage":2,"enemies":"4 Shapes","floor":47,"turns":5},{"damage":28,"enemies":"3 Darklings","floor":48,"turns":4},{"damage":67,"enemies":"Donu and Deca","floor":50,"turns":11}],"seed_played":"-980278148387050287","potions_obtained":[{"floor":5,"key":"SteroidPotion"},{"floor":10,"key":"LiquidBronze"},{"floor":11,"key":"GhostInAJar"},{"floor":13,"key":"Regen Potion"}],"is_trial":false,"path_per_floor":["M","?","M","?","M","R","E","R","T","M","M","$","E","$","R","B",null,"M","M","M","?","M","R","M","R","T","M","R","$","M","M","R","B",null,"M","?","$","M","$","R","M","R","T","R","M","$","M","M","R"],"character_chosen":"THE_SILENT","items_purchased":["Backflip","Wraith Form v2","Dream Catcher","Apotheosis","Noxious Fumes+1"],"campfire_rested":5,"item_purchase_floors":[12,12,12,29,29],"current_hp_per_floor":[70,70,67,55,51,51,30,51,51,46,42,42,22,22,43,11,70,63,58,44,44,32,32,17,17,17,16,37,37,37,37,58,12,70,69,69,69,69,69,69,54,54,54,54,48,48,46,18,39,0],"gold":99,"neow_bonus":"THREE_CARDS","is_prod":false,"is_daily":false,"chose_seed":false,"campfire_upgraded":6,"win_rate":0.0,"timestamp":1531072650,"path_taken":["M","?","M","?","M","R","E","R","T","M","M","$","E","$","R","BOSS","M","M","M","?","M","R","M","R","T","M","R","$","M","M","R","BOSS","M","?","$","M","$","R","M","R","T","R","M","$","M","M","R","BOSS"],"build_version":"2018-07-05","purchased_purges":3,"victory":false,"max_hp_per_floor":[70,70,70,70,70,70,70,70,70,70,70,70,70,70,70,70,70,70,70,70,70,70,70,70,70,70,70,70,70,70,70,70,70,70,70,70,70,70,70,70,70,70,70,70,70,70,70,70,70,70],"card_choices":[{"not_picked":["Flying Knee","Sucker Punch"],"picked":"Quick Slash","floor":0},{"not_picked":["Quick Slash","Crippling Poison"],"picked":"Dodge and Roll","floor":1},{"not_picked":["Distraction","Poisoned Stab"],"picked":"Dodge and Roll","floor":3},{"not_picked":["Calculated Gamble","Reflex"],"picked":"PiercingWail","floor":5},{"not_picked":["Deflect","Well Laid Plans"],"picked":"Dagger Spray","floor":7},{"not_picked":["Slice","Glass Knife","Quick Slash"],"picked":"SKIP","floor":10},{"not_picked":["Deflect","Slice","Noxious Fumes"],"picked":"SKIP","floor":11},{"not_picked":["Deflect","Skewer"],"picked":"Cloak And Dagger","floor":13},{"not_picked":["Night Terror","Unload"],"picked":"Tools of the Trade+1","floor":16},{"not_picked":["Bouncing Flask","Flying Knee","Poisoned Stab"],"picked":"SKIP","floor":18},{"not_picked":["Dodge and Roll","Catalyst"],"picked":"PiercingWail","floor":19},{"not_picked":["Bane","Underhanded Strike"],"picked":"Dagger Spray","floor":20},{"not_picked":["PiercingWail","Crippling Poison","Quick Slash"],"picked":"SKIP","floor":22},{"not_picked":["Slice","Dagger Spray"],"picked":"Backflip+1","floor":24},{"not_picked":["Deadly Poison","Catalyst+1"],"picked":"Deflect+1","floor":27},{"not_picked":["Dodge and Roll","Calculated Gamble"],"picked":"Bullet Time","floor":28},{"not_picked":["Malaise","Dash+1","Flechettes"],"picked":"SKIP","floor":30},{"not_picked":["Underhanded Strike","Dagger Throw"],"picked":"Deadly Poison+1","floor":31},{"not_picked":["Slice","Well Laid Plans+1"],"picked":"Prepared","floor":32},{"not_picked":["Phantasmal Killer","Storm of Steel"],"picked":"Bullet Time","floor":33},{"not_picked":["Eviscerate+1","Expertise+1"],"picked":"Poisoned Stab","floor":35},{"not_picked":["Acrobatics","Sucker Punch+1","Underhanded Strike"],"picked":"SKIP","floor":38},{"not_picked":["Terror","Deflect+1"],"picked":"Prepared+1","floor":41},{"not_picked":["PiercingWail","Noxious Fumes+1"],"picked":"Bane+1","floor":45},{"not_picked":["Quick Slash+1","Distraction"],"picked":"Bane","floor":47},{"not_picked":["Dagger Throw","Storm of Steel"],"picked":"Caltrops+1","floor":48},{"not_picked":["Flying Knee","Deflect+1"],"picked":"Crippling Poison","floor":49}],"player_experience":90086,"relics_obtained":[{"floor":7,"key":"Mercury Hourglass"},{"floor":9,"key":"Pantograph"},{"floor":13,"key":"Frozen Egg 2"},{"floor":26,"key":"Letter Opener"},{"floor":43,"key":"Dodecahedron"}],"event_choices":[{"event_name":"Golden Shrine","player_choice":"Desecrate","floor":2,"damage_taken":0},{"event_name":"Scrap Ooze","player_choice":"success","floor":4,"damage_taken":12},{"event_name":"The Library","player_choice":"Read","floor":21,"damage_taken":0},{"event_name":"Wheel of Change","player_choice":"Curse","floor":36,"damage_taken":0}],"boss_relics":[{"not_picked":["Lizard Tail","Snecko Eye"],"picked":"Sozu"},{"not_picked":["Fusion Hammer","Philosopher\u0027s Stone","Runic Dome"]}],"items_purged_floors":[12,14,37],"is_endless":false,"potions_floor_spawned":[5,10,11,13,19,24,30,31,38,41,48],"killed_by":"Donu and Deca","ascension_level":0}