{"gold_per_floor":[117,133,208,218,238,238,263,281,358,358,373,373,373,388,388,388],"floor_reached":16,"playtime":907,"items_purged":[],"score":140,"play_id":"0e495851-7616-42af-b361-443807ff71f4","local_time":"20180929060940","is_ascension_mode":true,"campfire_choices":[{"data":"Neutralize","floor":6,"key":"SMITH"},{"data":"Cloak And Dagger","floor":10,"key":"SMITH"},{"floor":13,"key":"REST"},{"floor":15,"key":"REST"}],"neow_cost":"NONE","seed_source_timestamp":1122705633048864,"circlet_count":0,"master_deck":["Defend_G","Defend_G","Defend_G","Defend_G","Defend_G","Strike_G","Strike_G","Strike_G","Strike_G","Strike_G","Survivor","Neutralize+1","Deflect","Backflip","Cloak And Dagger+1","Backflip","Cloak And Dagger","Dagger Spray"],"special_seed":0,"relics":["Ring of the Snake","NeowsBlessing","Ornamental Fan","Dodecahedron","GremlinMask"],"potions_floor_usage":[7,8,11],"damage_taken":[{"damage":0.0,"enemies":"Cultist","floor":1.0,"turns":1.0},{"damage":0.0,"enemies":"Jaw Worm","floor":2.0,"turns":1.0},{"damage":0.0,"enemies":"Small Slimes","floor":4.0,"turns":1.0},{"damage":0.0,"enemies":"Red Slaver","floor":5.0,"turns":6.0},{"damage":20,"enemies":"3 Sentries","floor":7,"turns":18},{"damage":10,"enemies":"Lots of Slimes","floor":8,"turns":8},{"damage":11,"enemies":"Large Slime","floor":11,"turns":12},{"damage":9,"enemies":"Red Slaver","floor":14,"turns":4},{"damage":0,"enemies":"Slime Boss","floor":16,"turns":1}],"seed_played":"-5366112713124352558","potions_obtained":[{"floor":1.0,"key":"Dexterity Potion"},{"floor":5,"key":"Weak Potion"},{"floor":8,"key":"Weak Potion"},{"floor":11,"key":"SkillPotion"}],"is_trial":false,"path_per_floor":["M","M","?","M","M","R","E","M","T","R","M","?","R","M","R"],"character_chosen":"THE_SILENT","items_purchased":[],"campfire_rested":2,"item_purchase_floors":[],"current_hp_per_floor":[63,63,52,52,52,52,32,22,22,22,11,11,32,23,44,44],"gold":388,"neow_bonus":"THREE_ENEMY_KILL","is_prod":false,"is_daily":false,"chose_seed":false,"campfire_upgraded":2,"win_rate":0,"timestamp":1538168980,"path_taken":["M","?","?","?","M","R","E","?","T","R","M","?","R","M","R","BOSS"],"build_version":"2018-09-27","purchased_purges":0,"victory":false,"max_hp_per_floor":[70,70,70,70,70,70,70,70,70,70,70,70,70,70,70,70],"card_choices":[{"not_picked":["Accuracy","Acrobatics"],"picked":"Deflect","floor":1.0},{"not_picked":["Masterful Stab","Dagger Throw"],"picked":"Backflip","floor":2.0},{"not_picked":["Glass Knife","Deadly Poison","Bane"],"picked":"SKIP","floor":4.0},{"not_picked":["Terror","Acrobatics"],"picked":"Cloak And Dagger","floor":5},{"not_picked":["Outmaneuver","Prepared"],"picked":"Backflip","floor":7},{"not_picked":["Escape Plan","Noxious Fumes"],"picked":"Cloak And Dagger","floor":8},{"not_picked":["Blur","Well Laid Plans"],"picked":"Dagger Spray","floor":11},{"not_picked":["Outmaneuver","Sucker Punch","Dodge and Roll"],"picked":"SKIP","floor":14}],"player_experience":319540,"relics_obtained":[{"floor":7,"key":"Ornamental Fan"},{"floor":9,"key":"Dodecahedron"}],"event_choices":[{"event_name":"World of Goop","player_choice":"Gather Gold","floor":3.0,"damage_taken":0.0},{"event_name":"FaceTrader","player_choice":"Trade","floor":12,"damage_taken":0}],"is_beta":false,"boss_relics":[],"items_purged_floors":[],"is_endless":false,"potions_floor_spawned":[1,5,8,11],"killed_by":"Slime Boss","ascension_level":7}