{"gold_per_floor":[116,116,130,130,144,144,208,220,220,395,363,363,363,377,377,377],"floor_reached":16,"playtime":343,"items_purged":[],"score":170,"play_id":"892d2b81-4d9a-4986-9f5d-ed4392c686e8","local_time":"20190517171952","is_ascension_mode":true,"campfire_choices":[{"floor":6,"key":"REST"},{"floor":12,"key":"REST"},{"floor":15,"key":"REST"}],"neow_cost":"PERCENT_DAMAGE","seed_source_timestamp":2758616412083539,"circlet_count":0,"master_deck":["AscendersBane","Defend_G","Defend_G","Defend_G","Defend_G","Defend_G","Strike_G","Strike_G","Strike_G","Strike_G","Survivor+1","Neutralize+1","PiercingWail","Flying Knee","Escape Plan","Dagger Spray","Terror","Dagger Spray","Doubt","Footwork"],"relics":["Ring of the Snake","The Specimen","Tiny Chest","Bronze Scales","Mercury Hourglass"],"potions_floor_usage":[16],"damage_taken":[{"damage":6,"enemies":"Cultist","floor":1,"turns":6},{"damage":0,"enemies":"2 Louse","floor":3,"turns":4},{"damage":0,"enemies":"Small Slimes","floor":5,"turns":4},{"damage":38,"enemies":"Gremlin Nob","floor":7,"turns":5},{"damage":0,"enemies":"2 Fungi Beasts","floor":8,"turns":3},{"damage":0,"enemies":"3 Louse","floor":14,"turns":1},{"damage":49,"enemies":"Slime Boss","floor":16,"turns":10}],"seed_played":"-1522707524507086347","potions_obtained":[{"floor":14,"key":"Poison Potion"}],"is_trial":false,"path_per_floor":["M","?","M","?","M","R","E","M","T","?","?","R","T","M","R","B"],"character_chosen":"THE_SILENT","items_purchased":[],"campfire_rested":3,"item_purchase_floors":[],"current_hp_per_floor":[38,25,25,25,25,44,6,6,6,6,6,25,25,25,44,0],"gold":377,"neow_bonus":"ONE_RARE_RELIC","is_prod":false,"is_daily":false,"chose_seed":false,"campfire_upgraded":0,"win_rate":0,"timestamp":1558070392,"path_taken":["M","?","M","?","M","R","E","M","T","?","?","R","?","?","R","BOSS"],"build_version":"2019-01-23","purchased_purges":0,"victory":false,"max_hp_per_floor":[66,66,66,66,66,66,66,66,66,66,66,66,66,66,66,66],"card_choices":[{"not_picked":["Quick Slash","Heel Hook"],"picked":"PiercingWail","floor":1},{"not_picked":["Bane","Prepared"],"picked":"Flying Knee","floor":3},{"not_picked":["Prepared","Outmaneuver"],"picked":"Dagger Spray","floor":5},{"not_picked":["Cloak And Dagger","Predator"],"picked":"Terror","floor":7},{"not_picked":["Poisoned Stab","Flying Knee"],"picked":"Dagger Spray","floor":8},{"not_picked":["Sucker Punch","Phantasmal Killer"],"picked":"Footwork","floor":14}],"player_experience":285554,"relics_obtained":[{"floor":7,"key":"Tiny Chest"},{"floor":9,"key":"Bronze Scales"},{"floor":13,"key":"Mercury Hourglass"}],"event_choices":[{"damage_healed":0,"gold_gain":0,"player_choice":"Entered Light","damage_taken":13,"max_hp_gain":0,"max_hp_loss":0,"event_name":"Shining Light","floor":2,"gold_loss":0,"cards_upgraded":["Survivor","Neutralize"]},{"damage_healed":0,"gold_gain":0,"cards_transformed":["Strike_G"],"player_choice":"Change","damage_taken":0,"max_hp_gain":0,"max_hp_loss":0,"event_name":"Living Wall","floor":4,"gold_loss":0,"cards_obtained":["Escape Plan"]},{"damage_healed":0,"gold_gain":175,"player_choice":"AGREE","damage_taken":0,"max_hp_gain":0,"max_hp_loss":0,"event_name":"Liars Game","floor":10,"gold_loss":0,"cards_obtained":["Doubt"]},{"damage_healed":0,"gold_gain":0,"player_choice":"Left Gold","damage_taken":0,"max_hp_gain":0,"max_hp_loss":0,"event_name":"World of Goop","floor":11,"gold_loss":32}],"is_beta":false,"boss_relics":[],"items_purged_floors":[],"is_endless":false,"potions_floor_spawned":[14],"killed_by":"Slime Boss","ascension_level":14}