{"gold_per_floor":[111,125,135,147,162,162,178,178,178,193,66,84,159,169,169,269,269,282,282,30,41,61,61,92,17,17,17,51,51,51,51,51,149,199,212,224,235,110,210,210,210],"floor_reached":41,"playtime":3161,"items_purged":["Strike_G","Strike_G","Bouncing Flask"],"score":495,"play_id":"073a5d6c-8c7a-42ce-af2a-5c157c60ef11","local_time":"20190517033724","is_ascension_mode":true,"campfire_choices":[{"data":"Accuracy","floor":6,"key":"SMITH"},{"data":"Blade Dance","floor":8,"key":"SMITH"},{"floor":15,"key":"REST"},{"floor":23,"key":"REST"},{"floor":27,"key":"REST"},{"floor":30,"key":"REST"},{"data":"Noxious Fumes","floor":32,"key":"SMITH"},{"floor":40,"key":"REST"}],"neow_cost":"NONE","seed_source_timestamp":4665951240700,"circlet_count":0,"master_deck":["Defend_G","Defend_G","Defend_G","Defend_G","Defend_G","Survivor","Neutralize+1","Accuracy+1","Dagger Spray","Blade Dance+1","Well Laid Plans","Cloak And Dagger","Cloak And Dagger","Corpse Explosion","A Thousand Cuts","Infinite Blades","Terror","Escape Plan","Poisoned Stab","Noxious Fumes+1","Storm of Steel+1","Bouncing Flask+1","Cloak And Dagger"],"relics":["Ring of the Snake","PreservedInsect","Sozu","Bronze Scales","Snake Skull","Pantograph","Ancient Tea Set","Tiny House","Turnip"],"potions_floor_usage":[12,14,16,16,22],"damage_taken":[{"damage":0,"enemies":"Cultist","floor":1,"turns":4},{"damage":3,"enemies":"Jaw Worm","floor":2,"turns":4},{"damage":1,"enemies":"Small Slimes","floor":3,"turns":4},{"damage":24,"enemies":"Exordium Wildlife","floor":4,"turns":5},{"damage":2,"enemies":"2 Fungi Beasts","floor":5,"turns":4},{"damage":3,"enemies":"Blue Slaver","floor":7,"turns":3},{"damage":8,"enemies":"Large Slime","floor":10,"turns":6},{"damage":0,"enemies":"Looter","floor":12,"turns":4},{"damage":0,"enemies":"2 Fungi Beasts","floor":14,"turns":3},{"damage":8,"enemies":"Hexaghost","floor":16,"turns":9},{"damage":22,"enemies":"Shell Parasite","floor":18,"turns":6},{"damage":9,"enemies":"Spheric Guardian","floor":21,"turns":4},{"damage":21,"enemies":"Shelled Parasite and Fungi","floor":22,"turns":3},{"damage":27,"enemies":"Book of Stabbing","floor":24,"turns":6},{"damage":0,"enemies":"Gremlin Leader","floor":28,"turns":5},{"damage":43,"enemies":"Collector","floor":33,"turns":6},{"damage":37,"enemies":"3 Shapes","floor":35,"turns":3},{"damage":9,"enemies":"3 Darklings","floor":36,"turns":3},{"damage":22,"enemies":"Sphere and 2 Shapes","floor":37,"turns":4},{"damage":13,"enemies":"Mind Bloom Boss Battle","floor":39,"turns":6},{"damage":51,"enemies":"Maw","floor":41,"turns":4}],"seed_played":"-7099756541281534252","potions_obtained":[{"floor":2,"key":"Swift Potion"},{"floor":4,"key":"Dexterity Potion"},{"floor":7,"key":"Energy Potion"},{"floor":12,"key":"Poison Potion"},{"floor":14,"key":"GamblersBrew"}],"is_trial":false,"path_per_floor":["M","M","M","M","M","R","M","R","T","M","$","M","?","M","R","B",null,"M","?","$","M","M","R","E","?","T","R","E","?","R","?","R","B",null,"M","M","M","$","?","R","M"],"character_chosen":"THE_SILENT","items_purchased":["Cloak And Dagger","Bronze Scales"],"campfire_rested":5,"item_purchase_floors":[11,20],"current_hp_per_floor":[70,67,66,42,40,40,37,37,37,29,29,29,18,18,39,31,70,48,48,48,39,18,39,12,12,12,33,33,33,54,54,54,27,75,38,29,7,7,19,41,0],"gold":210,"neow_bonus":"UPGRADE_CARD","is_prod":false,"is_daily":false,"chose_seed":false,"campfire_upgraded":3,"win_rate":0,"timestamp":1558035444,"path_taken":["M","M","M","?","M","R","M","R","T","?","$","M","?","M","R","BOSS","M","?","$","?","M","R","E","?","T","R","E","?","R","?","R","BOSS","M","M","M","$","?","R","M"],"build_version":"2019-01-17","purchased_purges":3,"victory":false,"max_hp_per_floor":[70,70,70,70,70,70,70,70,70,70,70,70,70,70,70,70,70,70,70,70,70,70,70,70,70,70,70,70,70,70,70,70,70,75,75,75,75,75,75,75,75],"card_choices":[{"not_picked":["PiercingWail","Poisoned Stab"],"picked":"Bouncing Flask","floor":1},{"not_picked":["Dash","Calculated Gamble"],"picked":"Accuracy","floor":2},{"not_picked":["Acrobatics","Outmaneuver"],"picked":"Dagger Spray","floor":3},{"not_picked":["Slice","Flying Knee"],"picked":"Blade Dance","floor":4},{"not_picked":["Eviscerate","Predator"],"picked":"Well Laid Plans","floor":5},{"not_picked":["Flying Knee","PiercingWail","Riddle With Holes"],"picked":"SKIP","floor":7},{"not_picked":["Underhanded Strike","Backstab"],"picked":"Cloak And Dagger","floor":10},{"not_picked":["Deflect","Predator","Sucker Punch"],"picked":"SKIP","floor":12},{"not_picked":["Well Laid Plans","Terror"],"picked":"Corpse Explosion","floor":14},{"not_picked":["Dodge and Roll","Bane","Dagger Throw+1"],"picked":"SKIP","floor":18},{"not_picked":["Acrobatics","Dagger Spray+1"],"picked":"Infinite Blades","floor":21},{"not_picked":["Heel Hook","Dodge and Roll","Caltrops"],"picked":"SKIP","floor":22},{"not_picked":["Dagger Spray","Bane","Wraith Form v2"],"picked":"SKIP","floor":24},{"not_picked":["PiercingWail+1","Reflex+1"],"picked":"Terror","floor":28},{"not_picked":["A Thousand Cuts","Unload"],"picked":"Storm of Steel","floor":33},{"not_picked":["Escape Plan","Cloak And Dagger"],"picked":"Bouncing Flask+1","floor":35},{"not_picked":["Outmaneuver+1","PiercingWail+1","Acrobatics+1"],"picked":"SKIP","floor":36},{"not_picked":["Bouncing Flask","All Out Attack","Eviscerate"],"picked":"SKIP","floor":37},{"not_picked":["Prepared+1","Expertise"],"picked":"Cloak And Dagger","floor":39}],"player_experience":136971,"relics_obtained":[{"floor":9,"key":"PreservedInsect"},{"floor":24,"key":"Snake Skull"},{"floor":26,"key":"Pantograph"},{"floor":28,"key":"Ancient Tea Set"},{"floor":39,"key":"Turnip"}],"event_choices":[{"damage_healed":0,"gold_gain":75,"player_choice":"Gather Gold","damage_taken":11,"max_hp_gain":0,"max_hp_loss":0,"event_name":"World of Goop","floor":13,"gold_loss":0},{"damage_healed":0,"gold_gain":0,"player_choice":"1 cards matched","damage_taken":0,"max_hp_gain":0,"max_hp_loss":0,"event_name":"Match and Keep!","floor":19,"gold_loss":0,"cards_obtained":["A Thousand Cuts"]},{"cards_removed":["Strike_G"],"damage_healed":0,"gold_gain":0,"player_choice":"Gave Gold","damage_taken":0,"max_hp_gain":0,"max_hp_loss":0,"event_name":"Beggar","floor":25,"gold_loss":75},{"damage_healed":0,"gold_gain":0,"cards_transformed":["Strike_G","Strike_G"],"player_choice":"Became Test Subject","damage_taken":0,"max_hp_gain":0,"max_hp_loss":0,"event_name":"Drug Dealer","floor":29,"gold_loss":0,"cards_obtained":["Escape Plan","Poisoned Stab"]},{"damage_healed":0,"gold_gain":0,"player_choice":"Read","damage_taken":0,"max_hp_gain":0,"max_hp_loss":0,"event_name":"The Library","floor":31,"gold_loss":0,"cards_obtained":["Noxious Fumes"]},{"damage_healed":0,"gold_gain":0,"player_choice":"Fight","damage_taken":0,"max_hp_gain":0,"max_hp_loss":0,"event_name":"MindBloom","floor":39,"gold_loss":0}],"is_beta":false,"boss_relics":[{"not_picked":["Runic Dome","White Beast Statue"],"picked":"Sozu"},{"not_picked":["Calling Bell","Busted Crown"],"picked":"Tiny House"}],"items_purged_floors":[11,20,38],"is_endless":false,"potions_floor_spawned":[2,4,7,12,14,18,24,35,39],"killed_by":"Maw","ascension_level":2}