{"gold_per_floor":[115,127,77,77,77,107,125,125],"floor_reached":8,"playtime":358,"items_purged":[],"score":56,"play_id":"2ef13975-e550-42a6-82b0-34efc18841a3","local_time":"20190504005443","is_ascension_mode":false,"campfire_choices":[],"neow_cost":"NONE","seed_source_timestamp":1576279108462508,"circlet_count":0,"master_deck":["Defend_G","Defend_G","Defend_G","Strike_G","Strike_G","Strike_G","Strike_G","Survivor","Neutralize","Distraction","PiercingWail","Regret","Pain","Footwork","Escape Plan"],"relics":["Empty Cage","Dream Catcher","WarpedTongs","Snake Skull"],"potions_floor_usage":[7,8],"damage_taken":[{"damage":0,"enemies":"Jaw Worm","floor":1,"turns":5},{"damage":3,"enemies":"Small Slimes","floor":2,"turns":4},{"damage":63,"enemies":"3 Sentries","floor":6,"turns":18},{"damage":2,"enemies":"Cultist","floor":7,"turns":4},{"damage":5,"enemies":"3 Louse","floor":8,"turns":2}],"seed_played":"-1966084854615258049","potions_obtained":[{"floor":6,"key":"SteroidPotion"},{"floor":7,"key":"Block Potion"}],"is_trial":false,"path_per_floor":["M","M","?","?","?","E","M","M"],"character_chosen":"THE_SILENT","items_purchased":[],"campfire_rested":0,"item_purchase_floors":[],"current_hp_per_floor":[70,67,67,67,67,4,2,0],"gold":125,"neow_bonus":"BOSS_RELIC","is_prod":false,"is_daily":false,"chose_seed":false,"campfire_upgraded":0,"win_rate":0,"timestamp":1556888083,"path_taken":["M","M","?","?","?","E","M","?"],"build_version":"2019-01-23","purchased_purges":0,"victory":false,"max_hp_per_floor":[70,70,70,70,70,70,70,70],"card_choices":[{"not_picked":["Outmaneuver","Heel Hook"],"picked":"Distraction","floor":1},{"not_picked":["Underhanded Strike","Slice"],"picked":"PiercingWail","floor":2},{"not_picked":["Leg Sweep","Slice"],"picked":"Footwork","floor":6},{"not_picked":["Sucker Punch","Terror"],"picked":"Escape Plan","floor":7}],"player_experience":171363,"relics_obtained":[{"floor":6,"key":"Snake Skull"}],"event_choices":[{"cards_removed":["Defend_G"],"damage_healed":0,"gold_gain":0,"player_choice":"Card Removal","damage_taken":0,"max_hp_gain":0,"max_hp_loss":0,"event_name":"The Cleric","floor":3,"gold_loss":50},{"damage_healed":0,"gold_gain":0,"player_choice":"Box","damage_taken":0,"relics_obtained":["Dream Catcher"],"max_hp_gain":0,"max_hp_loss":0,"event_name":"Big Fish","floor":4,"gold_loss":0,"cards_obtained":["Regret"]},{"damage_healed":0,"gold_gain":0,"player_choice":"Rummage","damage_taken":0,"relics_obtained":["WarpedTongs"],"max_hp_gain":0,"max_hp_loss":0,"event_name":"Accursed Blacksmith","floor":5,"gold_loss":0,"cards_obtained":["Pain"]}],"is_beta":false,"boss_relics":[],"items_purged_floors":[],"is_endless":false,"potions_floor_spawned":[6,7],"killed_by":"3 Louse","ascension_level":0}