{"gold_per_floor":[113,123,133,153,166,166,0,11,35,35,45,45,45,62,62,158,158,175,192,107,123,123,123,135,135,161,161,173,187,199,217,217,217],"floor_reached":33,"playtime":2124,"items_purged":[],"score":247,"play_id":"8cd07357-c4cd-4543-84b8-460d688dda51","local_time":"20180708201225","is_ascension_mode":false,"campfire_choices":[{"data":"Warcry","floor":6,"key":"SMITH"},{"floor":12,"key":"REST"},{"data":"Perfected Strike","floor":15,"key":"SMITH"},{"data":"Armaments","floor":23,"key":"SMITH"},{"floor":25,"key":"REST"},{"data":"Wild Strike","floor":27,"key":"SMITH"},{"floor":32,"key":"REST"}],"neow_cost":"NONE","seed_source_timestamp":167454596985403,"circlet_count":0,"master_deck":["Strike_R+1","Strike_R+1","Strike_R+1","Strike_R+1","Strike_R+1","Defend_R+1","Defend_R+1","Defend_R+1","Defend_R+1","Bash","Warcry","Whirlwind","Warcry+1","Perfected Strike+1","Wild Strike+1","Shrug It Off","Armaments+1","Reckless Charge+1","Wild Strike"],"relics":["Burning Blood","Regal Pillow","Bag of Preparation","Bag of Marbles","White Beast Statue","Omamori","Art of War"],"potions_floor_usage":[16,16,19,24,31,31,33],"damage_taken":[{"damage":8,"enemies":"Cultist","floor":1,"turns":5},{"damage":14,"enemies":"Jaw Worm","floor":2,"turns":5},{"damage":7,"enemies":"Small Slimes","floor":3,"turns":5},{"damage":1,"enemies":"2 Fungi Beasts","floor":4,"turns":3},{"damage":34,"enemies":"Large Slime","floor":5,"turns":7},{"damage":5,"enemies":"Looter","floor":8,"turns":3},{"damage":8,"enemies":"Exordium Wildlife","floor":11,"turns":5},{"damage":0,"enemies":"Lots of Slimes","floor":14,"turns":1},{"damage":64,"enemies":"Hexaghost","floor":16,"turns":11},{"damage":0,"enemies":"3 Byrds","floor":18,"turns":6},{"damage":21,"enemies":"Spheric Guardian","floor":19,"turns":5},{"damage":8,"enemies":"Snecko","floor":21,"turns":5},{"damage":34,"enemies":"3 Cultists","floor":24,"turns":8},{"damage":16,"enemies":"Centurion and Healer","floor":28,"turns":6},{"damage":26,"enemies":"Snake Plant","floor":29,"turns":4},{"damage":38,"enemies":"Sentry and Sphere","floor":30,"turns":8},{"damage":5,"enemies":"3 Cultists","floor":31,"turns":4},{"damage":72,"enemies":"Automaton","floor":33,"turns":7}],"seed_played":"-1082824349082330362","potions_obtained":[{"floor":2,"key":"Ancient Potion"},{"floor":3,"key":"Weak Potion"},{"floor":5,"key":"SmokeBomb"},{"floor":8,"key":"FearPotion"},{"floor":16,"key":"Energy Potion"},{"floor":18,"key":"Poison Potion"},{"floor":19,"key":"Strength Potion"},{"floor":24,"key":"SteroidPotion"},{"floor":28,"key":"LiquidBronze"},{"floor":31,"key":"FairyPotion"}],"is_trial":false,"path_per_floor":["M","M","M","M","M","R","$","M","T","?","M","R","$","M","R","B",null,"M","M","?","M","?","R","M","R","T","R","M","M","M","M","R"],"character_chosen":"IRONCLAD","items_purchased":["Perfected Strike","Bag of Preparation"],"campfire_rested":3,"item_purchase_floors":[7,7],"current_hp_per_floor":[78,70,69,74,46,46,46,47,47,31,29,68,68,74,74,16,80,80,65,65,63,63,63,35,74,74,74,64,44,12,13,52,0],"gold":217,"neow_bonus":"RANDOM_COMMON_RELIC","is_prod":false,"is_daily":false,"chose_seed":false,"campfire_upgraded":4,"win_rate":0.0,"timestamp":1531048345,"path_taken":["M","M","M","M","M","R","$","?","T","?","M","R","$","M","R","BOSS","M","M","?","M","?","R","?","R","T","R","M","M","M","?","R","BOSS"],"build_version":"2018-07-05","purchased_purges":0,"victory":false,"max_hp_per_floor":[80,80,80,80,80,80,80,80,80,80,80,80,80,80,80,80,80,80,80,80,80,80,80,80,80,80,80,80,80,80,80,80,80],"card_choices":[{"not_picked":["True Grit","Headbutt","Entrench"],"picked":"SKIP","floor":1},{"not_picked":["Sword Boomerang","Carnage"],"picked":"Warcry","floor":2},{"not_picked":["Clash","Thunderclap"],"picked":"Whirlwind","floor":3},{"not_picked":["Whirlwind","Thunderclap"],"picked":"Warcry","floor":4},{"not_picked":["Heavy Blade","Iron Wave","Havoc"],"picked":"SKIP","floor":5},{"not_picked":["Blood for Blood","Hemokinesis","Bludgeon"],"picked":"SKIP","floor":8},{"not_picked":["Burning Pact","Second Wind"],"picked":"Wild Strike","floor":11},{"not_picked":["Clothesline","Inflame"],"picked":"Shrug It Off","floor":14},{"not_picked":["Inflame+1","Shockwave"],"picked":"Armaments","floor":18},{"not_picked":["Flex","Anger+1","Dropkick+1"],"picked":"SKIP","floor":19},{"not_picked":["Rage","Iron Wave+1","Havoc"],"picked":"SKIP","floor":21},{"not_picked":["Flex+1","True Grit","Whirlwind"],"picked":"SKIP","floor":24},{"not_picked":["Headbutt","Body Slam"],"picked":"Reckless Charge+1","floor":28},{"not_picked":["Iron Wave+1","Flame Barrier","Brutality"],"picked":"SKIP","floor":29},{"not_picked":["Flex","Infernal Blade","Dual Wield+1"],"picked":"SKIP","floor":30},{"not_picked":["Rupture","Thunderclap"],"picked":"Wild Strike","floor":31}],"player_experience":69268,"relics_obtained":[{"floor":9,"key":"Bag of Marbles"},{"floor":26,"key":"Art of War"}],"event_choices":[{"event_name":"Shining Light","player_choice":"Entered Light","floor":10,"damage_taken":0},{"event_name":"Addict","player_choice":"Obtained Relic","floor":20,"damage_taken":0},{"event_name":"Back to Basics","player_choice":"Simplicity","floor":22,"damage_taken":0}],"boss_relics":[{"not_picked":["Empty Cage","Cursed Key"],"picked":"White Beast Statue"}],"items_purged_floors":[],"is_endless":false,"potions_floor_spawned":[2,3,5,8,16,18,19,21,24,28,29,30,31],"killed_by":"Automaton","ascension_level":0}