{"gold_per_floor":[119,69,1,1,1,27,47,47,47,47,47,47,60,80,80,200,200,223,44,44,44,59,59,93,93],"floor_reached":25,"playtime":922,"items_purged":[],"score":396,"play_id":"1e119c53-ac69-478e-a1a0-c2d22371c21f","local_time":"20181031014659","is_ascension_mode":true,"campfire_choices":[{"data":"Whirlwind","floor":8,"key":"SMITH"},{"data":"Bash","floor":10,"key":"SMITH"},{"data":"PanicButton","floor":12,"key":"SMITH"},{"data":"Strike_R","floor":15,"key":"SMITH"},{"data":"Mayhem","floor":23,"key":"SMITH"}],"neow_cost":"NONE","seed_source_timestamp":359547023903565,"circlet_count":0,"master_deck":["Strike_R+1","Strike_R","Strike_R","Strike_R+1","Defend_R","Defend_R","Defend_R","Defend_R","Bash+1","Combust+1","PanicButton+1","Whirlwind+1","Fiend Fire","Mayhem+1","Wild Strike","Pommel Strike+1"],"relics":["Burning Blood","NeowsBlessing","Bag of Marbles","The Courier","Golden Idol","Sozu","Bottled Flame"],"potions_floor_usage":[7,16],"damage_taken":[{"damage":0,"enemies":"2 Louse","floor":1,"turns":1},{"damage":0,"enemies":"Gremlin Nob","floor":6,"turns":1},{"damage":0,"enemies":"Jaw Worm","floor":7,"turns":1},{"damage":1,"enemies":"Cultist","floor":13,"turns":2},{"damage":6,"enemies":"Exordium Thugs","floor":14,"turns":5},{"damage":6,"enemies":"Slime Boss","floor":16,"turns":7},{"damage":23,"enemies":"2 Thieves","floor":18,"turns":3},{"damage":9,"enemies":"3 Byrds","floor":22,"turns":3},{"damage":4,"enemies":"Gremlin Leader","floor":24,"turns":6},{"damage":47,"enemies":"Shelled Parasite and Fungi","floor":25,"turns":4}],"seed_played":"-5010100066857001765","potions_obtained":[{"floor":7,"key":"Fruit Juice"},{"floor":13,"key":"Explosive Potion"}],"is_trial":false,"path_per_floor":["M","?","$","?","?","E","M","R","T","R","?","R","M","M","R","B",null,"M","$","?","?","M","R","E"],"character_chosen":"IRONCLAD","items_purchased":["Combust","Mayhem","Wild Strike"],"campfire_rested":0,"item_purchase_floors":[3,19,19],"current_hp_per_floor":[80,80,80,80,64,70,81,81,81,81,79,79,79,79,79,79,79,62,62,62,62,59,59,61,14],"gold":93,"neow_bonus":"THREE_ENEMY_KILL","is_prod":false,"is_daily":false,"chose_seed":false,"campfire_upgraded":5,"win_rate":0,"timestamp":1540918019,"path_taken":["M","?","$","?","?","E","M","R","T","R","?","R","M","M","R","BOSS","M","$","?","?","M","R","E","?"],"build_version":"2018-10-25v2","purchased_purges":0,"victory":false,"max_hp_per_floor":[80,80,80,80,80,80,85,85,85,85,79,79,79,79,79,79,79,79,79,79,79,79,79,79,79],"card_choices":[{"not_picked":["Body Slam","Anger","Flex"],"picked":"SKIP","floor":1},{"not_picked":["Warcry","Iron Wave","Pummel"],"picked":"SKIP","floor":6},{"not_picked":["Sword Boomerang","Iron Wave"],"picked":"Whirlwind","floor":7},{"not_picked":["Warcry","Twin Strike","Body Slam"],"picked":"SKIP","floor":13},{"not_picked":["Dual Wield","Uppercut","Cleave"],"picked":"SKIP","floor":14},{"not_picked":["Impervious","Bludgeon"],"picked":"Fiend Fire","floor":16},{"not_picked":["Headbutt+1","Havoc+1","Carnage"],"picked":"SKIP","floor":18},{"not_picked":["Twin Strike","Warcry"],"picked":"Pommel Strike+1","floor":22},{"not_picked":["Perfected Strike","Wild Strike","Pommel Strike"],"picked":"SKIP","floor":24}],"player_experience":415281,"relics_obtained":[{"floor":6,"key":"Bag of Marbles"},{"floor":9,"key":"The Courier"},{"floor":24,"key":"Bottled Flame"}],"event_choices":[{"cards_removed":["Strike_R"],"damage_healed":0,"gold_gain":0,"player_choice":"Card Removal","damage_taken":0,"max_hp_gain":0,"max_hp_loss":0,"event_name":"The Cleric","floor":2,"gold_loss":50},{"damage_healed":0,"gold_gain":0,"player_choice":"1 cards matched","damage_taken":0,"max_hp_gain":0,"max_hp_loss":0,"event_name":"Match and Keep!","floor":4,"gold_loss":0,"cards_obtained":["PanicButton"]},{"damage_healed":0,"gold_gain":0,"player_choice":"1 cards matched","damage_taken":0,"max_hp_gain":0,"max_hp_loss":0,"event_name":"Match and Keep!","floor":4,"gold_loss":0,"cards_obtained":["PanicButton"]},{"damage_healed":0,"gold_gain":0,"player_choice":"Entered Light","damage_taken":16,"max_hp_gain":0,"max_hp_loss":0,"event_name":"Shining Light","floor":5,"gold_loss":0,"cards_upgraded":["Combust","Strike_R"]},{"damage_healed":0,"gold_gain":0,"player_choice":"Lose Max HP","damage_taken":0,"relics_obtained":["Golden Idol"],"max_hp_gain":0,"max_hp_loss":6,"event_name":"Golden Idol","floor":11,"gold_loss":0},{"damage_healed":0,"gold_gain":0,"player_choice":"0 cards matched","damage_taken":0,"max_hp_gain":0,"max_hp_loss":0,"event_name":"Match and Keep!","floor":20,"gold_loss":0,"cards_obtained":[]},{"damage_healed":0,"gold_gain":0,"player_choice":"Ignored","damage_taken":0,"max_hp_gain":0,"max_hp_loss":0,"event_name":"WeMeetAgain","floor":21,"gold_loss":0}],"is_beta":false,"boss_relics":[{"not_picked":["Coffee Dripper","Pandora\u0027s Box"],"picked":"Sozu"}],"items_purged_floors":[],"is_endless":false,"potions_floor_spawned":[7,13,18],"killed_by":"Shelled Parasite and Fungi","ascension_level":5}