{"gold_per_floor":[109,123,137,148,163,163,192,192,261,261,276,309,309,329,329,426,426,440,440,7,19,36,36,50,50,50,50,77,77,104,2,2,2],"floor_reached":33,"playtime":3673,"items_purged":[],"score":297,"play_id":"132bd11b-2b2d-4316-bd01-fdd199f2c810","local_time":"20180706015846","is_ascension_mode":false,"campfire_choices":[{"floor":6,"key":"REST"},{"floor":8,"key":"REST"},{"data":"Bane","floor":13,"key":"SMITH"},{"data":"Poisoned Stab","floor":15,"key":"SMITH"},{"floor":25,"key":"REST"},{"floor":29,"key":"REST"},{"floor":32,"key":"REST"}],"neow_cost":"NONE","seed_source_timestamp":107110246770457,"circlet_count":0,"master_deck":["Defend_G+1","Defend_G+1","Defend_G+1","Defend_G+1","Defend_G+1","Strike_G+1","Strike_G+1","Strike_G+1","Strike_G+1","Strike_G+1","Survivor","Neutralize","Deadly Poison+1","Blur","Dodge and Roll","Flying Knee","Heel Hook","Sucker Punch","Bane+1","Poisoned Stab+1","Catalyst+1","Poisoned Stab+1","A Thousand Cuts+1","Footwork+1","Deadly Poison+1","Noxious Fumes+1","Master of Strategy","Flying Knee","Backstab+1","Flying Knee+1","Poisoned Stab","PiercingWail","Bane","Bouncing Flask"],"relics":["Ring of the Snake","Oddly Smooth Stone","Frozen Egg 2","Ice Cream","Lantern","Centennial Puzzle","Vajra","War Paint"],"potions_floor_usage":[28,30,30,33,33],"damage_taken":[{"damage":0,"enemies":"2 Louse","floor":1,"turns":3},{"damage":0,"enemies":"Cultist","floor":2,"turns":4},{"damage":3,"enemies":"Small Slimes","floor":3,"turns":6},{"damage":3,"enemies":"Red Slaver","floor":4,"turns":4},{"damage":8,"enemies":"Large Slime","floor":5,"turns":8},{"damage":22,"enemies":"Lagavulin","floor":7,"turns":9},{"damage":0,"enemies":"3 Louse","floor":11,"turns":4},{"damage":1,"enemies":"Gremlin Nob","floor":12,"turns":4},{"damage":0,"enemies":"Exordium Wildlife","floor":14,"turns":3},{"damage":31,"enemies":"Slime Boss","floor":16,"turns":20},{"damage":21,"enemies":"3 Byrds","floor":18,"turns":6},{"damage":1,"enemies":"Chosen","floor":21,"turns":4},{"damage":31,"enemies":"Slaver and Parasite","floor":22,"turns":6},{"damage":8,"enemies":"Centurion and Healer","floor":24,"turns":6},{"damage":24,"enemies":"Gremlin Leader","floor":28,"turns":6},{"damage":14,"enemies":"Slavers","floor":30,"turns":4},{"damage":41,"enemies":"Collector","floor":33,"turns":5}],"seed_played":"-9187490530583799825","potions_obtained":[{"floor":1,"key":"Fruit Juice"},{"floor":5,"key":"LiquidBronze"},{"floor":7,"key":"Energy Potion"},{"floor":28,"key":"AttackPotion"},{"floor":30,"key":"AttackPotion"}],"is_trial":false,"path_per_floor":["M","M","M","M","M","R","E","R","T","?","M","E","R","M","R","B",null,"M","?","$","M","M","?","M","R","T","$","E","R","E","$","R"],"character_chosen":"THE_SILENT","items_purchased":["Deadly Poison","Noxious Fumes+1","Master of Strategy","Lantern","Bane","Bouncing Flask"],"campfire_rested":5,"item_purchase_floors":[20,20,20,20,31,31],"current_hp_per_floor":[70,70,67,64,56,70,48,69,69,69,69,68,68,68,68,37,70,49,49,49,48,17,17,9,30,30,30,11,33,19,19,41,0],"gold":2,"neow_bonus":"THREE_CARDS","is_prod":false,"is_daily":false,"chose_seed":false,"campfire_upgraded":2,"win_rate":0.0,"timestamp":1530809926,"path_taken":["M","M","M","M","M","R","E","R","T","?","?","E","R","M","R","BOSS","M","?","$","M","M","?","M","R","T","?","E","R","E","$","R","BOSS"],"build_version":"2018-06-28","purchased_purges":0,"victory":false,"max_hp_per_floor":[70,70,70,70,70,70,70,70,70,70,70,70,70,70,70,70,70,70,70,70,70,70,70,70,70,70,70,75,75,75,75,75,75],"card_choices":[{"not_picked":["Underhanded Strike","Flying Knee"],"picked":"Deadly Poison","floor":0},{"not_picked":["Calculated Gamble","Predator"],"picked":"Blur","floor":1},{"not_picked":["Flying Knee","Prepared"],"picked":"Dodge and Roll","floor":2},{"not_picked":["Eviscerate","Calculated Gamble"],"picked":"Flying Knee","floor":3},{"not_picked":["Blur","Flying Knee"],"picked":"Heel Hook","floor":4},{"not_picked":["Underhanded Strike","Flying Knee"],"picked":"Sucker Punch","floor":5},{"not_picked":["Noxious Fumes","Well Laid Plans"],"picked":"Bane","floor":7},{"not_picked":["Acrobatics","Die Die Die"],"picked":"Poisoned Stab","floor":11},{"not_picked":["Expertise","Heel Hook"],"picked":"Catalyst","floor":12},{"not_picked":["Outmaneuver","Deadly Poison"],"picked":"Poisoned Stab","floor":14},{"not_picked":["Glass Knife","Burst"],"picked":"A Thousand Cuts+1","floor":16},{"not_picked":["Prepared","Heel Hook"],"picked":"Footwork+1","floor":18},{"not_picked":["Quick Slash","Acrobatics"],"picked":"Flying Knee","floor":21},{"not_picked":["Dagger Throw+1","Outmaneuver"],"picked":"Backstab+1","floor":22},{"not_picked":["Quick Slash","Blade Dance"],"picked":"Flying Knee+1","floor":24},{"not_picked":["Burst","Deflect"],"picked":"Poisoned Stab","floor":28},{"not_picked":["Expertise+1","Underhanded Strike"],"picked":"PiercingWail","floor":30}],"player_experience":17009,"relics_obtained":[{"floor":7,"key":"Oddly Smooth Stone"},{"floor":9,"key":"Frozen Egg 2"},{"floor":12,"key":"Ice Cream"},{"floor":26,"key":"Centennial Puzzle"},{"floor":28,"key":"Vajra"},{"floor":30,"key":"War Paint"}],"event_choices":[{"event_name":"Upgrade Shrine","player_choice":"Upgraded","floor":10,"damage_taken":0},{"event_name":"Back to Basics","player_choice":"Simplicity","floor":19,"damage_taken":0},{"event_name":"Upgrade Shrine","player_choice":"Upgraded","floor":23,"damage_taken":0}],"boss_relics":[{"not_picked":["Snecko Eye","Ectoplasm","Runic Pyramid"]}],"items_purged_floors":[],"is_endless":false,"potions_floor_spawned":[1,5,7,12,14,22,28,30],"killed_by":"Collector","ascension_level":0}