{"gold_per_floor":[215,215,64,77,89,115,115,131,131,166,166,166,166,182,182,311,311,335,355,209,227,246,246,264,283,283,283,298,314,354,354,354,483,483,499,116,137,161,175,175,216,216,270,270,270,288,288,306,306,306],"floor_reached":51,"playtime":4442,"items_purged":["Strike_G","Injury","Defend_G"],"score":782,"play_id":"145ab196-b7e9-4031-97b4-353008ab590c","local_time":"20180911075725","is_ascension_mode":true,"campfire_choices":[{"data":"Neutralize","floor":7.0,"key":"SMITH"},{"floor":11.0,"key":"REST"},{"data":"Poisoned Stab","floor":13.0,"key":"SMITH"},{"data":"Deadly Poison","floor":15.0,"key":"SMITH"},{"data":"Adrenaline","floor":23.0,"key":"SMITH"},{"data":"Backflip","floor":27.0,"key":"SMITH"},{"data":"Wraith Form v2","floor":32.0,"key":"SMITH"},{"data":"Envenom","floor":40,"key":"SMITH"},{"data":"Catalyst","floor":42,"key":"SMITH"},{"data":"Poisoned Stab","floor":45,"key":"SMITH"},{"data":"Deadly Poison","floor":47,"key":"SMITH"},{"floor":49,"key":"REST"}],"neow_cost":"NONE","seed_source_timestamp":0,"circlet_count":0,"master_deck":["Defend_G","Defend_G+1","Defend_G","Strike_G","Survivor+1","Neutralize+1","Deadly Poison+1","Escape Plan","Backflip+1","Poisoned Stab+1","Blade Dance","Backflip","Die Die Die","Deadly Poison+1","Adrenaline+1","Poisoned Stab","Bane","Poisoned Stab+1","Setup+1","PiercingWail+1","Deadly Poison+1","Cloak And Dagger+1","Wraith Form v2+1","Envenom+1","Storm of Steel+1","Footwork+1","Grand Finale+1","Cloak And Dagger+1","Cloak And Dagger","Deflect+1","Catalyst+1"],"special_seed":0,"relics":["Ring of the Snake","Torii","Turnip","Darkstone Periapt","Golden Idol","Runic Pyramid","Sundial","Letter Opener","FaceOfCleric","Astrolabe","Meat on the Bone","Tingsha","Happy Flower"],"potions_floor_usage":[38,41],"damage_taken":[{"damage":11.0,"enemies":"Jaw Worm","floor":1.0,"turns":6.0},{"damage":0.0,"enemies":"2 Louse","floor":4.0,"turns":2.0},{"damage":0.0,"enemies":"Cultist","floor":5.0,"turns":4.0},{"damage":9.0,"enemies":"Lagavulin","floor":6.0,"turns":7.0},{"damage":1.0,"enemies":"Looter","floor":8.0,"turns":3.0},{"damage":7.0,"enemies":"Gremlin Nob","floor":10.0,"turns":4.0},{"damage":0.0,"enemies":"Blue Slaver","floor":14.0,"turns":3.0},{"damage":18.0,"enemies":"The Guardian","floor":16.0,"turns":9.0},{"damage":0.0,"enemies":"Shell Parasite","floor":18.0,"turns":5.0},{"damage":2.0,"enemies":"Spheric Guardian","floor":19.0,"turns":6.0},{"damage":2.0,"enemies":"Centurion and Healer","floor":21.0,"turns":7.0},{"damage":0.0,"enemies":"Snecko","floor":22.0,"turns":4.0},{"damage":8.0,"enemies":"Sentry and Sphere","floor":24.0,"turns":7.0},{"damage":9.0,"enemies":"Snake Plant","floor":25.0,"turns":4.0},{"damage":2.0,"enemies":"Snecko","floor":28.0,"turns":6.0},{"damage":1.0,"enemies":"Chosen and Byrds","floor":29.0,"turns":6.0},{"damage":1.0,"enemies":"Gremlin Leader","floor":30.0,"turns":5.0},{"damage":48.0,"enemies":"Automaton","floor":33.0,"turns":13.0},{"damage":22,"enemies":"3 Darklings","floor":35,"turns":5},{"damage":2,"enemies":"Orb Walker","floor":37,"turns":4},{"damage":0,"enemies":"4 Shapes","floor":38,"turns":6},{"damage":13,"enemies":"3 Darklings","floor":39,"turns":6},{"damage":24,"enemies":"Giant Head","floor":41,"turns":10},{"damage":14,"enemies":"Sphere and 2 Shapes","floor":46,"turns":7},{"damage":32,"enemies":"Spire Growth","floor":48,"turns":5},{"damage":31,"enemies":"Awakened One","floor":50,"turns":16}],"seed_played":"-5724903051930645631","potions_obtained":[{"floor":4.0,"key":"SpeedPotion"},{"floor":6.0,"key":"SpeedPotion"},{"floor":14.0,"key":"EssenceOfSteel"},{"floor":18.0,"key":"Ancient Potion"},{"floor":19.0,"key":"PowerPotion"},{"floor":22.0,"key":"Block Potion"},{"floor":30.0,"key":"PowerPotion"},{"floor":37,"key":"Regen Potion"},{"floor":48,"key":"Energy Potion"}],"is_trial":false,"path_per_floor":["M","?","$","M","M","E","R","M","T","E","R","?","R","M","R","B",null,"M","M","$","M","M","R","M","M","T","R","M","M","E","?","R","B",null,"M","$","M","M","M","R","E","R","T","?","R","M","R","M","R","B"],"character_chosen":"THE_SILENT","items_purchased":["Escape Plan","Bane","Meat on the Bone"],"campfire_rested":2,"item_purchase_floors":[3,20,36],"current_hp_per_floor":[59,45,45,45,45,36,36,35,35,28,49,55,55,55,55,37,76,76,74,74,72,72,72,64,55,55,55,53,52,51,51,51,4,77,56,56,55,71,59,59,48,48,48,48,48,47,47,28,53,35],"gold":306,"neow_bonus":"HUNDRED_GOLD","is_prod":false,"is_daily":false,"chose_seed":false,"campfire_upgraded":10,"win_rate":0,"timestamp":1536620245,"path_taken":["M","?","$","M","M","E","R","M","T","E","R","?","R","M","R","BOSS","M","M","$","M","M","R","M","M","T","R","M","M","E","?","R","BOSS","M","$","M","M","M","R","E","R","T","?","R","?","R","M","R","BOSS"],"build_version":"2018-09-06","purchased_purges":3,"victory":true,"max_hp_per_floor":[70,70,70,70,70,70,70,70,70,70,70,76,76,76,76,76,76,76,76,76,76,76,76,76,76,76,76,76,76,76,76,76,77,77,78,78,79,80,81,81,82,82,82,82,82,83,83,84,84,85],"card_choices":[{"not_picked":["Deflect","Dash"],"picked":"Deadly Poison","floor":1.0},{"not_picked":["Endless Agony","Outmaneuver"],"picked":"Backflip","floor":4.0},{"not_picked":["Bouncing Flask","Underhanded Strike"],"picked":"Poisoned Stab","floor":5.0},{"not_picked":["Concentrate","Acrobatics"],"picked":"Blade Dance","floor":6.0},{"not_picked":["Calculated Gamble","Prepared"],"picked":"Backflip","floor":8.0},{"not_picked":["Concentrate","Blade Dance"],"picked":"Die Die Die","floor":10.0},{"not_picked":["Backstab","Slice"],"picked":"Deadly Poison","floor":14.0},{"not_picked":["Tools of the Trade","After Image"],"picked":"Adrenaline","floor":16.0},{"not_picked":["Sucker Punch","Dagger Spray","Underhanded Strike"],"picked":"SKIP","floor":18.0},{"not_picked":["Outmaneuver+1","Dagger Spray"],"picked":"Poisoned Stab","floor":19.0},{"not_picked":["Well Laid Plans","Concentrate+1"],"picked":"Poisoned Stab","floor":21.0},{"not_picked":["Outmaneuver+1","Accuracy","Slice"],"picked":"SKIP","floor":22.0},{"not_picked":["Reflex","Expertise"],"picked":"Setup+1","floor":24.0},{"not_picked":["Finisher","Backflip"],"picked":"PiercingWail+1","floor":25.0},{"not_picked":["Acrobatics","Predator"],"picked":"Deadly Poison+1","floor":28.0},{"not_picked":["Choke+1","Concentrate"],"picked":"Cloak And Dagger+1","floor":29.0},{"not_picked":["Heel Hook","Eviscerate"],"picked":"Wraith Form v2","floor":30.0},{"not_picked":["After Image","Storm of Steel"],"picked":"Envenom","floor":33.0},{"not_picked":["Quick Slash","Deflect"],"picked":"Cloak And Dagger+1","floor":35},{"not_picked":["Choke+1","Footwork+1"],"picked":"Cloak And Dagger","floor":37},{"not_picked":["Blade Dance+1","Underhanded Strike"],"picked":"Deflect+1","floor":38},{"not_picked":["Dagger Throw","Underhanded Strike","Quick Slash+1"],"picked":"SKIP","floor":39},{"not_picked":["Slice","Dagger Throw+1"],"picked":"Catalyst","floor":41},{"not_picked":["Blade Dance+1","Dagger Throw+1","Acrobatics+1"],"picked":"SKIP","floor":46},{"not_picked":["Sucker Punch","Dagger Throw","Backflip"],"picked":"SKIP","floor":48}],"player_experience":241463,"relics_obtained":[{"floor":6.0,"key":"Torii"},{"floor":9.0,"key":"Turnip"},{"floor":10.0,"key":"Darkstone Periapt"},{"floor":26.0,"key":"Sundial"},{"floor":30.0,"key":"Letter Opener"},{"floor":41,"key":"Tingsha"},{"floor":43,"key":"Happy Flower"}],"event_choices":[{"event_name":"Shining Light","player_choice":"Entered Light","floor":2.0,"damage_taken":0.0},{"event_name":"Golden Idol","player_choice":"Take Wound","floor":12.0,"damage_taken":0.0},{"event_name":"FaceTrader","player_choice":"Trade","floor":31.0,"damage_taken":0.0},{"event_name":"Bonfire Elementals","player_choice":"BASIC","floor":44,"damage_taken":0}],"is_beta":false,"boss_relics":[{"not_picked":["Velvet Choker","Busted Crown"],"picked":"Runic Pyramid"},{"not_picked":["Fusion Hammer","Runic Dome"],"picked":"Astrolabe"}],"items_purged_floors":[3,20,36],"is_endless":false,"potions_floor_spawned":[4,6,14,18,19,22,25,30,37,48],"ascension_level":2}