{"gold_per_floor":[11,27,45,58,58,58,58,58,106,144,167,141,141,162,162,293,293,308,308,320,320,335,335,347,347],"floor_reached":25,"playtime":1076,"items_purged":[],"score":351,"play_id":"a413b49c-84b9-44fd-a68f-624663a11204","local_time":"20190502113930","is_ascension_mode":true,"campfire_choices":[{"data":"Zap","floor":6,"key":"SMITH"},{"floor":13,"key":"REST"},{"floor":15,"key":"REST"},{"floor":23,"key":"REST"}],"neow_cost":"NO_GOLD","seed_source_timestamp":0,"circlet_count":0,"master_deck":["Strike_B","Strike_B","Strike_B","Defend_B+1","Defend_B+1","Defend_B","Defend_B","Zap+1","Dualcast","Streamline","FTL","Steam","Cold Snap","Scrape","Force Field","Blizzard","Rebound","Conserve Battery","Echo Form","Defragment","Go for the Eyes","Writhe","Rebound","Stack"],"special_seed":0,"relics":["Cracked Core","Du-Vu Doll","Bloody Idol","Potion Belt","Strawberry","Inserter","Omamori"],"potions_floor_usage":[10,22,22,24,24,24,24,25],"damage_taken":[{"damage":0,"enemies":"Small Slimes","floor":1,"turns":3},{"damage":0,"enemies":"2 Louse","floor":2,"turns":2},{"damage":7,"enemies":"Jaw Worm","floor":3,"turns":2},{"damage":7,"enemies":"2 Fungi Beasts","floor":4,"turns":3},{"damage":2,"enemies":"3 Sentries","floor":10,"turns":5},{"damage":3,"enemies":"Looter","floor":11,"turns":2},{"damage":3,"enemies":"Blue Slaver","floor":14,"turns":3},{"damage":38,"enemies":"Slime Boss","floor":16,"turns":11},{"damage":23,"enemies":"Spheric Guardian","floor":18,"turns":4},{"damage":30,"enemies":"3 Byrds","floor":20,"turns":5},{"damage":22,"enemies":"Snake Plant","floor":22,"turns":4},{"damage":36,"enemies":"Shelled Parasite and Fungi","floor":24,"turns":6},{"damage":10,"enemies":"3 Cultists","floor":25,"turns":2}],"seed_played":"-4757552798996028178","potions_obtained":[{"floor":2,"key":"AttackPotion"},{"floor":3,"key":"Dexterity Potion"},{"floor":11,"key":"Ancient Potion"},{"floor":14,"key":"GamblersBrew"},{"floor":16,"key":"EntropicBrew"},{"floor":18,"key":"Ancient Potion"},{"floor":22,"key":"Energy Potion"}],"is_trial":false,"path_per_floor":["M","M","M","M","?","R","?","?","T","E","M","$","R","M","R","B",null,"M","?","M","?","M","R","M","M"],"character_chosen":"DEFECT","items_purchased":["Rebound"],"campfire_rested":3,"item_purchase_floors":[12],"current_hp_per_floor":[75,75,68,61,43,43,28,28,28,33,30,30,54,51,75,37,82,59,59,34,34,17,41,10,0],"gold":347,"neow_bonus":"ONE_RARE_RELIC","is_prod":false,"is_daily":false,"chose_seed":false,"campfire_upgraded":1,"win_rate":0,"timestamp":1556753970,"path_taken":["M","M","M","M","?","R","?","?","T","E","M","$","R","M","R","BOSS","M","?","M","?","M","R","M","M"],"build_version":"2019-01-23","purchased_purges":0,"victory":false,"max_hp_per_floor":[75,75,75,75,75,75,75,75,75,82,82,82,82,82,82,82,82,82,82,82,82,82,82,82,82],"card_choices":[{"not_picked":["Turbo","Reinforced Body"],"picked":"Streamline","floor":1},{"not_picked":["Hologram","Ball Lightning"],"picked":"FTL","floor":2},{"not_picked":["Leap","Hello World"],"picked":"Steam","floor":3},{"not_picked":["Coolheaded","Double Energy"],"picked":"Cold Snap","floor":4},{"not_picked":["Auto Shields","Hello World"],"picked":"Force Field","floor":10},{"not_picked":["Stack","BootSequence"],"picked":"Blizzard","floor":11},{"not_picked":["Hologram","Stack"],"picked":"Conserve Battery","floor":14},{"not_picked":["Hyperbeam","Meteor Strike"],"picked":"Echo Form","floor":16},{"not_picked":["Capacitor","FTL+1"],"picked":"Defragment","floor":18},{"not_picked":["Barrage","Force Field"],"picked":"Go for the Eyes","floor":20},{"not_picked":["Compile Driver+1","Skim"],"picked":"Rebound","floor":22},{"not_picked":["Compile Driver","Aggregate+1"],"picked":"Stack","floor":24}],"player_experience":147574,"relics_obtained":[{"floor":9,"key":"Potion Belt"},{"floor":10,"key":"Strawberry"}],"event_choices":[{"damage_healed":0,"gold_gain":0,"player_choice":"Take Damage","damage_taken":18,"relics_obtained":["Golden Idol"],"max_hp_gain":0,"max_hp_loss":0,"event_name":"Golden Idol","floor":5,"gold_loss":0},{"damage_healed":0,"gold_gain":0,"player_choice":"Entered Light","damage_taken":15,"max_hp_gain":0,"max_hp_loss":0,"event_name":"Shining Light","floor":7,"gold_loss":0,"cards_upgraded":["Defend_B","Defend_B"]},{"damage_healed":0,"gold_gain":0,"cards_transformed":["Strike_B"],"player_choice":"Change","damage_taken":0,"max_hp_gain":0,"max_hp_loss":0,"event_name":"Living Wall","floor":8,"gold_loss":0,"cards_obtained":["Scrape"]},{"damage_healed":0,"gold_gain":0,"player_choice":"Gave Idol","damage_taken":0,"relics_obtained":["Bloody Idol"],"max_hp_gain":0,"max_hp_loss":0,"event_name":"Forgotten Altar","floor":19,"relics_lost":["Golden Idol"],"gold_loss":0},{"damage_healed":0,"gold_gain":0,"player_choice":"Opened","damage_taken":0,"relics_obtained":["Omamori"],"max_hp_gain":0,"max_hp_loss":0,"event_name":"The Mausoleum","floor":21,"gold_loss":0,"cards_obtained":["Writhe"]}],"is_beta":false,"boss_relics":[{"not_picked":["Eternal Feather","Black Star"],"picked":"Inserter"}],"items_purged_floors":[],"is_endless":false,"potions_floor_spawned":[2,3,11,14,16,18,22],"killed_by":"3 Cultists","ascension_level":3}