{"gold_per_floor":[119,130,130,80,10,10,22,22,104,104,130,130,147,96,96,197,197,217,217,235,249,259,259,285,298,323,323,355,355,383,398,398,503,503,522,14,31,31,48,48,74,74,122,122,133,233,233,245,245,245,245,245,81,109,109],"floor_reached":55,"playtime":3556,"items_purged":["Flechettes"],"score":792,"play_id":"cc85f290-a673-412f-b4d0-bd9bd28ae923","local_time":"20190427144136","is_ascension_mode":true,"campfire_choices":[{"data":"Noxious Fumes","floor":6,"key":"SMITH"},{"floor":8,"key":"REST"},{"data":"Caltrops","floor":10,"key":"SMITH"},{"data":"Neutralize","floor":15,"key":"SMITH"},{"floor":23,"key":"REST"},{"floor":29,"key":"RECALL"},{"data":"Catalyst","floor":32,"key":"SMITH"},{"data":"A Thousand Cuts","floor":40,"key":"SMITH"},{"data":"After Image","floor":42,"key":"SMITH"},{"floor":44,"key":"REST"},{"floor":49,"key":"REST"},{"data":"Well Laid Plans","floor":52,"key":"SMITH"}],"neow_cost":"NONE","seed_source_timestamp":1017898449644456,"circlet_count":0,"master_deck":["Survivor","Neutralize+1","Blade Dance","Acrobatics","Noxious Fumes+1","Caltrops+1","Backflip","Tools of the Trade","Backflip","Envenom","Neutralize","Catalyst+1","Flying Knee+1","PiercingWail","Terror+1","Backflip+1","Catalyst","Crippling Poison+1","Cloak And Dagger+1","After Image+1","Escape Plan+1","Malaise+1","Doppelganger+1","Glass Knife","Die Die Die+1","A Thousand Cuts+1","Deflect+1","Cloak And Dagger+1","Deadly Poison+1","Master of Strategy+1","Noxious Fumes","Dodge and Roll+1","Dagger Spray","Finesse+1","PiercingWail+1","Prepared+1","Calculated Gamble+1","Well Laid Plans+1","Master of Strategy+1","Dodge and Roll+1"],"relics":["Ring of the Snake","War Paint","Sundial","Tiny Chest","Meat on the Bone","PreservedInsect","Sozu","Happy Flower","Vajra","Singing Bowl","Toxic Egg 2","Pandora\u0027s Box","Bottled Lightning","Whetstone","Unceasing Top","The Specimen"],"potions_floor_usage":[33],"damage_taken":[{"damage":15,"enemies":"Jaw Worm","floor":1,"turns":8},{"damage":0,"enemies":"Cultist","floor":2,"turns":4},{"damage":0,"enemies":"2 Louse","floor":7,"turns":3},{"damage":13,"enemies":"3 Sentries","floor":11,"turns":6},{"damage":1,"enemies":"Gremlin Gang","floor":13,"turns":4},{"damage":18,"enemies":"Hexaghost","floor":16,"turns":10},{"damage":5,"enemies":"Shell Parasite","floor":18,"turns":7},{"damage":4,"enemies":"2 Thieves","floor":20,"turns":5},{"damage":12,"enemies":"Snake Plant","floor":21,"turns":5},{"damage":18,"enemies":"Cultist and Chosen","floor":22,"turns":6},{"damage":16,"enemies":"Slavers","floor":24,"turns":6},{"damage":6,"enemies":"Centurion and Healer","floor":25,"turns":7},{"damage":8,"enemies":"Book of Stabbing","floor":28,"turns":6},{"damage":17,"enemies":"Gremlin Leader","floor":30,"turns":5},{"damage":9,"enemies":"Snake Plant","floor":31,"turns":3},{"damage":45,"enemies":"Collector","floor":33,"turns":12},{"damage":14,"enemies":"3 Shapes","floor":35,"turns":4},{"damage":0,"enemies":"3 Darklings","floor":37,"turns":4},{"damage":6,"enemies":"Jaw Worm Horde","floor":39,"turns":3},{"damage":23,"enemies":"Reptomancer","floor":41,"turns":4},{"damage":8,"enemies":"Sphere and 2 Shapes","floor":45,"turns":4},{"damage":0,"enemies":"Mind Bloom Boss Battle","floor":46,"turns":5},{"damage":6,"enemies":"3 Darklings","floor":48,"turns":3},{"damage":54,"enemies":"Awakened One","floor":50,"turns":12},{"damage":34,"enemies":"Shield and Spear","floor":54,"turns":6},{"damage":61,"enemies":"The Heart","floor":55,"turns":3}],"seed_played":"3641795898337652665","potions_obtained":[{"floor":11,"key":"Fruit Juice"}],"is_trial":false,"path_per_floor":["M","M","?","?","$","R","M","R","T","R","E","T","M","$","R","B",null,"M","?","M","M","M","R","E","M","T","?","E","R","E","M","R","B",null,"M","$","M","?","M","R","E","R","T","R","M","?","T","M","R","B",null,"R","$","E","B"],"character_chosen":"THE_SILENT","items_purchased":["Noxious Fumes","Backflip","Master of Strategy+1","Noxious Fumes","Dodge and Roll+1","Dagger Spray","Finesse+1","Master of Strategy+1"],"campfire_rested":4,"item_purchase_floors":[5,14,36,36,36,36,36,53],"current_hp_per_floor":[55,55,48,48,48,48,48,69,69,69,56,56,55,55,55,37,70,65,65,61,49,43,64,48,42,42,65,57,57,40,43,43,15,75,61,61,61,61,55,55,46,46,46,69,63,63,63,57,79,37,79,79,79,45,0],"gold":109,"neow_bonus":"RANDOM_COMMON_RELIC","is_prod":false,"is_daily":false,"chose_seed":false,"campfire_upgraded":7,"win_rate":0,"timestamp":1556332896,"path_taken":["M","M","?","?","?","R","?","R","T","R","E","?","M","$","R","BOSS","M","?","M","?","M","R","E","M","T","?","E","R","E","M","R","BOSS","M","$","M","?","M","R","E","R","T","R","M","?","?","M","R","BOSS","R","$","E","BOSS"],"build_version":"2019-01-23","purchased_purges":1,"victory":false,"max_hp_per_floor":[70,70,70,70,70,70,70,70,70,70,70,70,70,70,70,70,70,70,70,70,70,70,70,70,70,70,70,70,70,70,70,70,75,75,75,75,75,75,75,75,77,77,77,77,79,79,79,79,79,79,79,79,79,79,79],"card_choices":[{"not_picked":["Outmaneuver","Reflex"],"picked":"Blade Dance","floor":1},{"not_picked":["Quick Slash","Slice"],"picked":"Acrobatics","floor":2},{"not_picked":["Sucker Punch","Escape Plan"],"picked":"Caltrops","floor":7},{"not_picked":["All Out Attack","Grand Finale","Flechettes"],"picked":"SKIP","floor":11},{"not_picked":["Reflex","Tactician"],"picked":"Sucker Punch","floor":13},{"not_picked":["Bullet Time","Die Die Die"],"picked":"Tools of the Trade","floor":16},{"not_picked":["Distraction","Concentrate"],"picked":"Backflip","floor":18},{"not_picked":["Distraction+1","Poisoned Stab"],"picked":"Catalyst","floor":20},{"not_picked":["All Out Attack","Concentrate"],"picked":"Flying Knee","floor":21},{"not_picked":["Flechettes","Setup+1"],"picked":"PiercingWail","floor":22},{"not_picked":["Prepared","Infinite Blades"],"picked":"Terror+1","floor":24},{"not_picked":["Outmaneuver","Flying Knee+1"],"picked":"Backflip+1","floor":25},{"not_picked":["Outmaneuver","Infinite Blades+1"],"picked":"Catalyst","floor":28},{"not_picked":["Masterful Stab+1","Terror+1"],"picked":"Crippling Poison","floor":30},{"not_picked":["Bouncing Flask+1","Prepared+1"],"picked":"Cloak And Dagger+1","floor":31},{"not_picked":["Burst+1","Envenom"],"picked":"After Image","floor":33},{"not_picked":["Dagger Throw+1","Backflip+1"],"picked":"Deadly Poison+1","floor":35},{"not_picked":["Bane","Leg Sweep+1"],"picked":"PiercingWail+1","floor":37},{"not_picked":["Concentrate+1","Dagger Throw+1"],"picked":"Prepared+1","floor":39},{"not_picked":["Outmaneuver+1","Underhanded Strike","Infinite Blades+1"],"picked":"Singing Bowl","floor":41},{"not_picked":["Tactician+1","Catalyst+1","Slice+1"],"picked":"Singing Bowl","floor":45},{"not_picked":["All Out Attack+1","Leg Sweep+1"],"picked":"Calculated Gamble+1","floor":46},{"not_picked":["Quick Slash+1","Backflip+1"],"picked":"Well Laid Plans","floor":48},{"not_picked":["Terror+1","Acrobatics+1"],"picked":"Dodge and Roll+1","floor":54}],"player_experience":87705,"relics_obtained":[{"floor":9,"key":"Tiny Chest"},{"floor":11,"key":"Meat on the Bone"},{"floor":12,"key":"PreservedInsect"},{"floor":24,"key":"Happy Flower"},{"floor":26,"key":"Vajra"},{"floor":28,"key":"Singing Bowl"},{"floor":30,"key":"Toxic Egg 2"},{"floor":41,"key":"Bottled Lightning"},{"floor":43,"key":"Whetstone"},{"floor":46,"key":"Unceasing Top"},{"floor":54,"key":"The Specimen"}],"event_choices":[{"damage_healed":0,"gold_gain":0,"player_choice":"Success","damage_taken":7,"relics_obtained":["Sundial"],"max_hp_gain":0,"max_hp_loss":0,"event_name":"Scrap Ooze","floor":3,"gold_loss":0},{"cards_removed":["Strike_G"],"damage_healed":0,"gold_gain":0,"player_choice":"Card Removal","damage_taken":0,"max_hp_gain":0,"max_hp_loss":0,"event_name":"The Cleric","floor":4,"gold_loss":50},{"damage_healed":0,"gold_gain":0,"player_choice":"2 cards matched","damage_taken":0,"max_hp_gain":0,"max_hp_loss":0,"event_name":"Match and Keep!","floor":19,"gold_loss":0,"cards_obtained":["Envenom","Neutralize"]},{"damage_healed":23,"gold_gain":0,"player_choice":"Heal","damage_taken":0,"max_hp_gain":0,"max_hp_loss":0,"event_name":"The Library","floor":27,"gold_loss":0},{"cards_removed":["Sucker Punch"],"damage_healed":0,"gold_gain":0,"player_choice":"Removed Attack","damage_taken":0,"max_hp_gain":0,"max_hp_loss":0,"event_name":"Falling","floor":38,"gold_loss":0},{"damage_healed":0,"gold_gain":0,"player_choice":"Fight","damage_taken":0,"max_hp_gain":0,"max_hp_loss":0,"event_name":"MindBloom","floor":46,"gold_loss":0}],"is_beta":false,"boss_relics":[{"not_picked":["Calling Bell","WristBlade"],"picked":"Sozu"},{"not_picked":["Runic Dome","Fusion Hammer"],"picked":"Pandora\u0027s Box"}],"items_purged_floors":[36],"is_endless":false,"potions_floor_spawned":[11,20,24,25,31,37,45,48],"killed_by":"The Heart","ascension_level":1}