{"gold_per_floor":[119,69,89,141,161,161,8,19,66,66,78,78,5,5,5,110,110,128,128,128,143,162,162],"floor_reached":23,"playtime":502,"items_purged":[],"score":226,"play_id":"5474ac4f-1dd6-4b42-b963-4b46b1256ec8","local_time":"20181208083906","is_ascension_mode":true,"campfire_choices":[{"data":"Dualcast","floor":6,"key":"SMITH"},{"data":"Redo","floor":10,"key":"SMITH"},{"data":"Ball Lightning","floor":12,"key":"SMITH"},{"data":"Defragment","floor":15,"key":"SMITH"}],"neow_cost":"NONE","seed_source_timestamp":2006250000301948,"circlet_count":0,"master_deck":["Strike_B","Strike_B","Strike_B+1","Defend_B","Defend_B+1","Defend_B+1","Defend_B","Zap+1","Dualcast+1","FTL+1","Redo+1","Ball Lightning+1","Defragment+1","Echo Form","Auto Shields","Consume","Loop"],"relics":["Cracked Core","Bag of Marbles","Happy Flower","Whetstone","Eternal Feather"],"potions_floor_usage":[16,23,23],"damage_taken":[{"damage":2,"enemies":"Jaw Worm","floor":1,"turns":3},{"damage":1,"enemies":"2 Louse","floor":3,"turns":3},{"damage":0,"enemies":"Small Slimes","floor":5,"turns":2},{"damage":9,"enemies":"Red Slaver","floor":8,"turns":3},{"damage":6,"enemies":"Looter","floor":11,"turns":2},{"damage":23,"enemies":"Hexaghost","floor":16,"turns":6},{"damage":8,"enemies":"Shell Parasite","floor":18,"turns":4},{"damage":0,"enemies":"Spheric Guardian","floor":21,"turns":3},{"damage":33,"enemies":"3 Cultists","floor":22,"turns":5},{"damage":29,"enemies":"Slavers","floor":23,"turns":1}],"seed_played":"-2477217538678854261","potions_obtained":[{"floor":3,"key":"LiquidBronze"},{"floor":8,"key":"Ancient Potion"},{"floor":22,"key":"PowerPotion"}],"is_trial":false,"path_per_floor":["M","?","M","T","M","R","$","M","T","R","M","R","$","?","R","B",null,"M","?","?","M","M","E"],"character_chosen":"DEFECT","items_purchased":["Happy Flower","Defragment"],"campfire_rested":0,"item_purchase_floors":[7,13],"current_hp_per_floor":[73,73,72,72,72,72,72,63,63,63,57,57,57,42,42,19,61,53,53,53,53,20,0],"gold":162,"neow_bonus":"UPGRADE_CARD","is_prod":false,"is_daily":false,"chose_seed":false,"campfire_upgraded":4,"win_rate":0,"timestamp":1544225946,"path_taken":["M","?","M","?","M","R","?","?","T","R","M","R","$","?","R","BOSS","M","?","?","M","M","E"],"build_version":"2018-12-06","purchased_purges":0,"victory":false,"max_hp_per_floor":[75,75,75,75,75,75,75,75,75,75,75,75,75,75,75,75,75,75,75,75,75,75,75],"card_choices":[{"not_picked":["Compile Driver","Leap","Cold Snap"],"picked":"SKIP","floor":1},{"not_picked":["Go for the Eyes","Streamline"],"picked":"FTL","floor":3},{"not_picked":["Hologram","Reprogram"],"picked":"Redo","floor":5},{"not_picked":["Coolheaded","Stack","Gash"],"picked":"SKIP","floor":8},{"not_picked":["Fission","Sweeping Beam"],"picked":"Ball Lightning","floor":11},{"not_picked":["Reboot","Meteor Strike"],"picked":"Echo Form","floor":16},{"not_picked":["Cold Snap","Genetic Algorithm"],"picked":"Auto Shields","floor":18},{"not_picked":["Coolheaded+1","Genetic Algorithm","Barrage"],"picked":"SKIP","floor":21},{"not_picked":["Gash","Coolheaded"],"picked":"Loop","floor":22}],"player_experience":518050,"relics_obtained":[{"floor":4,"key":"Bag of Marbles"},{"floor":9,"key":"Whetstone"}],"event_choices":[{"cards_removed":["Strike_B"],"damage_healed":0,"gold_gain":0,"player_choice":"Card Removal","damage_taken":0,"max_hp_gain":0,"max_hp_loss":0,"event_name":"The Cleric","floor":2,"gold_loss":50},{"damage_healed":0,"gold_gain":0,"player_choice":"Entered Light","damage_taken":15,"max_hp_gain":0,"max_hp_loss":0,"event_name":"Shining Light","floor":14,"gold_loss":0,"cards_upgraded":["Defend_B","Defend_B"]},{"damage_healed":0,"gold_gain":0,"player_choice":"Ignored","damage_taken":0,"max_hp_gain":0,"max_hp_loss":0,"event_name":"Vampires","floor":19,"gold_loss":0},{"damage_healed":0,"gold_gain":0,"player_choice":"Read","damage_taken":0,"max_hp_gain":0,"max_hp_loss":0,"event_name":"The Library","floor":20,"gold_loss":0,"cards_obtained":["Consume"]}],"is_beta":false,"boss_relics":[{"not_picked":["Philosopher\u0027s Stone","Busted Crown"],"picked":"Eternal Feather"}],"items_purged_floors":[],"is_endless":false,"potions_floor_spawned":[3,8,22],"killed_by":"Slavers","ascension_level":5}