{"gold_per_floor":[113,113,132,145,145,145,95,126,126,49,88,88,128,149,149,270,270,283,283,643,558,576,576,576],"floor_reached":24,"playtime":811,"items_purged":[],"score":296,"play_id":"f2262df9-cddf-4a36-92f7-25dfff7035ff","local_time":"20181102034753","is_ascension_mode":true,"campfire_choices":[{"data":"Blood for Blood","floor":6,"key":"SMITH"},{"data":"Bash","floor":12,"key":"SMITH"},{"floor":15,"key":"REST"},{"floor":23,"key":"REST"}],"neow_cost":"NONE","seed_source_timestamp":539711922639428,"circlet_count":0,"master_deck":["Strike_R","Strike_R","Strike_R","Defend_R","Defend_R","Defend_R","Defend_R","Bash+1","Blood for Blood+1","Offering","Metallicize","Pommel Strike","Dark Embrace","Double Tap","Normality","Deep Breath","Power Through"],"relics":["Burning Blood","NeowsBlessing","Golden Idol","Mummified Hand","Gremlin Horn","Ginger","Centennial Puzzle","Runic Cube","Boot"],"potions_floor_usage":[8,13,16,16,24],"damage_taken":[{"damage":0,"enemies":"2 Louse","floor":1,"turns":1},{"damage":0,"enemies":"Jaw Worm","floor":3,"turns":1},{"damage":0,"enemies":"Cultist","floor":4,"turns":1},{"damage":30,"enemies":"3 Sentries","floor":8,"turns":10},{"damage":6,"enemies":"Gremlin Nob","floor":11,"turns":2},{"damage":23,"enemies":"Lagavulin","floor":13,"turns":3},{"damage":4,"enemies":"Large Slime","floor":14,"turns":4},{"damage":19,"enemies":"Hexaghost","floor":16,"turns":8},{"damage":10,"enemies":"Chosen","floor":18,"turns":3},{"damage":9,"enemies":"2 Thieves","floor":22,"turns":2},{"damage":10,"enemies":"Gremlin Leader","floor":24,"turns":2}],"seed_played":"768643138569426499","potions_obtained":[{"floor":1,"key":"Strength Potion"},{"floor":11,"key":"SteroidPotion"},{"floor":13,"key":"Block Potion"},{"floor":14,"key":"PowerPotion"},{"floor":18,"key":"Swift Potion"}],"is_trial":false,"path_per_floor":["M","?","M","M","?","R","?","E","T","$","E","R","E","M","R","B",null,"M","?","?","?","M","R"],"character_chosen":"IRONCLAD","items_purchased":["Metallicize"],"campfire_rested":2,"item_purchase_floors":[10],"current_hp_per_floor":[80,60,66,72,65,65,65,41,41,41,41,41,24,26,50,37,69,65,65,25,25,22,46,36],"gold":576,"neow_bonus":"THREE_ENEMY_KILL","is_prod":false,"is_daily":false,"chose_seed":false,"campfire_upgraded":2,"win_rate":0,"timestamp":1541098073,"path_taken":["M","?","?","M","?","R","?","E","T","$","E","R","E","?","R","BOSS","M","?","?","?","M","R","E"],"build_version":"2018-10-25v2","purchased_purges":0,"victory":false,"max_hp_per_floor":[80,80,80,80,80,80,80,80,80,80,80,80,80,80,80,80,80,80,80,80,80,80,80,80],"card_choices":[{"not_picked":["Anger","True Grit"],"picked":"Blood for Blood","floor":1},{"not_picked":["Iron Wave","Body Slam","Clash"],"picked":"SKIP","floor":3},{"not_picked":["Dropkick","Anger","Iron Wave"],"picked":"SKIP","floor":4},{"not_picked":["Sword Boomerang","Second Wind"],"picked":"Offering","floor":8},{"not_picked":["Fire Breathing","Clothesline","Body Slam"],"picked":"SKIP","floor":11},{"not_picked":["Perfected Strike","Iron Wave","Sword Boomerang"],"picked":"SKIP","floor":13},{"not_picked":["Burning Pact","Sword Boomerang"],"picked":"Pommel Strike","floor":14},{"not_picked":["Exhume","Barricade"],"picked":"Dark Embrace","floor":16},{"not_picked":["Body Slam","Warcry","Cleave"],"picked":"SKIP","floor":18},{"not_picked":["Armaments","Corruption"],"picked":"Power Through","floor":22}],"player_experience":434397,"relics_obtained":[{"floor":8,"key":"Mummified Hand"},{"floor":9,"key":"Gremlin Horn"},{"floor":11,"key":"Ginger"},{"floor":13,"key":"Centennial Puzzle"}],"event_choices":[{"damage_healed":0,"gold_gain":0,"player_choice":"Take Damage","damage_taken":20,"relics_obtained":["Golden Idol"],"max_hp_gain":0,"max_hp_loss":0,"event_name":"Golden Idol","floor":2,"gold_loss":0},{"cards_removed":["Strike_R"],"damage_healed":0,"gold_gain":0,"player_choice":"Card Removal","damage_taken":7,"max_hp_gain":0,"max_hp_loss":0,"event_name":"Golden Wing","floor":5,"gold_loss":0},{"cards_removed":["Strike_R"],"damage_healed":0,"gold_gain":0,"player_choice":"Card Removal","damage_taken":0,"max_hp_gain":0,"max_hp_loss":0,"event_name":"The Cleric","floor":7,"gold_loss":50},{"damage_healed":0,"gold_gain":0,"player_choice":"3 cards matched","damage_taken":0,"max_hp_gain":0,"max_hp_loss":0,"event_name":"Match and Keep!","floor":19,"gold_loss":0,"cards_obtained":["Double Tap","Normality","Deep Breath"]},{"damage_healed":0,"gold_gain":360,"player_choice":"GOLD GOLD GOLD GOLD ","damage_taken":40,"max_hp_gain":0,"max_hp_loss":0,"event_name":"Knowing Skull","floor":20,"potions_obtained":[],"gold_loss":0,"cards_obtained":[]},{"damage_healed":0,"gold_gain":0,"player_choice":"Obtained Relic","damage_taken":0,"relics_obtained":["Boot"],"max_hp_gain":0,"max_hp_loss":0,"event_name":"Addict","floor":21,"gold_loss":85}],"is_beta":false,"boss_relics":[{"not_picked":["Snecko Eye","Coffee Dripper"],"picked":"Runic Cube"}],"items_purged_floors":[],"is_endless":false,"potions_floor_spawned":[1,11,13,14,18],"killed_by":"Gremlin Leader","ascension_level":5}