{"gold_per_floor":[114,114,114,137,151,151,172,172,222,172,195,231,231,254,254,254],"floor_reached":16,"playtime":606,"items_purged":[],"score":117,"play_id":"768ace4d-1045-4afb-868e-739daf118851","local_time":"20190428145535","is_ascension_mode":true,"campfire_choices":[{"data":"Neutralize","floor":6,"key":"SMITH"},{"floor":8,"key":"REST"},{"floor":15,"key":"REST"}],"neow_cost":"TEN_PERCENT_HP_LOSS","seed_source_timestamp":1108090740728852,"circlet_count":0,"master_deck":["Defend_G","Defend_G","Defend_G","Defend_G","Strike_G","Strike_G","Strike_G","Strike_G","Survivor","Neutralize+1","PiercingWail","Leg Sweep","Deflect","Deadly Poison","Footwork","Well Laid Plans","Backstab","Footwork","Poisoned Stab"],"relics":["Ring of the Snake","Prayer Wheel","Golden Idol","Smiling Mask","Happy Flower"],"potions_floor_usage":[12,12,12],"damage_taken":[{"damage":6,"enemies":"Small Slimes","floor":1,"turns":4},{"damage":2,"enemies":"Cultist","floor":4,"turns":5},{"damage":0,"enemies":"Jaw Worm","floor":5,"turns":8},{"damage":5,"enemies":"2 Fungi Beasts","floor":7,"turns":5},{"damage":0,"enemies":"Red Slaver","floor":11,"turns":3},{"damage":47,"enemies":"Gremlin Nob","floor":12,"turns":7},{"damage":3,"enemies":"Blue Slaver","floor":14,"turns":5},{"damage":23,"enemies":"Slime Boss","floor":16,"turns":12}],"seed_played":"6502173593296815458","potions_obtained":[{"floor":1,"key":"SneckoOil"},{"floor":4,"key":"Dexterity Potion"},{"floor":11,"key":"Energy Potion"}],"is_trial":false,"path_per_floor":["M","?","?","M","M","R","M","R","T","?","M","E","?","M","R","B"],"character_chosen":"THE_SILENT","items_purchased":[],"campfire_rested":2,"item_purchase_floors":[],"current_hp_per_floor":[57,42,42,40,40,40,35,53,53,53,53,6,6,3,21,0],"gold":254,"neow_bonus":"ONE_RARE_RELIC","is_prod":false,"is_daily":false,"chose_seed":false,"campfire_upgraded":1,"win_rate":0,"timestamp":1556420135,"path_taken":["M","?","?","M","?","R","M","R","T","?","M","E","?","?","R","BOSS"],"build_version":"2019-01-23","purchased_purges":0,"victory":false,"max_hp_per_floor":[63,63,63,63,63,63,63,63,63,63,63,63,63,63,63,63],"card_choices":[{"not_picked":["Quick Slash","Blur"],"picked":"PiercingWail","floor":1},{"not_picked":["Escape Plan","Predator","Prepared"],"picked":"SKIP","floor":1},{"not_picked":["Quick Slash","Eviscerate"],"picked":"Leg Sweep","floor":4},{"not_picked":["Eviscerate","Outmaneuver","Quick Slash"],"picked":"SKIP","floor":4},{"not_picked":["Riddle With Holes","Cloak And Dagger"],"picked":"Deflect","floor":5},{"not_picked":["Flying Knee","Backflip","Caltrops"],"picked":"SKIP","floor":5},{"not_picked":["Setup","PiercingWail"],"picked":"Flechettes","floor":7},{"not_picked":["Masterful Stab","Infinite Blades"],"picked":"Deadly Poison","floor":7},{"not_picked":["Acrobatics","Setup"],"picked":"Footwork","floor":11},{"not_picked":["Unload","Predator","Eviscerate"],"picked":"SKIP","floor":11},{"not_picked":["Dodge and Roll","Dagger Throw"],"picked":"Well Laid Plans","floor":12},{"not_picked":["Concentrate","Blade Dance"],"picked":"Footwork","floor":14},{"not_picked":["Slice","Phantasmal Killer"],"picked":"Poisoned Stab","floor":14}],"player_experience":110862,"relics_obtained":[{"floor":9,"key":"Smiling Mask"},{"floor":12,"key":"Happy Flower"}],"event_choices":[{"damage_healed":0,"gold_gain":0,"player_choice":"Take Damage","damage_taken":15,"relics_obtained":["Golden Idol"],"max_hp_gain":0,"max_hp_loss":0,"event_name":"Golden Idol","floor":2,"gold_loss":0},{"cards_removed":["Strike_G"],"damage_healed":0,"gold_gain":0,"player_choice":"Offered Basic","damage_taken":0,"max_hp_gain":0,"max_hp_loss":0,"event_name":"Bonfire Elementals","floor":3,"gold_loss":0},{"cards_removed":["Defend_G"],"damage_healed":0,"gold_gain":0,"player_choice":"Card Removal","damage_taken":0,"max_hp_gain":0,"max_hp_loss":0,"event_name":"The Cleric","floor":10,"gold_loss":50},{"damage_healed":0,"gold_gain":0,"cards_transformed":["Flechettes"],"player_choice":"Transformed","damage_taken":0,"max_hp_gain":0,"max_hp_loss":0,"event_name":"Transmorgrifier","floor":13,"gold_loss":0,"cards_obtained":["Backstab"]}],"is_beta":false,"boss_relics":[],"items_purged_floors":[],"is_endless":false,"potions_floor_spawned":[1,4,11],"killed_by":"Slime Boss","ascension_level":3}