{"gold_per_floor":[114,114,125,143,159,159,159,194,250,270,270,55,55,87,87,184,184,199,199,74,74,93,93,105,105,155,172,185,185,204,224,224,322,322,336,347,347,57,57],"floor_reached":39,"playtime":1410,"items_purged":["Strike_G"],"score":511,"play_id":"2cb37fa2-deb7-4ad6-abf8-d6767a852eab","local_time":"20190503143924","is_ascension_mode":true,"campfire_choices":[{"floor":6,"key":"REST"},{"floor":11,"key":"REST"},{"data":"A Thousand Cuts","floor":13,"key":"SMITH"},{"data":"Footwork","floor":15,"key":"SMITH"},{"floor":23,"key":"RECALL"},{"floor":25,"key":"REST"},{"floor":29,"key":"REST"},{"floor":32,"key":"REST"}],"neow_cost":"NONE","seed_source_timestamp":1538305818515982,"circlet_count":0,"master_deck":["Defend_G+1","Defend_G","Defend_G","Defend_G","Strike_G","Strike_G","Survivor","Neutralize+1","Deadly Poison","Footwork+1","Calculated Gamble","Distraction","Backflip","Sucker Punch","A Thousand Cuts+1","Bouncing Flask","Adrenaline+1","Bane+1","PiercingWail","Prepared","Calculated Gamble+1","Flying Knee","Escape Plan+1","Dodge and Roll+1","Expertise+1","Poisoned Stab+1"],"relics":["Velvet Choker","Bag of Marbles","Tiny Chest","Ancient Tea Set","WristBlade","Art of War","Astrolabe","The Specimen"],"potions_floor_usage":[33,33,33],"damage_taken":[{"damage":7,"enemies":"Small Slimes","floor":1,"turns":5},{"damage":0,"enemies":"Cultist","floor":3,"turns":4},{"damage":0,"enemies":"Jaw Worm","floor":4,"turns":4},{"damage":4,"enemies":"2 Fungi Beasts","floor":5,"turns":6},{"damage":10,"enemies":"Lagavulin","floor":8,"turns":8},{"damage":3,"enemies":"Exordium Thugs","floor":10,"turns":6},{"damage":9,"enemies":"3 Sentries","floor":14,"turns":6},{"damage":13,"enemies":"Hexaghost","floor":16,"turns":9},{"damage":4,"enemies":"Shell Parasite","floor":18,"turns":5},{"damage":2,"enemies":"Chosen","floor":22,"turns":4},{"damage":15,"enemies":"Centurion and Healer","floor":24,"turns":6},{"damage":4,"enemies":"Snake Plant","floor":27,"turns":4},{"damage":20,"enemies":"Snecko","floor":28,"turns":6},{"damage":25,"enemies":"Sentry and Sphere","floor":30,"turns":5},{"damage":11,"enemies":"Snake Plant","floor":31,"turns":3},{"damage":44,"enemies":"Champ","floor":33,"turns":13},{"damage":21,"enemies":"Orb Walker","floor":35,"turns":4},{"damage":11,"enemies":"3 Shapes","floor":36,"turns":5},{"damage":23,"enemies":"Spire Growth","floor":39,"turns":3}],"seed_played":"4147473941249951820","potions_obtained":[{"floor":3,"key":"SpeedPotion"},{"floor":5,"key":"PowerPotion"},{"floor":8,"key":"Block Potion"}],"is_trial":false,"path_per_floor":["M","?","M","M","M","R","?","E","T","M","R","$","R","E","R","B",null,"M","?","$","T","M","R","M","R","T","M","M","R","M","M","R","B",null,"M","M","?","$","M"],"character_chosen":"THE_SILENT","items_purchased":["A Thousand Cuts","Bouncing Flask","PiercingWail","The Specimen"],"campfire_rested":5,"item_purchase_floors":[12,12,20,38],"current_hp_per_floor":[56,56,56,56,52,70,56,46,46,43,64,64,64,55,55,42,63,59,59,59,59,57,57,42,63,63,59,39,60,35,24,45,1,53,32,21,21,21,0],"gold":57,"neow_bonus":"BOSS_RELIC","is_prod":false,"is_daily":false,"chose_seed":false,"campfire_upgraded":2,"win_rate":0,"timestamp":1556851164,"path_taken":["M","?","M","?","M","R","?","E","T","M","R","$","R","E","R","BOSS","M","?","$","?","?","R","M","R","T","M","M","R","M","M","R","BOSS","M","?","?","?","M"],"build_version":"2019-01-23","purchased_purges":1,"victory":false,"max_hp_per_floor":[70,70,70,70,70,70,70,70,70,70,70,70,70,70,70,70,70,70,70,70,70,70,70,70,70,70,70,70,70,70,70,70,70,70,70,70,70,70,70],"card_choices":[{"not_picked":["Backflip","Acrobatics"],"picked":"Deadly Poison","floor":1},{"not_picked":["Slice","Deadly Poison"],"picked":"Footwork","floor":3},{"not_picked":["Deadly Poison","Quick Slash"],"picked":"Calculated Gamble","floor":4},{"not_picked":["Underhanded Strike","Terror"],"picked":"Distraction","floor":5},{"not_picked":["Prepared","Acrobatics"],"picked":"Backflip","floor":8},{"not_picked":["Prepared","Dagger Throw"],"picked":"Sucker Punch","floor":10},{"not_picked":["Concentrate","Finisher","Storm of Steel"],"picked":"SKIP","floor":14},{"not_picked":["Glass Knife","Phantasmal Killer"],"picked":"Adrenaline","floor":16},{"not_picked":["Cloak And Dagger","Outmaneuver"],"picked":"Bane+1","floor":18},{"not_picked":["Deflect","Cloak And Dagger"],"picked":"Prepared","floor":22},{"not_picked":["Dash","Bane"],"picked":"Calculated Gamble+1","floor":24},{"not_picked":["Bane","Blade Dance","Outmaneuver"],"picked":"SKIP","floor":27},{"not_picked":["Flechettes","Reflex"],"picked":"Flying Knee","floor":28},{"not_picked":["Sucker Punch+1","Poisoned Stab+1"],"picked":"Escape Plan+1","floor":30},{"not_picked":["Escape Plan+1","Flechettes","Unload"],"picked":"SKIP","floor":31},{"not_picked":["Grand Finale","Night Terror"],"picked":"After Image","floor":33},{"not_picked":["Choke+1","Slice+1","Expertise+1"],"picked":"SKIP","floor":35},{"not_picked":["Dagger Throw","All Out Attack","Cloak And Dagger+1"],"picked":"SKIP","floor":36}],"player_experience":168521,"relics_obtained":[{"floor":8,"key":"Bag of Marbles"},{"floor":9,"key":"Tiny Chest"},{"floor":14,"key":"Ancient Tea Set"},{"floor":26,"key":"Art of War"}],"event_choices":[{"cards_removed":["Strike_G"],"damage_healed":0,"gold_gain":0,"player_choice":"Offered Basic","damage_taken":0,"max_hp_gain":0,"max_hp_loss":0,"event_name":"Bonfire Elementals","floor":2,"gold_loss":0},{"damage_healed":0,"gold_gain":0,"player_choice":"Entered Light","damage_taken":14,"max_hp_gain":0,"max_hp_loss":0,"event_name":"Shining Light","floor":7,"gold_loss":0,"cards_upgraded":["Neutralize","Defend_G"]},{"damage_healed":0,"gold_gain":0,"player_choice":"Upgraded","damage_taken":0,"max_hp_gain":0,"max_hp_loss":0,"event_name":"Upgrade Shrine","floor":19,"gold_loss":0,"cards_upgraded":["Adrenaline"]},{"damage_healed":0,"gold_gain":0,"player_choice":"Ignored","damage_taken":0,"max_hp_gain":0,"max_hp_loss":0,"event_name":"SecretPortal","floor":37,"gold_loss":0}],"is_beta":false,"boss_relics":[{"not_picked":["HoveringKite","Coffee Dripper"],"picked":"WristBlade"},{"not_picked":["Snecko Eye","Busted Crown"],"picked":"Astrolabe"}],"items_purged_floors":[20],"is_endless":false,"potions_floor_spawned":[3,5,8,14,16,24,27,28,31],"killed_by":"Spire Growth","ascension_level":6}