{"gold_per_floor":[212,68,68,86,86,114,114,133,157,175,175,191,4,16,16,120,120,93,103,121,121,139,139,173,173,199,52,152,15,28,40,40,40],"floor_reached":33,"playtime":2264,"items_purged":["Shame","Strike_G"],"score":361,"play_id":"1b380930-fa2e-4eab-ac7e-ca04c274e0ea","local_time":"20181003023744","is_ascension_mode":true,"campfire_choices":[{"data":"Neutralize","floor":7.0,"key":"SMITH"},{"data":"Die Die Die","floor":11.0,"key":"SMITH"},{"data":"Apotheosis","floor":15,"key":"SMITH"},{"data":"Footwork","floor":23,"key":"SMITH"},{"floor":25,"key":"REST"},{"floor":32,"key":"REST"}],"neow_cost":"NONE","seed_source_timestamp":1454225447571428,"circlet_count":0,"master_deck":["Defend_G","Defend_G","Defend_G","Defend_G","Defend_G","Strike_G","Strike_G","Strike_G","Strike_G","Survivor","Neutralize+1","Deflect","Die Die Die+1","Finisher","Well Laid Plans","Dagger Spray","Apotheosis+1","Footwork+1","A Thousand Cuts","Cloak And Dagger","Backstab","Cloak And Dagger+1","Storm of Steel","PiercingWail+1","All Out Attack","Finisher"],"special_seed":0,"relics":["Ring of the Snake","PreservedInsect","Oddly Smooth Stone","Strawberry","Cursed Key","Red Mask","Bag of Marbles","Calipers","Letter Opener"],"potions_floor_usage":[16,16,20,24,28,31,33],"damage_taken":[{"damage":8.0,"enemies":"Jaw Worm","floor":1.0,"turns":7.0},{"damage":0.0,"enemies":"Small Slimes","floor":4.0,"turns":4.0},{"damage":13.0,"enemies":"3 Sentries","floor":6.0,"turns":9.0},{"damage":0.0,"enemies":"Cultist","floor":8.0,"turns":6.0},{"damage":0.0,"enemies":"Red Slaver","floor":10.0,"turns":3.0},{"damage":4.0,"enemies":"Exordium Wildlife","floor":12.0,"turns":8.0},{"damage":0,"enemies":"Gremlin Gang","floor":14,"turns":4},{"damage":12,"enemies":"Slime Boss","floor":16,"turns":8},{"damage":18,"enemies":"2 Thieves","floor":18,"turns":5},{"damage":2,"enemies":"3 Byrds","floor":19,"turns":5},{"damage":10,"enemies":"Centurion and Healer","floor":20,"turns":5},{"damage":5,"enemies":"Chosen and Byrds","floor":22,"turns":8},{"damage":12,"enemies":"Masked Bandits","floor":24,"turns":5},{"damage":0,"enemies":"Colosseum Slavers","floor":28,"turns":2},{"damage":3,"enemies":"Colosseum Nobs","floor":28,"turns":5},{"damage":2,"enemies":"Cultist and Chosen","floor":30,"turns":6},{"damage":0,"enemies":"Snecko","floor":31,"turns":2},{"damage":69,"enemies":"Champ","floor":33,"turns":13}],"seed_played":"8409213757771630366","potions_obtained":[{"floor":6.0,"key":"Fire Potion"},{"floor":8.0,"key":"Dexterity Potion"},{"floor":10.0,"key":"Strength Potion"},{"floor":18,"key":"Energy Potion"},{"floor":24,"key":"SpeedPotion"},{"floor":28,"key":"Explosive Potion"},{"floor":31,"key":"SpeedPotion"}],"is_trial":false,"path_per_floor":["M","$","?","M","?","E","R","M","T","M","R","M","$","M","R","B",null,"M","M","M","?","M","R","?","R","T","$","?","$","M","M","R"],"character_chosen":"THE_SILENT","items_purchased":["PreservedInsect","Apotheosis","Storm of Steel","All Out Attack"],"campfire_rested":2,"item_purchase_floors":[2,13,27,29],"current_hp_per_floor":[55,55,70,70,70,57,57,57,64,64,64,60,60,60,60,48,70,52,50,40,40,35,35,23,46,46,46,43,43,41,41,64,0],"gold":40,"neow_bonus":"HUNDRED_GOLD","is_prod":false,"is_daily":false,"chose_seed":false,"campfire_upgraded":4,"win_rate":0,"timestamp":1538501864,"path_taken":["M","$","?","M","?","E","R","M","T","M","R","?","$","M","R","BOSS","M","?","M","?","?","R","?","R","T","$","?","$","M","M","R","BOSS"],"build_version":"2018-09-27","purchased_purges":2,"victory":false,"max_hp_per_floor":[70,70,70,70,70,70,70,70,77,77,77,77,77,77,77,77,77,77,77,77,77,77,77,77,77,77,77,77,77,77,77,77,77],"card_choices":[{"not_picked":["Acrobatics","Finisher"],"picked":"Deflect","floor":1.0},{"not_picked":["Dodge and Roll","Catalyst"],"picked":"Die Die Die","floor":4.0},{"not_picked":["Prepared","Underhanded Strike","Terror"],"picked":"SKIP","floor":6.0},{"not_picked":["Deadly Poison","Prepared"],"picked":"Finisher","floor":8.0},{"not_picked":["Leg Sweep","Acrobatics"],"picked":"Well Laid Plans","floor":10.0},{"not_picked":["Escape Plan","Well Laid Plans"],"picked":"Dagger Spray","floor":12.0},{"not_picked":["Sucker Punch","Outmaneuver"],"picked":"Footwork","floor":14},{"not_picked":["Grand Finale","Malaise"],"picked":"A Thousand Cuts","floor":16},{"not_picked":["Backflip","Blade Dance+1"],"picked":"Cloak And Dagger","floor":18},{"not_picked":["Deadly Poison","Accuracy"],"picked":"Backstab","floor":19},{"not_picked":["Deadly Poison","Catalyst+1","Acrobatics+1"],"picked":"SKIP","floor":20},{"not_picked":["Deadly Poison","Choke"],"picked":"Cloak And Dagger+1","floor":22},{"not_picked":["Masterful Stab+1","Predator"],"picked":"PiercingWail+1","floor":28},{"not_picked":["Slice","Dagger Throw+1","Flying Knee+1"],"picked":"SKIP","floor":30},{"not_picked":["Heel Hook+1","Underhanded Strike+1"],"picked":"Finisher","floor":31}],"player_experience":357317,"relics_obtained":[{"floor":6.0,"key":"Oddly Smooth Stone"},{"floor":9.0,"key":"Strawberry"},{"floor":24,"key":"Red Mask"},{"floor":26,"key":"Bag of Marbles"},{"floor":28,"key":"Calipers"},{"floor":28,"key":"Letter Opener"}],"event_choices":[{"event_name":"Big Fish","player_choice":"Banana","floor":3.0,"damage_taken":0.0},{"event_name":"Wheel of Change","player_choice":"Curse","floor":5.0,"damage_taken":0.0},{"event_name":"Back to Basics","player_choice":"Elegance","floor":21,"damage_taken":0},{"event_name":"Masked Bandits","player_choice":"Fought Bandits","floor":24,"damage_taken":0},{"event_name":"Colosseum","player_choice":"Fight","floor":28,"damage_taken":0},{"event_name":"Colosseum","player_choice":"Fought Nobs","floor":28,"damage_taken":0}],"is_beta":false,"boss_relics":[{"not_picked":["Orrery","Velvet Choker"],"picked":"Cursed Key"}],"items_purged_floors":[27,29],"is_endless":false,"potions_floor_spawned":[6,8,10,18,24,28,28,31],"killed_by":"Champ","ascension_level":9}