{"gold_per_floor":[115,129,79,94,69,95,106,106,130,130,151,35,70,89,89,208,208,229,247,260,2,18,53,53,53,53,53,53,86,106,56,56,56],"floor_reached":33,"playtime":1682,"items_purged":["Shame"],"score":330,"play_id":"13b74c1f-6c36-4446-83c5-fa0649288c54","local_time":"20190517081105","is_ascension_mode":true,"campfire_choices":[{"floor":8,"key":"REST"},{"data":"Caltrops","floor":15,"key":"SMITH"},{"floor":28,"key":"REST"},{"floor":32,"key":"REST"}],"neow_cost":"NONE","seed_source_timestamp":69646909927200,"circlet_count":0,"master_deck":["Defend_G","Defend_G","Defend_G","Defend_G","Strike_G+1","Strike_G+1","Survivor","Neutralize","Well Laid Plans","Poisoned Stab","Backflip","Dagger Spray","Dodge and Roll","Caltrops+1","Noxious Fumes","Crippling Poison","Acrobatics","PiercingWail","Doppelganger","Blur+1","Dodge and Roll+1","Concentrate+1","Underhanded Strike","Dagger Spray","Escape Plan","Dash","Eviscerate","Bane+1","Tactician","Distraction"],"relics":["Ring of the Snake","Bronze Scales","Lantern","Bloody Idol","Odd Mushroom","Astrolabe","Art of War","Whetstone","Centennial Puzzle","Darkstone Periapt","Smiling Mask"],"potions_floor_usage":[16,19,23,30,33],"damage_taken":[{"damage":1,"enemies":"Jaw Worm","floor":1,"turns":6},{"damage":2,"enemies":"2 Louse","floor":2,"turns":3},{"damage":12,"enemies":"Small Slimes","floor":4,"turns":3},{"damage":38,"enemies":"Gremlin Nob","floor":6,"turns":6},{"damage":0,"enemies":"3 Louse","floor":7,"turns":2},{"damage":0,"enemies":"Looter","floor":11,"turns":4},{"damage":9,"enemies":"The Mushroom Lair","floor":13,"turns":4},{"damage":6,"enemies":"2 Fungi Beasts","floor":14,"turns":3},{"damage":7,"enemies":"Hexaghost","floor":16,"turns":9},{"damage":3,"enemies":"Chosen","floor":18,"turns":6},{"damage":12,"enemies":"2 Thieves","floor":19,"turns":4},{"damage":19,"enemies":"Snecko","floor":20,"turns":6},{"damage":8,"enemies":"3 Cultists","floor":22,"turns":5},{"damage":20,"enemies":"Gremlin Leader","floor":23,"turns":5},{"damage":3,"enemies":"Book of Stabbing","floor":29,"turns":5},{"damage":5,"enemies":"Chosen and Byrds","floor":30,"turns":6},{"damage":64,"enemies":"Collector","floor":33,"turns":6}],"seed_played":"4760116450825855114","potions_obtained":[{"floor":6,"key":"SteroidPotion"},{"floor":11,"key":"AttackPotion"},{"floor":13,"key":"Swift Potion"},{"floor":16,"key":"PowerPotion"},{"floor":18,"key":"Block Potion"},{"floor":19,"key":"SteroidPotion"}],"is_trial":false,"path_per_floor":["M","M","?","M","$","E","M","R","T","?","M","$","?","M","R","B",null,"M","M","M","$","M","E","?","?","T","?","R","E","M","$","R","B"],"character_chosen":"THE_SILENT","items_purchased":["Dagger Spray","Noxious Fumes","Crippling Poison","Art of War","Dash","Eviscerate"],"campfire_rested":3,"item_purchase_floors":[5,12,12,21,21,21],"current_hp_per_floor":[76,74,74,62,62,24,24,47,47,47,47,47,38,32,32,25,71,68,56,37,37,29,9,9,9,9,9,30,32,32,32,53,0],"gold":56,"neow_bonus":"TEN_PERCENT_HP_BONUS","is_prod":false,"is_daily":false,"chose_seed":false,"campfire_upgraded":1,"win_rate":0,"timestamp":1558095065,"path_taken":["M","M","?","M","$","E","M","R","T","?","M","?","?","M","R","BOSS","M","M","M","$","M","E","?","?","T","?","R","E","?","$","R","BOSS"],"build_version":"2019-01-23","purchased_purges":1,"victory":false,"max_hp_per_floor":[77,77,77,77,77,77,77,77,77,71,71,71,71,71,71,71,71,71,71,71,71,71,71,71,71,71,71,71,71,71,71,71,71],"card_choices":[{"not_picked":["Sucker Punch","Deflect"],"picked":"Well Laid Plans","floor":1},{"not_picked":["Underhanded Strike","Backflip"],"picked":"Poisoned Stab","floor":2},{"not_picked":["Choke","Underhanded Strike"],"picked":"Backflip","floor":4},{"not_picked":["Deflect","Poisoned Stab"],"picked":"Dodge and Roll","floor":6},{"not_picked":["Night Terror","Finisher","Dodge and Roll"],"picked":"SKIP","floor":7},{"not_picked":["Catalyst","Dodge and Roll"],"picked":"Caltrops","floor":11},{"not_picked":["Bane","Underhanded Strike"],"picked":"Acrobatics","floor":13},{"not_picked":["Eviscerate","Dodge and Roll"],"picked":"PiercingWail","floor":14},{"not_picked":["Glass Knife","Bullet Time"],"picked":"Doppelganger","floor":16},{"not_picked":["Dagger Throw+1","Sucker Punch"],"picked":"Underhanded Strike","floor":18},{"not_picked":["Bane","Sucker Punch"],"picked":"Dagger Spray","floor":19},{"not_picked":["Eviscerate","PiercingWail"],"picked":"Escape Plan","floor":20},{"not_picked":["Backflip","Deflect+1"],"picked":"Bane+1","floor":22},{"not_picked":["Blade Dance+1","All Out Attack+1"],"picked":"Tactician","floor":23},{"not_picked":["Concentrate+1","Skewer","Dash"],"picked":"SKIP","floor":29},{"not_picked":["Heel Hook+1","Slice"],"picked":"Distraction","floor":30}],"player_experience":204105,"relics_obtained":[{"floor":6,"key":"Bronze Scales"},{"floor":9,"key":"Lantern"},{"floor":13,"key":"Odd Mushroom"},{"floor":23,"key":"Whetstone"},{"floor":26,"key":"Darkstone Periapt"},{"floor":29,"key":"Smiling Mask"}],"event_choices":[{"cards_removed":["Strike_G"],"damage_healed":0,"gold_gain":0,"player_choice":"Card Removal","damage_taken":0,"max_hp_gain":0,"max_hp_loss":0,"event_name":"The Cleric","floor":3,"gold_loss":50},{"damage_healed":0,"gold_gain":0,"player_choice":"Lose Max HP","damage_taken":0,"relics_obtained":["Golden Idol"],"max_hp_gain":0,"max_hp_loss":6,"event_name":"Golden Idol","floor":10,"gold_loss":0},{"damage_healed":0,"gold_gain":0,"player_choice":"Fought Mushrooms","damage_taken":0,"max_hp_gain":0,"max_hp_loss":0,"event_name":"Mushrooms","floor":13,"gold_loss":0},{"damage_healed":0,"gold_gain":0,"player_choice":"Gave Idol","damage_taken":0,"relics_obtained":["Bloody Idol"],"max_hp_gain":0,"max_hp_loss":0,"event_name":"Forgotten Altar","floor":24,"relics_lost":["Golden Idol"],"gold_loss":0},{"damage_healed":0,"gold_gain":0,"player_choice":"Stole Relic","damage_taken":0,"relics_obtained":["Centennial Puzzle"],"max_hp_gain":0,"max_hp_loss":0,"event_name":"Addict","floor":25,"gold_loss":0,"cards_obtained":["Shame"]},{"damage_healed":0,"gold_gain":0,"player_choice":"Bought 0 Potions","damage_taken":0,"max_hp_gain":0,"max_hp_loss":0,"event_name":"The Woman in Blue","floor":27,"gold_loss":0}],"is_beta":false,"boss_relics":[{"not_picked":["WristBlade","Velvet Choker"],"picked":"Astrolabe"}],"items_purged_floors":[31],"is_endless":false,"potions_floor_spawned":[6,11,13,16,18,19,22],"killed_by":"Collector","ascension_level":3}