{"gold_per_floor":[217,217,217,233,244,244,257,257,280,310,341,20,40,54,54,156,156,170,25,25,45,72,72,129,207,234,234],"floor_reached":27,"playtime":1474,"items_purged":["Strike_R","Strike_R"],"score":248,"play_id":"8640d5b1-e894-47a4-ac4e-a1f9d6f6fba1","local_time":"20180830224758","is_ascension_mode":true,"campfire_choices":[{"data":"Pommel Strike","floor":6,"key":"SMITH"},{"data":"Perfected Strike","floor":8,"key":"SMITH"},{"floor":15,"key":"REST"},{"floor":23,"key":"REST"}],"neow_cost":"NONE","seed_source_timestamp":962330826849392,"circlet_count":0,"master_deck":["Strike_R+1","Strike_R+1","Strike_R","Defend_R","Defend_R","Defend_R","Defend_R","Bash","Pommel Strike+1","Pommel Strike","Perfected Strike+1","Warcry","Shrug It Off","Heavy Blade+1","Offering","Pommel Strike+1","Shrug It Off","Shame","Wild Strike+1","Decay","Pain"],"relics":["Burning Blood","Potion Belt","MawBank","Molten Egg 2","Cursed Key","Juzu Bracelet","Red Mask","Tiny Chest","Pantograph","Regal Pillow"],"potions_floor_usage":[7,22,22,24,24,27],"damage_taken":[{"damage":7,"enemies":"2 Louse","floor":1,"turns":3},{"damage":7,"enemies":"Small Slimes","floor":4,"turns":4},{"damage":1,"enemies":"Cultist","floor":5,"turns":3},{"damage":9,"enemies":"3 Louse","floor":7,"turns":2},{"damage":4,"enemies":"2 Fungi Beasts","floor":10,"turns":3},{"damage":13,"enemies":"Gremlin Gang","floor":11,"turns":5},{"damage":14,"enemies":"3 Louse","floor":13,"turns":3},{"damage":0,"enemies":"Large Slime","floor":14,"turns":3},{"damage":48,"enemies":"The Guardian","floor":16,"turns":13},{"damage":22,"enemies":"2 Thieves","floor":18,"turns":4},{"damage":11,"enemies":"Shell Parasite","floor":21,"turns":7},{"damage":35,"enemies":"Masked Bandits","floor":22,"turns":4},{"damage":20,"enemies":"Slavers","floor":24,"turns":4},{"damage":51,"enemies":"Gremlin Leader","floor":27,"turns":7}],"seed_played":"-4013470941452754617","potions_obtained":[{"floor":1,"key":"Swift Potion"},{"floor":4,"key":"SkillPotion"},{"floor":13,"key":"FearPotion"},{"floor":14,"key":"Ancient Potion"},{"floor":16,"key":"Weak Potion"},{"floor":18,"key":"Swift Potion"},{"floor":22,"key":"Explosive Potion"}],"is_trial":false,"path_per_floor":["M","?","?","M","M","R","M","R","T","M","M","$","M","M","R","B",null,"M","$","?","M","?","R","E","T","T"],"character_chosen":"IRONCLAD","items_purchased":["Molten Egg 2","Shrug It Off"],"campfire_rested":2,"item_purchase_floors":[12,19],"current_hp_per_floor":[79,63,51,50,55,55,52,52,52,54,47,47,39,45,69,27,80,64,64,64,59,30,54,40,40,40,0],"gold":234,"neow_bonus":"HUNDRED_GOLD","is_prod":false,"is_daily":false,"chose_seed":false,"campfire_upgraded":2,"win_rate":0,"timestamp":1535636878,"path_taken":["M","?","?","?","M","R","M","R","T","M","M","$","M","M","R","BOSS","M","$","?","M","?","R","E","?","T","E"],"build_version":"2018-08-23v2","purchased_purges":2,"victory":false,"max_hp_per_floor":[80,80,80,80,80,80,80,80,80,80,80,80,80,80,80,80,80,80,80,80,80,80,80,80,80,80,80],"card_choices":[{"not_picked":["Disarm","Second Wind"],"picked":"Pommel Strike","floor":1},{"not_picked":["Flex","Cleave"],"picked":"Pommel Strike","floor":4},{"not_picked":["Battle Trance","Flex"],"picked":"Perfected Strike","floor":5},{"not_picked":["Entrench","Inflame","Bloodletting"],"picked":"SKIP","floor":7},{"not_picked":["Flex","Intimidate"],"picked":"Warcry","floor":10},{"not_picked":["Sentinel","Warcry"],"picked":"Shrug It Off","floor":11},{"not_picked":["Sword Boomerang+1","Reckless Charge+1","Body Slam+1"],"picked":"SKIP","floor":13},{"not_picked":["Rampage+1","Havoc"],"picked":"Heavy Blade+1","floor":14},{"not_picked":["Immolate+1","Barricade"],"picked":"Offering","floor":16},{"not_picked":["Searing Blow+1","Cleave+1"],"picked":"Pommel Strike+1","floor":18},{"not_picked":["Fire Breathing","Second Wind","Cleave+1"],"picked":"SKIP","floor":21},{"not_picked":["Anger+1","Clash+1"],"picked":"Wild Strike+1","floor":24}],"player_experience":170048,"relics_obtained":[{"floor":9,"key":"MawBank"},{"floor":22,"key":"Red Mask"},{"floor":24,"key":"Tiny Chest"},{"floor":25,"key":"Pantograph"},{"floor":26,"key":"Regal Pillow"}],"event_choices":[{"event_name":"Shining Light","player_choice":"Entered Light","floor":2,"damage_taken":0},{"event_name":"Scrap Ooze","player_choice":"success","floor":3,"damage_taken":12},{"event_name":"Addict","player_choice":"Stole Relic","floor":20,"damage_taken":0},{"event_name":"Masked Bandits","player_choice":"Fought Bandits","floor":22,"damage_taken":0}],"is_beta":false,"boss_relics":[{"not_picked":["Runic Pyramid","Astrolabe"],"picked":"Cursed Key"}],"items_purged_floors":[12,19],"is_endless":false,"potions_floor_spawned":[1,4,13,14,16,18,21,22],"killed_by":"Gremlin Leader","ascension_level":2}