{"gold_per_floor":[110,35,35,51,64,64,80,80,130,130,148,182,195,195,195,195],"floor_reached":16,"playtime":1286,"items_purged":["Strike_G"],"score":112,"play_id":"7df7c7d4-fe98-4f39-8afd-aa3cbfc9396e","local_time":"20190517060348","is_ascension_mode":true,"campfire_choices":[{"data":"Footwork","floor":6,"key":"SMITH"},{"data":"Survivor","floor":8,"key":"SMITH"},{"data":"Neutralize","floor":10,"key":"SMITH"},{"floor":15,"key":"REST"}],"neow_cost":"NONE","seed_source_timestamp":6987158138800,"circlet_count":0,"master_deck":["Defend_G","Defend_G","Defend_G","Defend_G","Defend_G","Strike_G","Strike_G","Survivor+1","Neutralize+1","Bane","Footwork+1","Caltrops"],"relics":["Ring of the Snake","Boot","Art of War","SsserpentHead"],"potions_floor_usage":[7,16],"damage_taken":[{"damage":0,"enemies":"Cultist","floor":1,"turns":4},{"damage":0,"enemies":"2 Louse","floor":4,"turns":5},{"damage":0,"enemies":"Jaw Worm","floor":5,"turns":7},{"damage":0,"enemies":"Gremlin Gang","floor":7,"turns":8},{"damage":0,"enemies":"Blue Slaver","floor":11,"turns":6},{"damage":50,"enemies":"3 Sentries","floor":12,"turns":18},{"damage":4,"enemies":"Lots of Slimes","floor":13,"turns":7},{"damage":40,"enemies":"Hexaghost","floor":16,"turns":16}],"seed_played":"-914213786076164360","potions_obtained":[{"floor":1,"key":"EssenceOfSteel"},{"floor":7,"key":"LiquidBronze"},{"floor":13,"key":"Block Potion"}],"is_trial":false,"path_per_floor":["M","$","?","M","M","R","M","R","T","R","M","E","M","?","R","B"],"character_chosen":"THE_SILENT","items_purchased":[],"campfire_rested":1,"item_purchase_floors":[],"current_hp_per_floor":[70,70,70,70,70,70,70,70,70,70,70,20,16,16,37,0],"gold":195,"neow_bonus":"TRANSFORM_CARD","is_prod":false,"is_daily":false,"chose_seed":false,"campfire_upgraded":3,"win_rate":0,"timestamp":1558044228,"path_taken":["M","$","?","M","?","R","M","R","T","R","M","E","M","?","R","BOSS"],"build_version":"2019-01-17","purchased_purges":1,"victory":false,"max_hp_per_floor":[70,70,70,70,70,70,70,70,70,70,70,70,70,70,70,70],"card_choices":[{"not_picked":["Heel Hook","Distraction"],"picked":"Footwork","floor":1},{"not_picked":["Bane","Dagger Spray","Leg Sweep"],"picked":"SKIP","floor":4},{"not_picked":["Skewer","Backstab","Deadly Poison"],"picked":"SKIP","floor":5},{"not_picked":["Accuracy","Skewer","Masterful Stab"],"picked":"SKIP","floor":7},{"not_picked":["Sucker Punch","Dagger Throw","Acrobatics"],"picked":"SKIP","floor":11},{"not_picked":["Die Die Die","Dagger Spray","Outmaneuver"],"picked":"SKIP","floor":12},{"not_picked":["Skewer","Deflect"],"picked":"Caltrops","floor":13}],"player_experience":146808,"relics_obtained":[{"floor":9,"key":"Boot"},{"floor":12,"key":"Art of War"}],"event_choices":[{"cards_removed":["Strike_G"],"damage_healed":0,"gold_gain":0,"player_choice":"Purged","damage_taken":0,"max_hp_gain":0,"max_hp_loss":0,"event_name":"Purifier","floor":3,"gold_loss":0},{"damage_healed":0,"gold_gain":0,"player_choice":"Trade","damage_taken":0,"relics_obtained":["SsserpentHead"],"max_hp_gain":0,"max_hp_loss":0,"event_name":"FaceTrader","floor":14,"gold_loss":0}],"is_beta":false,"boss_relics":[],"items_purged_floors":[2],"is_endless":false,"potions_floor_spawned":[1,7,13],"killed_by":"Hexaghost","ascension_level":2}