{"gold_per_floor":[116,129,129,129,149,149,159,159,159,159,87,100,100,100,100,176,176,193,211,211,11,27,27,58,77,102,132,144],"floor_reached":28,"playtime":1035,"items_purged":[],"score":422,"play_id":"fa34c0b9-c9cc-4db6-b66a-a2b2b6c9c814","local_time":"20190518144033","is_ascension_mode":true,"campfire_choices":[{"data":"Neutralize","floor":6,"key":"SMITH"},{"data":"Bouncing Flask","floor":8,"key":"SMITH"},{"floor":13,"key":"REST"},{"data":"Noxious Fumes","floor":15,"key":"SMITH"},{"data":"Leg Sweep","floor":23,"key":"SMITH"}],"neow_cost":"NONE","seed_source_timestamp":2834759649364257,"circlet_count":0,"master_deck":["AscendersBane","Defend_G","Defend_G","Defend_G","Strike_G+1","Strike_G+1","Survivor+1","Neutralize+1","Poisoned Stab","Dodge and Roll","Bouncing Flask+1","Noxious Fumes+1","Flying Knee","Acrobatics+1","Noxious Fumes+1","Wraith Form v2+1","Leg Sweep+1","Backflip","Bouncing Flask+1","Escape Plan"],"relics":["Ring of the Snake","Regal Pillow","Lantern","Astrolabe","Lee\u0027s Waffle","Ornamental Fan","War Paint","MawBank"],"potions_floor_usage":[24,28,28],"damage_taken":[{"damage":3,"enemies":"Cultist","floor":1,"turns":5},{"damage":0,"enemies":"Small Slimes","floor":2,"turns":4},{"damage":3,"enemies":"Jaw Worm","floor":5,"turns":4},{"damage":3,"enemies":"Exordium Wildlife","floor":7,"turns":5},{"damage":10,"enemies":"Looter","floor":12,"turns":4},{"damage":25,"enemies":"Hexaghost","floor":16,"turns":8},{"damage":24,"enemies":"3 Byrds","floor":18,"turns":4},{"damage":8,"enemies":"Shell Parasite","floor":19,"turns":5},{"damage":19,"enemies":"Chosen and Byrds","floor":22,"turns":5},{"damage":11,"enemies":"Gremlin Leader","floor":24,"turns":8},{"damage":16,"enemies":"Centurion and Healer","floor":25,"turns":5},{"damage":19,"enemies":"Book of Stabbing","floor":27,"turns":6},{"damage":20,"enemies":"Cultist and Chosen","floor":28,"turns":4}],"seed_played":"1792027013324145136","potions_obtained":[{"floor":2,"key":"SmokeBomb"},{"floor":7,"key":"Fire Potion"},{"floor":19,"key":"SteroidPotion"},{"floor":27,"key":"Energy Potion"}],"is_trial":false,"path_per_floor":["M","M","?","?","M","R","M","R","T","$","$","M","R","?","R","B",null,"M","M","?","$","M","R","E","M","T","E","M"],"character_chosen":"THE_SILENT","items_purchased":["Noxious Fumes","Lee\u0027s Waffle"],"campfire_rested":1,"item_purchase_floors":[11,21],"current_hp_per_floor":[56,56,43,43,40,40,37,37,37,37,37,27,61,61,61,36,59,35,27,27,73,54,54,43,27,27,8,0],"gold":144,"neow_bonus":"RANDOM_COMMON_RELIC","is_prod":false,"is_daily":false,"chose_seed":false,"campfire_upgraded":4,"win_rate":0,"timestamp":1558147233,"path_taken":["M","M","?","?","M","R","M","R","T","?","$","?","R","?","R","BOSS","M","M","?","$","M","R","E","?","T","E","M"],"build_version":"2019-01-23","purchased_purges":0,"victory":false,"max_hp_per_floor":[66,66,66,66,66,66,66,66,66,66,66,66,66,66,66,66,66,66,66,66,73,73,73,73,73,73,73,73],"card_choices":[{"not_picked":["Underhanded Strike","Endless Agony"],"picked":"Poisoned Stab","floor":1},{"not_picked":["Acrobatics","Calculated Gamble"],"picked":"Dodge and Roll","floor":2},{"not_picked":["Outmaneuver","Acrobatics","Underhanded Strike"],"picked":"SKIP","floor":5},{"not_picked":["Prepared","Cloak And Dagger"],"picked":"Bouncing Flask","floor":7},{"not_picked":["Outmaneuver","Blade Dance"],"picked":"Flying Knee","floor":12},{"not_picked":["Flechettes+1","Cloak And Dagger"],"picked":"Leg Sweep","floor":18},{"not_picked":["Expertise","Eviscerate","Outmaneuver"],"picked":"SKIP","floor":19},{"not_picked":["Accuracy+1","Poisoned Stab","Cloak And Dagger"],"picked":"SKIP","floor":22},{"not_picked":["Prepared","Deflect"],"picked":"Backflip","floor":24},{"not_picked":["Deflect","Finisher"],"picked":"Bouncing Flask","floor":25},{"not_picked":["Leg Sweep","Blur"],"picked":"Escape Plan","floor":27}],"player_experience":301457,"relics_obtained":[{"floor":9,"key":"Lantern"},{"floor":24,"key":"Ornamental Fan"},{"floor":26,"key":"War Paint"},{"floor":27,"key":"MawBank"}],"event_choices":[{"damage_healed":0,"gold_gain":0,"player_choice":"Entered Light","damage_taken":13,"max_hp_gain":0,"max_hp_loss":0,"event_name":"Shining Light","floor":3,"gold_loss":0,"cards_upgraded":["Strike_G","Strike_G"]},{"damage_healed":0,"gold_gain":0,"player_choice":"Ignored","damage_taken":0,"max_hp_gain":0,"max_hp_loss":0,"event_name":"Golden Wing","floor":4,"gold_loss":0},{"cards_removed":["Strike_G"],"damage_healed":0,"gold_gain":0,"player_choice":"Purged","damage_taken":0,"max_hp_gain":0,"max_hp_loss":0,"event_name":"Purifier","floor":14,"gold_loss":0},{"cards_removed":["Strike_G"],"damage_healed":0,"gold_gain":0,"player_choice":"Card Removal","damage_taken":0,"max_hp_gain":0,"max_hp_loss":0,"event_name":"Wheel of Change","floor":20,"gold_loss":0}],"is_beta":false,"boss_relics":[{"not_picked":["WristBlade","Pandora\u0027s Box"],"picked":"Astrolabe"}],"items_purged_floors":[],"is_endless":false,"potions_floor_spawned":[2,7,19,27],"killed_by":"Cultist and Chosen","ascension_level":14}