{"gold_per_floor":[119,119,119,136,150,150,208,226,226,256,12,29,29,46,46,144,144,156,156,76,91,109,109,128,128,209,209,209,308,68,81,81,180,180,198,210,210,227,238,272,272,21,21,21],"floor_reached":44,"playtime":1502,"items_purged":["Normality","Dualcast","Shame","Zap"],"score":440,"play_id":"2b62d0f8-013f-46fc-80d9-335ac5623aac","local_time":"20181209120034","is_ascension_mode":false,"campfire_choices":[{"data":"Beam Cell","floor":6,"key":"SMITH"},{"floor":15,"key":"REST"},{"data":"Hyperbeam","floor":23,"key":"SMITH"},{"data":"Go for the Eyes","floor":25,"key":"SMITH"},{"data":"Beam Cell","floor":27,"key":"SMITH"},{"data":"Secret Weapon","floor":32,"key":"SMITH"},{"data":"Streamline","floor":41,"key":"SMITH"}],"neow_cost":"NONE","seed_source_timestamp":2103734896004174,"circlet_count":0,"master_deck":["Go for the Eyes+1","Beam Cell+1","Steam","Go for the Eyes","Beam Cell+1","Melter","Scrape","Skim","FTL","Sweeping Beam","Coolheaded","Hyperbeam+1","Steam","Tempest","Redo","Hologram","BootSequence","Compile Driver","Go for the Eyes","Hologram","Chill","Beam Cell+1","Secret Weapon+1","Echo Form","Streamline+1","Meteor Strike","Clumsy"],"relics":["Cursed Key","Emotion Chip","Nunchaku","The Courier","Cables","Pandora\u0027s Box","Bottled Flame","Sozu","Bird Faced Urn"],"potions_floor_usage":[7,10,31,39,44],"damage_taken":[{"damage":0,"enemies":"Small Slimes","floor":1,"turns":4},{"damage":0,"enemies":"2 Louse","floor":4,"turns":1},{"damage":0,"enemies":"Cultist","floor":5,"turns":3},{"damage":11,"enemies":"Lagavulin Event","floor":7,"turns":6},{"damage":8,"enemies":"Exordium Wildlife","floor":8,"turns":3},{"damage":21,"enemies":"Lagavulin","floor":10,"turns":8},{"damage":0,"enemies":"Looter","floor":12,"turns":1},{"damage":0,"enemies":"Large Slime","floor":14,"turns":3},{"damage":7,"enemies":"Hexaghost","floor":16,"turns":8},{"damage":0,"enemies":"Chosen","floor":18,"turns":3},{"damage":0,"enemies":"Shell Parasite","floor":21,"turns":2},{"damage":13,"enemies":"3 Cultists","floor":22,"turns":4},{"damage":0,"enemies":"Snake Plant","floor":24,"turns":2},{"damage":17,"enemies":"Snecko","floor":31,"turns":4},{"damage":32,"enemies":"Automaton","floor":33,"turns":8},{"damage":4,"enemies":"Orb Walker","floor":35,"turns":3},{"damage":0,"enemies":"3 Shapes","floor":36,"turns":1},{"damage":11,"enemies":"Writhing Mass","floor":38,"turns":4},{"damage":22,"enemies":"Spire Growth","floor":39,"turns":4},{"damage":22,"enemies":"Giant Head","floor":40,"turns":6},{"damage":47,"enemies":"Nemesis","floor":44,"turns":6}],"seed_played":"6069584401428800387","potions_obtained":[{"floor":1,"key":"EssenceOfSteel"},{"floor":7,"key":"EssenceOfSteel"},{"floor":8,"key":"FearPotion"},{"floor":16,"key":"Regen Potion"},{"floor":21,"key":"Regen Potion"}],"is_trial":false,"path_per_floor":["M","?","?","M","M","R","?","M","T","E","$","M","$","M","R","B",null,"M","?","$","M","M","R","M","R","T","R","?","?","$","M","R","B",null,"M","M","?","M","M","E","R","$","T","E"],"character_chosen":"DEFECT","items_purchased":["Scrape","Skim","FTL","Secret Weapon","Meteor Strike"],"campfire_rested":1,"item_purchase_floors":[11,11,11,30,42],"current_hp_per_floor":[75,57,57,57,57,57,46,38,38,17,17,17,17,17,39,32,75,75,75,75,75,62,62,62,62,62,62,48,48,48,40,40,8,80,76,76,76,65,55,33,33,33,33,0],"gold":21,"neow_bonus":"BOSS_RELIC","is_prod":false,"is_daily":false,"chose_seed":false,"campfire_upgraded":6,"win_rate":0,"timestamp":1544324434,"path_taken":["M","?","?","M","?","R","?","M","T","E","$","M","$","M","R","BOSS","M","?","$","M","M","R","M","R","T","R","?","?","?","M","R","BOSS","M","M","?","M","M","E","R","$","T","E"],"build_version":"2018-12-06","purchased_purges":4,"victory":false,"max_hp_per_floor":[75,75,75,75,75,75,75,75,75,75,75,75,75,75,75,75,75,75,75,75,75,75,75,75,75,75,75,80,80,80,80,80,80,80,80,80,80,80,80,80,80,80,80,80],"card_choices":[{"not_picked":["Undo","Skim"],"picked":"Go for the Eyes","floor":1},{"not_picked":["Rip and Tear","Reprogram"],"picked":"Beam Cell","floor":4},{"not_picked":["Turbo","Cold Snap"],"picked":"Steam","floor":5},{"not_picked":["Cold Snap","Ball Lightning"],"picked":"Go for the Eyes","floor":7},{"not_picked":["Barrage","Aggregate"],"picked":"Beam Cell","floor":8},{"not_picked":["Cold Snap","Loop"],"picked":"Melter","floor":10},{"not_picked":["Cold Snap","Static Discharge"],"picked":"Sweeping Beam","floor":12},{"not_picked":["Defragment","Barrage"],"picked":"Coolheaded","floor":14},{"not_picked":["Creative AI","Multi-Cast"],"picked":"Hyperbeam","floor":16},{"not_picked":["Rebound+1","Coolheaded"],"picked":"Chill","floor":18},{"not_picked":["Go for the Eyes","Leap","Tempest"],"picked":"SKIP","floor":21},{"not_picked":["Glacier","Compile Driver","Double Energy"],"picked":"SKIP","floor":22},{"not_picked":["Static Discharge+1","Sweeping Beam"],"picked":"Beam Cell+1","floor":24},{"not_picked":["Leap","Chill","Genetic Algorithm"],"picked":"SKIP","floor":31},{"not_picked":["Electrodynamics","Multi-Cast"],"picked":"Echo Form","floor":33},{"not_picked":["Coolheaded+1","Doom and Gloom"],"picked":"Streamline","floor":35},{"not_picked":["Cold Snap+1","Stack","Barrage"],"picked":"SKIP","floor":36},{"not_picked":["Ball Lightning+1","Darkness","Turbo"],"picked":"SKIP","floor":38},{"not_picked":["Hologram+1","Sweeping Beam","Turbo"],"picked":"SKIP","floor":39},{"not_picked":["Creative AI","Defragment","Sweeping Beam+1"],"picked":"SKIP","floor":40}],"player_experience":541755,"relics_obtained":[{"floor":7,"key":"Nunchaku"},{"floor":9,"key":"The Courier"},{"floor":10,"key":"Cables"},{"floor":26,"key":"Bottled Flame"},{"floor":40,"key":"Bird Faced Urn"}],"event_choices":[{"damage_healed":0,"gold_gain":0,"player_choice":"Success","damage_taken":18,"relics_obtained":["Emotion Chip"],"max_hp_gain":0,"max_hp_loss":0,"event_name":"Scrap Ooze","floor":2,"gold_loss":0},{"damage_healed":0,"gold_gain":0,"player_choice":"Bought 0 Potions","damage_taken":0,"max_hp_gain":0,"max_hp_loss":0,"event_name":"The Woman in Blue","floor":3,"gold_loss":0},{"damage_healed":0,"gold_gain":0,"player_choice":"Searched \u00271\u0027 times","damage_taken":0,"max_hp_gain":0,"max_hp_loss":0,"event_name":"Dead Adventurer","floor":7,"gold_loss":0},{"damage_healed":0,"gold_gain":0,"player_choice":"Ignored","damage_taken":0,"max_hp_gain":0,"max_hp_loss":0,"event_name":"Ghosts","floor":19,"gold_loss":0},{"damage_healed":0,"gold_gain":0,"player_choice":"Shed Blood","damage_taken":19,"max_hp_gain":5,"max_hp_loss":0,"event_name":"Forgotten Altar","floor":28,"gold_loss":0},{"damage_healed":0,"gold_gain":99,"player_choice":"Stole From Cult","damage_taken":0,"max_hp_gain":0,"max_hp_loss":0,"event_name":"Nest","floor":29,"gold_loss":0},{"damage_healed":0,"gold_gain":0,"player_choice":"Ignored","damage_taken":0,"max_hp_gain":0,"max_hp_loss":0,"event_name":"Tomb of Lord Red Mask","floor":37,"gold_loss":0}],"is_beta":false,"boss_relics":[{"not_picked":["Calling Bell","Coffee Dripper"],"picked":"Pandora\u0027s Box"},{"not_picked":["Empty Cage","Lizard Tail"],"picked":"Sozu"}],"items_purged_floors":[11,20,30,42],"is_endless":false,"potions_floor_spawned":[1,7,8,16,21,24,35,38,39],"killed_by":"Nemesis","ascension_level":0}