{"gold_per_floor":[109,184,134,153,153,171,171,189,189,207,240,240,240,11,11,111,111,124,139,139,153,153,153,172,172,196,106,106,139,150,75,75,170,170,189,206,217,217,117,117,163,38,38,51,51,61,61,74,74,74],"floor_reached":51,"playtime":4574,"items_purged":["Catalyst","Strike_G+1","Defend_G+1"],"score":617,"play_id":"ff9e805a-7e63-4500-82c0-bd77ecb88d46","local_time":"20181007224921","is_ascension_mode":false,"campfire_choices":[{"data":"Poisoned Stab","floor":7,"key":"SMITH"},{"data":"Bouncing Flask","floor":12,"key":"SMITH"},{"data":"Neutralize","floor":15,"key":"SMITH"},{"floor":23,"key":"REST"},{"floor":25,"key":"REST"},{"data":"Accuracy","floor":28,"key":"SMITH"},{"data":"Cloak And Dagger","floor":32,"key":"SMITH"},{"data":"Footwork","floor":40,"key":"SMITH"},{"floor":47,"key":"REST"},{"floor":49,"key":"REST"}],"neow_cost":"NONE","seed_source_timestamp":950430498075394,"circlet_count":0,"master_deck":["Defend_G+1","Defend_G+1","Defend_G+1","Defend_G+1","Strike_G+1","Survivor+1","Neutralize+1","Cloak And Dagger+1","Well Laid Plans","Poisoned Stab+1","Poisoned Stab","Bouncing Flask+1","Accuracy+1","After Image","Blade Dance+1","Cloak And Dagger+1","Crippling Poison","Blur","A Thousand Cuts","Footwork+1","Infinite Blades+1","Blur","Cloak And Dagger+1","Accuracy+1"],"relics":["Ring of the Serpent","Omamori","Sundial","Pantograph","Bronze Scales","Black Star","Blood Vial","Ancient Tea Set","Dream Catcher","Thread and Needle","Question Card","Orichalcum"],"potions_floor_usage":[8,18,29,50,50],"damage_taken":[{"damage":2,"enemies":"Small Slimes","floor":1,"turns":4},{"damage":0,"enemies":"Jaw Worm","floor":4,"turns":7},{"damage":0,"enemies":"2 Louse","floor":6,"turns":3},{"damage":0,"enemies":"Large Slime","floor":8,"turns":4},{"damage":3,"enemies":"Gremlin Gang","floor":10,"turns":6},{"damage":2,"enemies":"Lagavulin","floor":11,"turns":5},{"damage":13,"enemies":"The Guardian","floor":16,"turns":8},{"damage":19,"enemies":"2 Thieves","floor":18,"turns":4},{"damage":1,"enemies":"3 Byrds","floor":19,"turns":3},{"damage":25,"enemies":"Snecko","floor":21,"turns":7},{"damage":11,"enemies":"Sentry and Sphere","floor":24,"turns":4},{"damage":16,"enemies":"Gremlin Leader","floor":29,"turns":7},{"damage":1,"enemies":"Centurion and Healer","floor":30,"turns":7},{"damage":45,"enemies":"Collector","floor":33,"turns":10},{"damage":18,"enemies":"3 Darklings","floor":35,"turns":4},{"damage":0,"enemies":"3 Shapes","floor":36,"turns":6},{"damage":11,"enemies":"Maw","floor":37,"turns":9},{"damage":12,"enemies":"Mysterious Sphere","floor":41,"turns":6},{"damage":18,"enemies":"Transient","floor":44,"turns":5},{"damage":19,"enemies":"4 Shapes","floor":46,"turns":5},{"damage":25,"enemies":"3 Darklings","floor":48,"turns":5},{"damage":22,"enemies":"Donu and Deca","floor":50,"turns":10}],"seed_played":"511354276920222049","potions_obtained":[{"floor":1,"key":"Fire Potion"},{"floor":8,"key":"GhostInAJar"},{"floor":10,"key":"Ancient Potion"},{"floor":21,"key":"SteroidPotion"},{"floor":24,"key":"EssenceOfSteel"},{"floor":35,"key":"Ancient Potion"},{"floor":44,"key":"SteroidPotion"}],"is_trial":false,"path_per_floor":["M","?","?","M","?","M","R","M","T","M","E","R","T","$","R","B",null,"M","M","?","M","?","R","M","R","T","?","R","E","M","$","R","B",null,"M","M","M","?","$","R","?","$","T","M","T","M","R","M","R","B"],"character_chosen":"THE_SILENT","items_purchased":["Bronze Scales","Accuracy"],"campfire_rested":4,"item_purchase_floors":[14,14],"current_hp_per_floor":[68,57,57,57,57,57,57,57,57,54,52,52,52,52,52,57,70,51,50,50,25,25,46,35,56,56,56,56,42,43,43,43,25,70,52,54,45,63,63,63,53,53,53,37,37,20,41,18,39,44],"gold":74,"neow_bonus":"REMOVE_CARD","is_prod":false,"is_daily":false,"chose_seed":false,"campfire_upgraded":6,"win_rate":0,"timestamp":1538923761,"path_taken":["M","?","?","M","?","M","R","M","T","M","E","R","?","?","R","BOSS","M","M","?","M","?","R","M","R","T","?","R","E","M","$","R","BOSS","M","M","M","?","$","R","?","?","T","M","?","?","R","M","R","BOSS"],"build_version":"2018-09-06","purchased_purges":3,"victory":true,"max_hp_per_floor":[70,70,70,70,70,70,70,70,70,70,70,70,70,70,70,70,70,70,70,70,70,70,70,70,70,70,70,70,70,70,70,70,70,70,70,70,70,70,70,70,70,70,70,70,70,70,70,70,70,70],"card_choices":[{"not_picked":["Caltrops","Dagger Spray"],"picked":"Cloak And Dagger","floor":1},{"not_picked":["Sucker Punch","Acrobatics"],"picked":"Well Laid Plans","floor":4},{"not_picked":["PiercingWail","Flying Knee"],"picked":"Poisoned Stab","floor":6},{"not_picked":["Outmaneuver","Deadly Poison"],"picked":"Poisoned Stab","floor":8},{"not_picked":["Sucker Punch","Choke"],"picked":"Bouncing Flask","floor":10},{"not_picked":["Predator","Skewer","Tactician"],"picked":"SKIP","floor":11},{"not_picked":["Malaise","Doppelganger"],"picked":"After Image","floor":16},{"not_picked":["Underhanded Strike","Dodge and Roll"],"picked":"Blade Dance+1","floor":18},{"not_picked":["Dash","Skewer"],"picked":"Catalyst","floor":19},{"not_picked":["Skewer","Predator+1","Calculated Gamble"],"picked":"SKIP","floor":21},{"not_picked":["Underhanded Strike","Infinite Blades"],"picked":"Crippling Poison","floor":24},{"not_picked":["Flechettes","Doppelganger"],"picked":"Blur","floor":29},{"not_picked":["Calculated Gamble","Backflip","Outmaneuver+1"],"picked":"SKIP","floor":30},{"not_picked":["Night Terror","Envenom"],"picked":"A Thousand Cuts","floor":33},{"not_picked":["PiercingWail+1","Dash"],"picked":"Footwork","floor":35},{"not_picked":["Sucker Punch+1","All Out Attack"],"picked":"Infinite Blades+1","floor":36},{"not_picked":["Poisoned Stab+1","Deadly Poison+1","Underhanded Strike"],"picked":"SKIP","floor":37},{"not_picked":["Bane","Bouncing Flask+1"],"picked":"Blur","floor":41},{"not_picked":["Acrobatics","Prepared+1","Endless Agony+1"],"picked":"Cloak And Dagger+1","floor":44},{"not_picked":["Footwork","Flying Knee","Acrobatics","Heel Hook+1"],"picked":"SKIP","floor":46},{"not_picked":["Dodge and Roll+1","Dagger Spray","Bane+1","Underhanded Strike+1"],"picked":"SKIP","floor":48},{"not_picked":["Well Laid Plans+1","Poisoned Stab+1","Dodge and Roll+1"],"picked":"Accuracy+1","floor":49}],"player_experience":55528,"relics_obtained":[{"floor":9,"key":"Omamori"},{"floor":11,"key":"Sundial"},{"floor":13,"key":"Pantograph"},{"floor":26,"key":"Blood Vial"},{"floor":29,"key":"Ancient Tea Set"},{"floor":29,"key":"Dream Catcher"},{"floor":41,"key":"Thread and Needle"},{"floor":43,"key":"Question Card"},{"floor":45,"key":"Orichalcum"}],"event_choices":[{"event_name":"World of Goop","player_choice":"Gather Gold","floor":2,"damage_taken":0},{"event_name":"The Cleric","player_choice":"Card Removal","floor":3,"damage_taken":0},{"event_name":"Living Wall","player_choice":"Grow","floor":5,"damage_taken":0},{"event_name":"The Library","player_choice":"Read","floor":20,"damage_taken":0},{"event_name":"Back to Basics","player_choice":"Simplicity","floor":22,"damage_taken":0},{"event_name":"Designer","player_choice":"Full Service","floor":27,"damage_taken":0},{"event_name":"Winding Halls","player_choice":"Writhe","floor":38,"damage_taken":0},{"event_name":"Mysterious Sphere","player_choice":"Fight","floor":41,"damage_taken":0}],"is_beta":false,"boss_relics":[{"not_picked":["Busted Crown","Velvet Choker"],"picked":"Black Star"},{"not_picked":["Astrolabe","Pandora\u0027s Box"],"picked":"Ring of the Serpent"}],"items_purged_floors":[31,39,42],"is_endless":false,"potions_floor_spawned":[1,8,10,21,24,35,44,48],"ascension_level":0}