{"gold_per_floor":[109,124,124,141,64,64,64,64,87,98,113,123,123,158,158,258,258,268,268,268,280,297,297,297],"floor_reached":24,"playtime":619,"items_purged":[],"score":257,"play_id":"7399a771-3396-4e7a-8a71-3cf6b0c8d63a","local_time":"20190512155858","is_ascension_mode":true,"campfire_choices":[{"data":"Defragment","floor":6,"key":"SMITH"},{"data":"Zap","floor":8,"key":"SMITH"},{"floor":13,"key":"REST"},{"data":"Dualcast","floor":15,"key":"SMITH"},{"floor":23,"key":"REST"}],"neow_cost":"NONE","seed_source_timestamp":2321480307684053,"circlet_count":0,"master_deck":["Strike_B+1","Strike_B+1","Strike_B+1","Defend_B+1","Defend_B+1","Defend_B+1","Defend_B+1","Zap+1","Dualcast+1","Ball Lightning","Loop+1","Stack","Defragment+1","Compile Driver","Undo","Leap","Echo Form","Defragment","Chaos","Machine Learning","Ball Lightning","Pain","Dark Shackles","FTL","Self Repair","White Noise"],"relics":["Cracked Core","Bag of Preparation","Anchor","Dodecahedron","Orrery"],"potions_floor_usage":[22,22,24,24],"damage_taken":[{"damage":5,"enemies":"Jaw Worm","floor":1,"turns":5},{"damage":12,"enemies":"Small Slimes","floor":2,"turns":2},{"damage":1,"enemies":"Cultist","floor":4,"turns":3},{"damage":0,"enemies":"2 Fungi Beasts","floor":10,"turns":2},{"damage":0,"enemies":"Large Slime","floor":11,"turns":3},{"damage":0,"enemies":"Exordium Thugs","floor":12,"turns":3},{"damage":10,"enemies":"Gremlin Nob","floor":14,"turns":3},{"damage":36,"enemies":"Hexaghost","floor":16,"turns":9},{"damage":2,"enemies":"Chosen","floor":18,"turns":4},{"damage":38,"enemies":"2 Thieves","floor":21,"turns":4},{"damage":12,"enemies":"Cultist and Chosen","floor":22,"turns":6},{"damage":39,"enemies":"Book of Stabbing","floor":24,"turns":4}],"seed_played":"5589835267791126900","potions_obtained":[{"floor":2,"key":"Swift Potion"},{"floor":4,"key":"SpeedPotion"},{"floor":10,"key":"Swift Potion"},{"floor":12,"key":"Block Potion"},{"floor":16,"key":"Weak Potion"},{"floor":18,"key":"EntropicBrew"}],"is_trial":false,"path_per_floor":["M","M","?","M","$","R","?","R","T","M","M","M","R","E","R","B",null,"M","?","?","M","M","R","E"],"character_chosen":"DEFECT","items_purchased":["Defragment"],"campfire_rested":2,"item_purchase_floors":[5],"current_hp_per_floor":[63,51,51,50,50,50,50,50,50,50,50,50,72,62,62,26,63,61,61,61,23,11,33,0],"gold":297,"neow_bonus":"RANDOM_COMMON_RELIC","is_prod":false,"is_daily":false,"chose_seed":false,"campfire_upgraded":3,"win_rate":0,"timestamp":1557633538,"path_taken":["M","M","?","M","$","R","?","R","T","M","M","?","R","E","R","BOSS","M","?","?","?","M","R","E"],"build_version":"2019-01-23","purchased_purges":0,"victory":false,"max_hp_per_floor":[75,75,75,75,75,75,75,75,75,75,75,75,75,75,75,75,75,75,75,75,75,75,75,75],"card_choices":[{"not_picked":["Steam","Genetic Algorithm"],"picked":"Ball Lightning","floor":1},{"not_picked":["Hello World","Go for the Eyes"],"picked":"Loop","floor":2},{"not_picked":["Scrape","Rebound"],"picked":"Stack","floor":4},{"not_picked":["Gash","Rip and Tear"],"picked":"Compile Driver","floor":10},{"not_picked":["Fusion","Hello World"],"picked":"Undo","floor":11},{"not_picked":["Gash","Aggregate","Heatsinks"],"picked":"SKIP","floor":12},{"not_picked":["Rebound","Rip and Tear"],"picked":"Leap","floor":14},{"not_picked":["Meteor Strike","Biased Cognition"],"picked":"Echo Form","floor":16},{"not_picked":["Chaos","Redo"],"picked":"Defragment","floor":17},{"not_picked":["Gash","Tempest"],"picked":"Chaos","floor":17},{"not_picked":["Sweeping Beam","Stack"],"picked":"Machine Learning","floor":17},{"not_picked":["Beam Cell","Rebound"],"picked":"Ball Lightning","floor":18},{"not_picked":["Steam Power","Beam Cell"],"picked":"Self Repair","floor":21},{"not_picked":["Hologram","Reboot"],"picked":"White Noise","floor":22}],"player_experience":235526,"relics_obtained":[{"floor":9,"key":"Anchor"},{"floor":14,"key":"Dodecahedron"}],"event_choices":[{"damage_healed":0,"gold_gain":0,"player_choice":"Grow","damage_taken":0,"max_hp_gain":0,"max_hp_loss":0,"event_name":"Living Wall","floor":3,"gold_loss":0,"cards_upgraded":["Loop"]},{"cards_removed":["Strike_B"],"damage_healed":0,"gold_gain":0,"player_choice":"Offered Basic","damage_taken":0,"max_hp_gain":0,"max_hp_loss":0,"event_name":"Bonfire Elementals","floor":7,"gold_loss":0},{"damage_healed":0,"gold_gain":0,"player_choice":"Simplicity","damage_taken":0,"max_hp_gain":0,"max_hp_loss":0,"event_name":"Back to Basics","floor":19,"gold_loss":0,"cards_upgraded":["Strike_B","Strike_B","Strike_B","Defend_B","Defend_B","Defend_B","Defend_B"]},{"damage_healed":0,"gold_gain":0,"player_choice":"3 cards matched","damage_taken":0,"max_hp_gain":0,"max_hp_loss":0,"event_name":"Match and Keep!","floor":20,"gold_loss":0,"cards_obtained":["Pain","Dark Shackles","FTL"]}],"is_beta":false,"boss_relics":[{"not_picked":["Lizard Tail","Black Star"],"picked":"Orrery"}],"items_purged_floors":[],"is_endless":false,"potions_floor_spawned":[2,4,10,12,16,18],"killed_by":"Book of Stabbing","ascension_level":6}