{"gold_per_floor":[118,118,293,305,319,319,331,331,331,358,377,377,409,419,419,523,523,541,456,456,456,161,161],"floor_reached":23,"playtime":1336,"items_purged":["Defend_G"],"score":199,"play_id":"17fa0b93-d299-4c1b-9393-a75b2d4307e7","local_time":"20180709015254","is_ascension_mode":false,"campfire_choices":[{"data":"Poisoned Stab","floor":6,"key":"SMITH"},{"floor":12,"key":"REST"},{"floor":15,"key":"REST"}],"neow_cost":"NONE","seed_source_timestamp":188671426623820,"circlet_count":0,"master_deck":["Defend_G","Defend_G","Defend_G","Defend_G","Strike_G+1","Strike_G","Strike_G","Strike_G+1","Strike_G","Survivor","Neutralize","Quick Slash+1","Accuracy","Poisoned Stab+1","Bane","Infinite Blades","Backflip","Backflip","Corpse Explosion","Cloak And Dagger+1","Apotheosis","Caltrops"],"relics":["Ring of the Snake","Darkstone Periapt","Peace Pipe","Gambling Chip","Black Star","Bag of Preparation","Nloth\u0027s Gift"],"potions_floor_usage":[16,16,23,23],"damage_taken":[{"damage":0,"enemies":"Jaw Worm","floor":1,"turns":1},{"damage":0,"enemies":"Cultist","floor":4,"turns":1},{"damage":0,"enemies":"Small Slimes","floor":5,"turns":1},{"damage":3,"enemies":"3 Louse","floor":7,"turns":3},{"damage":16,"enemies":"Gremlin Nob","floor":10,"turns":4},{"damage":0,"enemies":"Exordium Wildlife","floor":11,"turns":3},{"damage":25,"enemies":"3 Sentries","floor":13,"turns":7},{"damage":0,"enemies":"Red Slaver","floor":14,"turns":6},{"damage":58,"enemies":"Slime Boss","floor":16,"turns":17},{"damage":40,"enemies":"Spheric Guardian","floor":18,"turns":8},{"damage":35,"enemies":"Gremlin Leader","floor":23,"turns":5}],"seed_played":"591057500918440718","potions_obtained":[{"floor":7,"key":"Weak Potion"},{"floor":11,"key":"Regen Potion"},{"floor":14,"key":"Block Potion"},{"floor":18,"key":"LiquidBronze"}],"is_trial":false,"path_per_floor":["M","?","?","M","M","R","M","?","T","E","M","R","E","M","R","B",null,"M","?","?","?","$"],"character_chosen":"THE_SILENT","items_purchased":["Apotheosis","Caltrops"],"campfire_rested":2,"item_purchase_floors":[22,22],"current_hp_per_floor":[70,70,70,70,70,70,67,53,53,37,37,58,33,33,54,11,70,30,30,30,30,30,0],"gold":161,"neow_bonus":"THREE_ENEMY_KILL","is_prod":false,"is_daily":false,"chose_seed":false,"campfire_upgraded":1,"win_rate":0.0,"timestamp":1531068774,"path_taken":["M","?","?","?","M","R","M","?","T","E","M","R","E","?","R","BOSS","M","?","?","?","$","E"],"build_version":"2018-07-05","purchased_purges":1,"victory":false,"max_hp_per_floor":[70,70,70,70,70,70,70,70,70,70,70,70,70,70,70,70,70,70,70,70,70,70,70],"card_choices":[{"not_picked":["Outmaneuver","Finisher"],"picked":"Quick Slash","floor":1},{"not_picked":["Flying Knee","Terror"],"picked":"Accuracy","floor":4},{"not_picked":["Eviscerate","Dagger Throw"],"picked":"Poisoned Stab","floor":5},{"not_picked":["Prepared","Dagger Throw"],"picked":"Bane","floor":7},{"not_picked":["Envenom","Malaise"],"picked":"Infinite Blades","floor":10},{"not_picked":["Prepared","Acrobatics"],"picked":"Backflip","floor":11},{"not_picked":["Distraction","Dash","All Out Attack"],"picked":"SKIP","floor":13},{"not_picked":["Accuracy","Quick Slash"],"picked":"Backflip","floor":14},{"not_picked":["Unload","After Image"],"picked":"Corpse Explosion","floor":16},{"not_picked":["Deadly Poison+1","Slice"],"picked":"Cloak And Dagger+1","floor":18}],"player_experience":88750,"relics_obtained":[{"floor":9,"key":"Darkstone Periapt"},{"floor":10,"key":"Peace Pipe"},{"floor":13,"key":"Gambling Chip"}],"event_choices":[{"event_name":"Upgrade Shrine","player_choice":"Upgraded","floor":2,"damage_taken":0},{"event_name":"Liars Game","player_choice":"agreed","floor":3,"damage_taken":0},{"event_name":"Shining Light","player_choice":"Entered Light","floor":8,"damage_taken":0},{"event_name":"Addict","player_choice":"Obtained Relic","floor":19,"damage_taken":0},{"event_name":"Back to Basics","player_choice":"Elegance","floor":20,"damage_taken":0},{"event_name":"N\u0027loth","player_choice":"Traded a NeowsBlessing","floor":21,"damage_taken":0}],"boss_relics":[{"not_picked":["White Beast Statue","Tiny House"],"picked":"Black Star"}],"items_purged_floors":[22],"is_endless":false,"potions_floor_spawned":[7,11,14,18],"killed_by":"Gremlin Leader","ascension_level":0}