{"gold_per_floor":[110,130,130,55,55,55,82,102,125,125,158,158,188,199,199,199],"floor_reached":16,"playtime":682,"items_purged":["Regret"],"score":150,"play_id":"f8eae0cc-bd43-405b-84f8-5b2a16083cf2","local_time":"20180905013948","is_ascension_mode":true,"campfire_choices":[{"data":"Neutralize","floor":6,"key":"SMITH"},{"data":"Backflip","floor":10,"key":"SMITH"},{"floor":12,"key":"REST"},{"data":"Dagger Spray","floor":15,"key":"SMITH"}],"neow_cost":"NONE","seed_source_timestamp":1405433949233549,"circlet_count":0,"master_deck":["Defend_G","Defend_G","Defend_G","Defend_G","Defend_G","Strike_G","Strike_G","Strike_G","Strike_G","Strike_G","Survivor","Neutralize+1","Backflip+1","Dagger Spray+1","Acrobatics","All Out Attack","Cloak And Dagger"],"relics":["Ring of the Snake","NeowsBlessing","Happy Flower","Potion Belt","Snake Skull","Anchor","Singing Bowl","Art of War"],"potions_floor_usage":[11,13],"damage_taken":[{"damage":0,"enemies":"Cultist","floor":1,"turns":1},{"damage":0,"enemies":"Jaw Worm","floor":2,"turns":1},{"damage":0,"enemies":"3 Sentries","floor":7,"turns":1},{"damage":0,"enemies":"Small Slimes","floor":8,"turns":4},{"damage":34,"enemies":"Lagavulin","floor":11,"turns":12},{"damage":20,"enemies":"Gremlin Nob","floor":13,"turns":4},{"damage":0,"enemies":"2 Fungi Beasts","floor":14,"turns":4},{"damage":21,"enemies":"The Guardian","floor":16,"turns":8}],"seed_played":"-5107230314163822044","potions_obtained":[{"floor":7,"key":"Block Potion"},{"floor":8,"key":"Strength Potion"},{"floor":13,"key":"FearPotion"}],"is_trial":false,"path_per_floor":["M","M","?","$","?","R","E","M","T","R","E","R","E","M","R"],"character_chosen":"THE_SILENT","items_purchased":[],"campfire_rested":1,"item_purchase_floors":[],"current_hp_per_floor":[70,70,70,70,63,63,63,63,63,63,29,50,32,32,32,11],"gold":199,"neow_bonus":"THREE_ENEMY_KILL","is_prod":false,"is_daily":false,"chose_seed":false,"campfire_upgraded":3,"win_rate":0,"timestamp":1536079188,"path_taken":["M","?","?","$","?","R","E","M","T","R","E","R","E","M","R","BOSS"],"build_version":"2018-08-30","purchased_purges":1,"victory":false,"max_hp_per_floor":[70,70,70,70,70,70,70,70,70,70,70,70,72,72,72,72],"card_choices":[{"not_picked":["Dodge and Roll","Concentrate"],"picked":"Backflip","floor":1},{"not_picked":["Masterful Stab","Acrobatics"],"picked":"Dagger Spray","floor":2},{"not_picked":["Blade Dance","Dagger Throw","Underhanded Strike"],"picked":"SKIP","floor":7},{"not_picked":["Blur","Underhanded Strike"],"picked":"Acrobatics","floor":8},{"not_picked":["Malaise","Calculated Gamble"],"picked":"All Out Attack","floor":11},{"not_picked":["Setup","Reflex","Well Laid Plans"],"picked":"Singing Bowl","floor":13},{"not_picked":["Blade Dance","Slice"],"picked":"Cloak And Dagger","floor":14}],"player_experience":225819,"relics_obtained":[{"floor":7,"key":"Snake Skull"},{"floor":9,"key":"Anchor"},{"floor":11,"key":"Singing Bowl"},{"floor":13,"key":"Art of War"}],"event_choices":[{"event_name":"Big Fish","player_choice":"Box","floor":3,"damage_taken":0},{"event_name":"Scrap Ooze","player_choice":"success","floor":5,"damage_taken":7}],"is_beta":false,"boss_relics":[],"items_purged_floors":[4],"is_endless":false,"potions_floor_spawned":[7,8,13],"killed_by":"The Guardian","ascension_level":1}