{"gold_per_floor":[17,30,42,53,53,53,53,53,53,53,76,97,97,138,138,266,266,280,280,280,280,303,303],"floor_reached":23,"playtime":651,"items_purged":[],"score":191,"play_id":"152e1ec0-4542-4f38-9826-16169f3a1b9f","local_time":"20190517230405","is_ascension_mode":false,"campfire_choices":[{"data":"Core Surge","floor":6,"key":"SMITH"},{"floor":8,"key":"REST"},{"floor":10,"key":"REST"},{"floor":15,"key":"REST"}],"neow_cost":"NO_GOLD","seed_source_timestamp":2778960381415624,"circlet_count":0,"master_deck":["Strike_B","Strike_B","Strike_B","Strike_B","Defend_B","Defend_B","Defend_B","Defend_B","Zap","Dualcast","Reinforced Body","Hologram","Core Surge+1","Doom and Gloom","Sweeping Beam","Rip and Tear","Machine Learning","Leap","Writhe","Ball Lightning"],"relics":["Cracked Core","StoneCalendar","Pantograph","Golden Idol","Gremlin Horn","Strawberry","Inserter","Torii"],"potions_floor_usage":[23,23,23],"damage_taken":[{"damage":1,"enemies":"Cultist","floor":1,"turns":3},{"damage":0,"enemies":"2 Louse","floor":2,"turns":2},{"damage":4,"enemies":"Small Slimes","floor":3,"turns":3},{"damage":8,"enemies":"Looter","floor":4,"turns":3},{"damage":7,"enemies":"3 Louse","floor":11,"turns":2},{"damage":0,"enemies":"Large Slime","floor":12,"turns":4},{"damage":26,"enemies":"Lagavulin","floor":14,"turns":5},{"damage":45,"enemies":"The Guardian","floor":16,"turns":10},{"damage":24,"enemies":"Chosen","floor":18,"turns":5},{"damage":12,"enemies":"Spheric Guardian","floor":22,"turns":7},{"damage":47,"enemies":"Book of Stabbing","floor":23,"turns":5}],"seed_played":"-3034107835467004258","potions_obtained":[{"floor":1,"key":"Block Potion"},{"floor":11,"key":"SmokeBomb"},{"floor":14,"key":"Fire Potion"},{"floor":22,"key":"Energy Potion"}],"is_trial":false,"path_per_floor":["M","M","M","M","?","R","?","R","T","R","M","M","$","E","R","B",null,"M","?","?","?","M","E"],"character_chosen":"DEFECT","items_purchased":[],"campfire_rested":3,"item_purchase_floors":[],"current_hp_per_floor":[74,74,70,62,37,37,19,41,41,63,56,56,56,37,61,37,82,58,58,58,58,46,0],"gold":303,"neow_bonus":"ONE_RARE_RELIC","is_prod":false,"is_daily":false,"chose_seed":false,"campfire_upgraded":1,"win_rate":0,"timestamp":1558091045,"path_taken":["M","?","M","M","?","R","?","R","T","R","M","M","$","E","R","BOSS","M","?","?","?","M","E"],"build_version":"2019-01-23","purchased_purges":0,"victory":false,"max_hp_per_floor":[75,75,75,75,75,75,75,75,75,75,75,75,75,82,82,82,82,82,82,82,82,82,82],"card_choices":[{"not_picked":["Blizzard","Conserve Battery"],"picked":"Reinforced Body","floor":1},{"not_picked":["Rebound","Steam"],"picked":"Hologram","floor":2},{"not_picked":["Gash","Coolheaded"],"picked":"Core Surge","floor":3},{"not_picked":["Rip and Tear","Beam Cell"],"picked":"Doom and Gloom","floor":4},{"not_picked":["Compile Driver","Undo"],"picked":"Sweeping Beam","floor":11},{"not_picked":["Scrape","Conserve Battery"],"picked":"Rip and Tear","floor":12},{"not_picked":["Barrage","Recycle","Rebound"],"picked":"SKIP","floor":14},{"not_picked":["Buffer","Seek"],"picked":"Machine Learning","floor":16},{"not_picked":["Redo","Gash"],"picked":"Leap","floor":18},{"not_picked":["Steam","Rip and Tear+1"],"picked":"Ball Lightning","floor":22}],"player_experience":291741,"relics_obtained":[{"floor":9,"key":"Gremlin Horn"},{"floor":14,"key":"Strawberry"}],"event_choices":[{"damage_healed":0,"gold_gain":0,"player_choice":"Success","damage_taken":25,"relics_obtained":["Pantograph"],"max_hp_gain":0,"max_hp_loss":0,"event_name":"Scrap Ooze","floor":5,"gold_loss":0},{"damage_healed":0,"gold_gain":0,"player_choice":"Take Damage","damage_taken":18,"relics_obtained":["Golden Idol"],"max_hp_gain":0,"max_hp_loss":0,"event_name":"Golden Idol","floor":7,"gold_loss":0},{"damage_healed":0,"gold_gain":0,"player_choice":"Opened","damage_taken":0,"relics_obtained":["Torii"],"max_hp_gain":0,"max_hp_loss":0,"event_name":"The Mausoleum","floor":19,"gold_loss":0,"cards_obtained":["Writhe"]},{"damage_healed":0,"gold_gain":0,"player_choice":"Ignored","damage_taken":0,"max_hp_gain":0,"max_hp_loss":0,"event_name":"Vampires","floor":20,"gold_loss":0},{"damage_healed":0,"gold_gain":0,"player_choice":"Ignored","damage_taken":0,"max_hp_gain":0,"max_hp_loss":0,"event_name":"Ghosts","floor":21,"gold_loss":0}],"is_beta":false,"boss_relics":[{"not_picked":["Velvet Choker","Busted Crown"],"picked":"Inserter"}],"items_purged_floors":[],"is_endless":false,"potions_floor_spawned":[1,11,14,16,18,22],"killed_by":"Book of Stabbing","ascension_level":0}