{"gold_per_floor":[210,228,228,228,244,244,268,268,268,298,298,318,353,373,373,498,498,522,14,14,14,14,14,14,29,29,0,32,42,53,70,70,174,174,186,461,481,495,512,612,612,612,636,636],"floor_reached":44,"playtime":1987,"items_purged":[],"score":545,"play_id":"3a67383f-55d6-404c-b80a-c70603e299b8","local_time":"20190429104129","is_ascension_mode":true,"campfire_choices":[{"floor":6,"key":"REST"},{"data":"Neutralize","floor":8,"key":"SMITH"},{"floor":11,"key":"REST"},{"floor":15,"key":"REST"},{"floor":23,"key":"RECALL"},{"floor":32,"key":"REST"},{"floor":41,"key":"REST"}],"neow_cost":"NONE","seed_source_timestamp":1177863270240235,"circlet_count":0,"master_deck":["Defend_G","Defend_G","Defend_G","Defend_G","Defend_G","Strike_G","Strike_G","Strike_G","Strike_G","Survivor","Neutralize+1","Poisoned Stab","Poisoned Stab","Blur","Calculated Gamble","Backflip","Deadly Poison","After Image","Deflect+1","Noxious Fumes","Caltrops","Caltrops","Noxious Fumes","After Image","Footwork","Well Laid Plans","PiercingWail","Prepared","A Thousand Cuts","Regret"],"relics":["Ring of the Snake","Bloody Idol","The Courier","Singing Bowl","Fusion Hammer","Nunchaku","Anchor","Busted Crown","Turnip","Bronze Scales"],"potions_floor_usage":[28,28,38,38,44,44],"damage_taken":[{"damage":0,"enemies":"2 Louse","floor":1,"turns":4},{"damage":4,"enemies":"Small Slimes","floor":2,"turns":3},{"damage":4,"enemies":"Jaw Worm","floor":5,"turns":3},{"damage":10,"enemies":"Large Slime","floor":7,"turns":8},{"damage":9,"enemies":"2 Fungi Beasts","floor":12,"turns":5},{"damage":47,"enemies":"Gremlin Nob","floor":13,"turns":6},{"damage":1,"enemies":"Blue Slaver","floor":14,"turns":3},{"damage":26,"enemies":"Hexaghost","floor":16,"turns":11},{"damage":0,"enemies":"Shell Parasite","floor":18,"turns":7},{"damage":6,"enemies":"3 Byrds","floor":25,"turns":2},{"damage":26,"enemies":"Book of Stabbing","floor":28,"turns":6},{"damage":26,"enemies":"Centurion and Healer","floor":29,"turns":10},{"damage":14,"enemies":"Snecko","floor":30,"turns":6},{"damage":32,"enemies":"Cultist and Chosen","floor":31,"turns":8},{"damage":7,"enemies":"Champ","floor":33,"turns":14},{"damage":21,"enemies":"Orb Walker","floor":35,"turns":5},{"damage":5,"enemies":"3 Shapes","floor":37,"turns":7},{"damage":27,"enemies":"Jaw Worm Horde","floor":38,"turns":6},{"damage":8,"enemies":"Sphere and 2 Shapes","floor":39,"turns":6},{"damage":23,"enemies":"Mind Bloom Boss Battle","floor":40,"turns":9},{"damage":93,"enemies":"Giant Head","floor":44,"turns":11}],"seed_played":"3475160236442054626","potions_obtained":[{"floor":5,"key":"Fire Potion"},{"floor":7,"key":"Regen Potion"},{"floor":12,"key":"PowerPotion"},{"floor":18,"key":"EssenceOfSteel"},{"floor":31,"key":"Poison Potion"},{"floor":35,"key":"SpeedPotion"},{"floor":40,"key":"Swift Potion"}],"is_trial":false,"path_per_floor":["M","M","?","?","M","R","M","R","T","?","R","M","E","M","R","B",null,"M","$","?","?","?","R","?","M","T","?","E","M","M","M","R","B",null,"M","?","M","M","M","?","R","?","T","E"],"character_chosen":"THE_SILENT","items_purchased":["Noxious Fumes","Caltrops","Caltrops","Noxious Fumes","Caltrops","After Image","Footwork","Well Laid Plans"],"campfire_rested":5,"item_purchase_floors":[19,19,19,19,19,19,19,19],"current_hp_per_floor":[70,66,49,42,38,59,49,49,49,49,70,61,16,15,36,10,72,72,72,72,72,72,72,72,73,73,73,63,42,35,10,34,32,80,66,71,73,53,52,36,63,90,90,0],"gold":636,"neow_bonus":"HUNDRED_GOLD","is_prod":false,"is_daily":false,"chose_seed":false,"campfire_upgraded":1,"win_rate":0,"timestamp":1556491289,"path_taken":["M","M","?","?","M","R","M","R","T","?","R","M","E","?","R","BOSS","M","$","?","?","?","R","?","?","T","?","E","M","M","M","R","BOSS","M","?","M","?","M","?","R","?","T","E"],"build_version":"2019-01-23","purchased_purges":0,"victory":false,"max_hp_per_floor":[70,70,70,70,70,70,70,70,70,70,70,70,72,72,72,72,72,72,72,72,72,72,72,72,74,74,74,76,76,78,80,80,80,80,82,82,84,86,88,90,90,90,90,90],"card_choices":[{"not_picked":["Outmaneuver","Bane"],"picked":"Poisoned Stab","floor":1},{"not_picked":["Acrobatics","Sucker Punch"],"picked":"Poisoned Stab","floor":2},{"not_picked":["Eviscerate","Expertise"],"picked":"Blur","floor":5},{"not_picked":["Flying Knee","Underhanded Strike"],"picked":"Calculated Gamble","floor":7},{"not_picked":["Dagger Spray","Flying Knee"],"picked":"Backflip","floor":12},{"not_picked":["Bullet Time","Dagger Spray","Prepared"],"picked":"Singing Bowl","floor":13},{"not_picked":["Masterful Stab","Dagger Spray"],"picked":"Deadly Poison","floor":14},{"not_picked":["Envenom","Bullet Time"],"picked":"After Image","floor":16},{"not_picked":["Quick Slash","Acrobatics"],"picked":"Deflect+1","floor":18},{"not_picked":["Endless Agony","Bane","Poisoned Stab"],"picked":"Singing Bowl","floor":25},{"not_picked":["Endless Agony","Dagger Throw","Finisher+1"],"picked":"Singing Bowl","floor":28},{"not_picked":["Noxious Fumes","Eviscerate"],"picked":"Prepared","floor":29},{"not_picked":["Flying Knee","Blur","Deadly Poison"],"picked":"Singing Bowl","floor":30},{"not_picked":["Slice+1","Concentrate","Predator+1"],"picked":"Singing Bowl","floor":31},{"not_picked":["Venomology","Tools of the Trade"],"picked":"A Thousand Cuts","floor":33},{"not_picked":["Sucker Punch"],"picked":"Singing Bowl","floor":35},{"not_picked":["All Out Attack+1"],"picked":"Singing Bowl","floor":37},{"not_picked":["Sucker Punch+1"],"picked":"Singing Bowl","floor":38},{"not_picked":["Concentrate+1"],"picked":"Singing Bowl","floor":39},{"not_picked":["Dagger Throw+1"],"picked":"Singing Bowl","floor":40}],"player_experience":123898,"relics_obtained":[{"floor":9,"key":"The Courier"},{"floor":13,"key":"Singing Bowl"},{"floor":28,"key":"Anchor"},{"floor":40,"key":"Turnip"},{"floor":43,"key":"Bronze Scales"}],"event_choices":[{"damage_healed":0,"gold_gain":0,"player_choice":"Take Damage","damage_taken":17,"relics_obtained":["Golden Idol"],"max_hp_gain":0,"max_hp_loss":0,"event_name":"Golden Idol","floor":3,"gold_loss":0},{"cards_removed":["Strike_G"],"damage_healed":0,"gold_gain":0,"player_choice":"Card Removal","damage_taken":7,"max_hp_gain":0,"max_hp_loss":0,"event_name":"Golden Wing","floor":4,"gold_loss":0},{"damage_healed":0,"gold_gain":30,"player_choice":"Searched \u00271\u0027 times","damage_taken":0,"max_hp_gain":0,"max_hp_loss":0,"event_name":"Dead Adventurer","floor":10,"gold_loss":0},{"damage_healed":0,"gold_gain":0,"player_choice":"Ignored","damage_taken":0,"max_hp_gain":0,"max_hp_loss":0,"event_name":"Ghosts","floor":20,"gold_loss":0},{"damage_healed":0,"gold_gain":0,"player_choice":"Read","damage_taken":0,"max_hp_gain":0,"max_hp_loss":0,"event_name":"The Library","floor":21,"gold_loss":0,"cards_obtained":["PiercingWail"]},{"damage_healed":0,"gold_gain":0,"player_choice":"Gave Idol","damage_taken":0,"relics_obtained":["Bloody Idol"],"max_hp_gain":0,"max_hp_loss":0,"event_name":"Forgotten Altar","floor":22,"relics_lost":["Golden Idol"],"gold_loss":0},{"damage_healed":0,"gold_gain":0,"player_choice":"Opened","damage_taken":0,"relics_obtained":["Nunchaku"],"max_hp_gain":0,"max_hp_loss":0,"event_name":"The Mausoleum","floor":24,"gold_loss":0},{"damage_healed":0,"gold_gain":0,"player_choice":"Paid Fearfully","damage_taken":0,"max_hp_gain":0,"max_hp_loss":0,"event_name":"Masked Bandits","floor":27,"gold_loss":29},{"damage_healed":0,"gold_gain":275,"player_choice":"Desecrate","damage_taken":0,"max_hp_gain":0,"max_hp_loss":0,"event_name":"Golden Shrine","floor":36,"gold_loss":0,"cards_obtained":["Regret"]},{"damage_healed":0,"gold_gain":0,"player_choice":"Fight","damage_taken":0,"max_hp_gain":0,"max_hp_loss":0,"event_name":"MindBloom","floor":40,"gold_loss":0},{"cards_removed":["Caltrops"],"damage_healed":27,"gold_gain":0,"player_choice":"Offered Uncommon","damage_taken":0,"max_hp_gain":0,"max_hp_loss":0,"event_name":"Bonfire Elementals","floor":42,"gold_loss":0}],"is_beta":false,"boss_relics":[{"not_picked":["Snecko Eye","Runic Pyramid"],"picked":"Fusion Hammer"},{"not_picked":["Philosopher\u0027s Stone","Pandora\u0027s Box"],"picked":"Busted Crown"}],"items_purged_floors":[],"is_endless":false,"potions_floor_spawned":[5,7,12,14,18,31,35,37,40],"killed_by":"Giant Head","ascension_level":3}