{"gold_per_floor":[114,114,114,128,145,175,175,210,233,245,245,279,279,292,292,390,390,402,317,305,275,275],"floor_reached":22,"playtime":729,"items_purged":[],"score":255,"play_id":"767a8824-dc6b-4c96-bfd8-cc45e014ea4f","local_time":"20190510170339","is_ascension_mode":true,"campfire_choices":[{"floor":7,"key":"REST"},{"floor":11,"key":"REST"},{"floor":15,"key":"REST"}],"neow_cost":"NONE","seed_source_timestamp":2152451263941594,"circlet_count":0,"master_deck":["Strike_B","Strike_B+1","Strike_B+1","Defend_B","Defend_B","Defend_B","Defend_B","Zap","Dualcast","Streamline","Seek","Coolheaded","Sweeping Beam","Self Repair","Stack","Amplify","Hologram","Sweeping Beam","Hologram","Reprogram","Storm","Turbo"],"relics":["Busted Crown","Anchor","Oddly Smooth Stone","Whetstone","Orichalcum","Orrery","FossilizedHelix"],"potions_floor_usage":[16,16],"damage_taken":[{"damage":3,"enemies":"2 Louse","floor":1,"turns":2},{"damage":4,"enemies":"Small Slimes","floor":4,"turns":4},{"damage":0,"enemies":"Cultist","floor":5,"turns":3},{"damage":35,"enemies":"Lagavulin","floor":6,"turns":7},{"damage":46,"enemies":"Gremlin Nob","floor":8,"turns":4},{"damage":7,"enemies":"Exordium Wildlife","floor":10,"turns":5},{"damage":18,"enemies":"3 Sentries","floor":12,"turns":7},{"damage":10,"enemies":"Large Slime","floor":14,"turns":5},{"damage":29,"enemies":"Hexaghost","floor":16,"turns":12},{"damage":29,"enemies":"3 Byrds","floor":18,"turns":5},{"damage":18,"enemies":"2 Thieves","floor":20,"turns":4},{"damage":28,"enemies":"Snake Plant","floor":22,"turns":4}],"seed_played":"-6213581495309331667","potions_obtained":[{"floor":4,"key":"PowerPotion"},{"floor":5,"key":"FocusPotion"},{"floor":10,"key":"PowerPotion"},{"floor":21,"key":"Strength Potion"},{"floor":21,"key":"SpeedPotion"}],"is_trial":false,"path_per_floor":["M","?","?","M","M","E","R","E","T","M","R","E","?","M","R","B",null,"M","?","M","?","M"],"character_chosen":"DEFECT","items_purchased":[],"campfire_rested":3,"item_purchase_floors":[],"current_hp_per_floor":[72,72,72,68,68,33,55,9,9,9,31,20,20,17,39,17,61,39,39,28,28,0],"gold":275,"neow_bonus":"BOSS_RELIC","is_prod":false,"is_daily":false,"chose_seed":false,"campfire_upgraded":0,"win_rate":0,"timestamp":1557464619,"path_taken":["M","?","?","M","M","E","R","E","T","M","R","E","?","?","R","BOSS","M","?","M","?","?"],"build_version":"2019-01-23","purchased_purges":0,"victory":false,"max_hp_per_floor":[75,75,75,75,75,75,75,75,75,75,75,75,75,75,75,75,75,75,75,75,75,75],"card_choices":[{"not_picked":[],"picked":"Streamline","floor":1},{"not_picked":[],"picked":"Coolheaded","floor":4},{"not_picked":["Scrape"],"picked":"SKIP","floor":5},{"not_picked":[],"picked":"Sweeping Beam","floor":6},{"not_picked":[],"picked":"Self Repair","floor":8},{"not_picked":["Lockon"],"picked":"SKIP","floor":10},{"not_picked":["Aggregate"],"picked":"SKIP","floor":12},{"not_picked":[],"picked":"Stack","floor":14},{"not_picked":[],"picked":"Amplify","floor":16},{"not_picked":[],"picked":"Hologram","floor":17},{"not_picked":[],"picked":"Sweeping Beam","floor":17},{"not_picked":[],"picked":"Hologram","floor":17},{"not_picked":[],"picked":"Reprogram","floor":17},{"not_picked":[],"picked":"Storm","floor":17},{"not_picked":["Lockon"],"picked":"SKIP","floor":18},{"not_picked":[],"picked":"Turbo","floor":20}],"player_experience":224367,"relics_obtained":[{"floor":6,"key":"Anchor"},{"floor":8,"key":"Oddly Smooth Stone"},{"floor":9,"key":"Whetstone"},{"floor":12,"key":"Orichalcum"}],"event_choices":[{"damage_healed":0,"gold_gain":0,"player_choice":"Leave","damage_taken":0,"max_hp_gain":0,"max_hp_loss":0,"event_name":"The Cleric","floor":2,"gold_loss":0},{"damage_healed":0,"gold_gain":0,"cards_transformed":["Strike_B"],"player_choice":"Change","damage_taken":0,"max_hp_gain":0,"max_hp_loss":0,"event_name":"Living Wall","floor":3,"gold_loss":0,"cards_obtained":["Seek"]},{"damage_healed":0,"gold_gain":0,"player_choice":"Got Potions","damage_taken":0,"max_hp_gain":0,"max_hp_loss":0,"event_name":"Lab","floor":13,"gold_loss":0},{"damage_healed":0,"gold_gain":0,"player_choice":"Obtained Relic","damage_taken":0,"relics_obtained":["FossilizedHelix"],"max_hp_gain":0,"max_hp_loss":0,"event_name":"Addict","floor":19,"gold_loss":85},{"damage_healed":0,"gold_gain":0,"player_choice":"Bought 2 Potions","damage_taken":0,"max_hp_gain":0,"max_hp_loss":0,"event_name":"The Woman in Blue","floor":21,"gold_loss":0}],"is_beta":false,"boss_relics":[{"not_picked":["Fusion Hammer","Runic Pyramid"],"picked":"Orrery"}],"items_purged_floors":[],"is_endless":false,"potions_floor_spawned":[4,5,10,12],"killed_by":"Snake Plant","ascension_level":5}