{"gold_per_floor":[112,62,62,75,85,85,118,118,118,118,135,135,160,85,85,189,189,209,209,209,57,72,72,101,115,115,26,26],"floor_reached":28,"playtime":1796,"items_purged":["Defend_R","Defend_R"],"score":305,"play_id":"1ee4a377-bd8c-4b82-b1ea-78e1c1d71ded","local_time":"20181101012145","is_ascension_mode":true,"campfire_choices":[{"data":"True Grit","floor":6,"key":"SMITH"},{"data":"Power Through","floor":8,"key":"SMITH"},{"data":"Thunderclap","floor":10,"key":"SMITH"},{"data":"Feel No Pain","floor":15,"key":"SMITH"},{"data":"Searing Blow+1","floor":23,"key":"SMITH"}],"neow_cost":"NONE","seed_source_timestamp":443558062285002,"circlet_count":0,"master_deck":["Strike_R","Strike_R","Strike_R","Strike_R","Defend_R","Defend_R","Bash+1","Second Wind","True Grit+1","Power Through+1","Thunderclap+1","Ghostly Armor","Feel No Pain+1","Double Tap","Combust","J.A.X.","Shrug It Off","Searing Blow+2","Pommel Strike+1","Bandage Up"],"relics":["Burning Blood","Dead Branch","Mercury Hourglass","Molten Egg 2","Runic Cube","Enchiridion","Mummified Hand","Pantograph"],"potions_floor_usage":[7,16,28,28,28],"damage_taken":[{"damage":1,"enemies":"Cultist","floor":1,"turns":3},{"damage":5,"enemies":"Jaw Worm","floor":4,"turns":5},{"damage":3,"enemies":"2 Louse","floor":5,"turns":3},{"damage":17,"enemies":"Gremlin Nob","floor":7,"turns":4},{"damage":2,"enemies":"Looter","floor":11,"turns":3},{"damage":3,"enemies":"3 Sentries","floor":13,"turns":7},{"damage":25,"enemies":"The Guardian","floor":16,"turns":13},{"damage":18,"enemies":"Shell Parasite","floor":18,"turns":10},{"damage":18,"enemies":"2 Thieves","floor":22,"turns":3},{"damage":37,"enemies":"Book of Stabbing","floor":24,"turns":6},{"damage":0,"enemies":"Snake Plant","floor":25,"turns":5},{"damage":8,"enemies":"Chosen and Byrds","floor":28,"turns":6}],"seed_played":"-3811072196791258559","potions_obtained":[{"floor":4,"key":"Strength Potion"},{"floor":13,"key":"Swift Potion"},{"floor":16,"key":"Ancient Potion"},{"floor":22,"key":"FearPotion"},{"floor":25,"key":"SkillPotion"}],"is_trial":false,"path_per_floor":["M","$","?","M","M","R","E","R","T","R","M","?","E","$","R","B",null,"M","?","?","$","M","R","E","M","T","$"],"character_chosen":"IRONCLAD","items_purchased":["True Grit","Shrug It Off","Bandage Up"],"campfire_rested":0,"item_purchase_floors":[2,21,27],"current_hp_per_floor":[80,80,73,74,77,77,66,66,66,66,70,75,78,78,78,59,79,67,51,51,51,39,39,8,14,14,14,10],"gold":26,"neow_bonus":"UPGRADE_CARD","is_prod":false,"is_daily":false,"chose_seed":false,"campfire_upgraded":5,"win_rate":0,"timestamp":1541002905,"path_taken":["M","?","?","M","M","R","E","R","T","R","M","?","E","$","R","BOSS","M","?","?","$","M","R","E","M","T","$","M"],"build_version":"2018-10-25v2","purchased_purges":2,"victory":false,"max_hp_per_floor":[80,80,80,80,80,80,80,80,80,80,80,85,85,85,85,85,85,85,85,85,85,85,85,85,85,85,85,85],"card_choices":[{"not_picked":["Iron Wave","Metallicize"],"picked":"Second Wind","floor":1},{"not_picked":["Heavy Blade","Clash"],"picked":"Power Through","floor":4},{"not_picked":["Carnage","Body Slam"],"picked":"Thunderclap","floor":5},{"not_picked":["Sword Boomerang","Second Wind"],"picked":"Ghostly Armor","floor":7},{"not_picked":["Iron Wave","Thunderclap"],"picked":"Feel No Pain","floor":11},{"not_picked":["Sword Boomerang","Heavy Blade","Flex"],"picked":"SKIP","floor":13},{"not_picked":["Limit Break","Bludgeon+1"],"picked":"Double Tap","floor":16},{"not_picked":["Heavy Blade+1","Hemokinesis+1"],"picked":"Combust","floor":18},{"not_picked":["Perfected Strike+1","True Grit"],"picked":"Searing Blow+1","floor":22},{"not_picked":["Feel No Pain","Spot Weakness","Limit Break"],"picked":"SKIP","floor":24},{"not_picked":["Searing Blow+1","Shrug It Off"],"picked":"Pommel Strike+1","floor":25}],"player_experience":423201,"relics_obtained":[{"floor":7,"key":"Dead Branch"},{"floor":9,"key":"Mercury Hourglass"},{"floor":13,"key":"Molten Egg 2"},{"floor":19,"key":"Enchiridion"},{"floor":24,"key":"Mummified Hand"},{"floor":26,"key":"Pantograph"}],"event_choices":[{"cards_removed":["Strike_R"],"damage_healed":0,"gold_gain":0,"player_choice":"Card Removal","damage_taken":7,"max_hp_gain":0,"max_hp_loss":0,"event_name":"Golden Wing","floor":3,"gold_loss":0},{"damage_healed":0,"gold_gain":0,"player_choice":"Donut","damage_taken":0,"max_hp_gain":5,"max_hp_loss":0,"event_name":"Big Fish","floor":12,"gold_loss":0},{"damage_healed":0,"gold_gain":0,"player_choice":"Obtained Book","damage_taken":16,"max_hp_gain":0,"max_hp_loss":0,"event_name":"Cursed Tome","floor":19,"gold_loss":0},{"damage_healed":0,"gold_gain":0,"player_choice":"Obtain J.A.X.","damage_taken":0,"max_hp_gain":0,"max_hp_loss":0,"event_name":"Drug Dealer","floor":20,"gold_loss":0,"cards_obtained":["J.A.X."]}],"is_beta":false,"boss_relics":[{"not_picked":["Ectoplasm","Black Star"],"picked":"Runic Cube"}],"items_purged_floors":[14,21],"is_endless":false,"potions_floor_spawned":[4,13,16,22,25],"killed_by":"Chosen and Byrds","ascension_level":5}