{"gold_per_floor":[116,191,191,191,209,240,251,279,279,279,299,299,317,44,44,118,118,100,114,162,162],"floor_reached":21,"playtime":547,"items_purged":[],"score":353,"play_id":"c14a8859-2ea4-4f93-a695-c8405ec05e82","local_time":"20190517110359","is_ascension_mode":true,"campfire_choices":[{"floor":10,"key":"REST"},{"floor":12,"key":"REST"},{"data":"Well Laid Plans","floor":15,"key":"SMITH"}],"neow_cost":"NONE","seed_source_timestamp":2735858150195150,"circlet_count":0,"master_deck":["AscendersBane","Defend_G+1","Defend_G","Defend_G","Defend_G","Defend_G","Strike_G","Strike_G","Strike_G","Strike_G","Strike_G","Survivor","Neutralize","Flying Knee+1","Backflip","Noxious Fumes","Dagger Spray","Flying Knee","Flying Knee","Die Die Die","Well Laid Plans+1","Noxious Fumes","Leg Sweep","Terror","Blur","Dodge and Roll","Backflip","PiercingWail","Glass Knife"],"relics":["Ring of the Snake","NeowsBlessing","Bronze Scales","Kunai","Turnip","PreservedInsect","DollysMirror","Orrery","Vajra"],"potions_floor_usage":[8,21],"damage_taken":[{"damage":0,"enemies":"Cultist","floor":1,"turns":1},{"damage":0,"enemies":"2 Louse","floor":5,"turns":1},{"damage":0,"enemies":"Gremlin Nob","floor":6,"turns":1},{"damage":5,"enemies":"Small Slimes","floor":7,"turns":4},{"damage":19,"enemies":"Lagavulin","floor":8,"turns":8},{"damage":0,"enemies":"Exordium Wildlife","floor":11,"turns":3},{"damage":6,"enemies":"Red Slaver","floor":13,"turns":3},{"damage":12,"enemies":"Hexaghost","floor":16,"turns":9},{"damage":36,"enemies":"2 Thieves","floor":18,"turns":4},{"damage":11,"enemies":"Shell Parasite","floor":19,"turns":7},{"damage":17,"enemies":"Snake Plant","floor":21,"turns":2}],"seed_played":"-2657983302186131712","potions_obtained":[{"floor":5,"key":"Dexterity Potion"},{"floor":8,"key":"GamblersBrew"},{"floor":11,"key":"Dexterity Potion"}],"is_trial":false,"path_per_floor":["M","?","?","?","M","E","M","E","T","R","M","R","M","$","R","B",null,"M","M","T","M"],"character_chosen":"THE_SILENT","items_purchased":["Well Laid Plans","DollysMirror"],"campfire_rested":2,"item_purchase_floors":[14,14],"current_hp_per_floor":[63,52,45,31,31,31,26,7,7,28,28,49,43,43,43,31,60,24,13,13,0],"gold":162,"neow_bonus":"THREE_ENEMY_KILL","is_prod":false,"is_daily":false,"chose_seed":false,"campfire_upgraded":1,"win_rate":0,"timestamp":1558047839,"path_taken":["M","?","?","?","M","E","M","E","T","R","?","R","M","$","R","BOSS","M","M","?","M"],"build_version":"2019-01-23","purchased_purges":0,"victory":false,"max_hp_per_floor":[70,70,70,70,70,70,70,70,70,70,70,70,70,70,70,70,70,70,70,70,70],"card_choices":[{"not_picked":["Calculated Gamble","Crippling Poison"],"picked":"Flying Knee","floor":1},{"not_picked":["Cloak And Dagger","Poisoned Stab"],"picked":"Backflip","floor":5},{"not_picked":["Deadly Poison","PiercingWail"],"picked":"Noxious Fumes","floor":6},{"not_picked":["Reflex","Accuracy"],"picked":"Dagger Spray","floor":7},{"not_picked":["Choke","Infinite Blades"],"picked":"Flying Knee","floor":8},{"not_picked":["Underhanded Strike","Riddle With Holes"],"picked":"Flying Knee","floor":11},{"not_picked":["Outmaneuver","Cloak And Dagger"],"picked":"Die Die Die","floor":13},{"not_picked":["Poisoned Stab","Dash"],"picked":"Leg Sweep","floor":17},{"not_picked":["Dagger Throw","Accuracy"],"picked":"Terror","floor":17},{"not_picked":["Dagger Spray","Skewer"],"picked":"Blur","floor":17},{"not_picked":["Deadly Poison","Sucker Punch"],"picked":"Dodge and Roll","floor":17},{"not_picked":["Slice","Deadly Poison"],"picked":"Backflip","floor":17},{"not_picked":["Underhanded Strike","Endless Agony"],"picked":"PiercingWail","floor":18},{"not_picked":["Dagger Spray","Dagger Throw"],"picked":"Glass Knife","floor":19}],"player_experience":276757,"relics_obtained":[{"floor":6,"key":"Kunai"},{"floor":8,"key":"Turnip"},{"floor":9,"key":"PreservedInsect"},{"floor":20,"key":"Vajra"}],"event_choices":[{"damage_healed":0,"gold_gain":75,"player_choice":"Gather Gold","damage_taken":11,"max_hp_gain":0,"max_hp_loss":0,"event_name":"World of Goop","floor":2,"gold_loss":0},{"damage_healed":0,"gold_gain":0,"player_choice":"Success","damage_taken":7,"relics_obtained":["Bronze Scales"],"max_hp_gain":0,"max_hp_loss":0,"event_name":"Scrap Ooze","floor":3,"gold_loss":0},{"damage_healed":0,"gold_gain":0,"player_choice":"Entered Light","damage_taken":14,"max_hp_gain":0,"max_hp_loss":0,"event_name":"Shining Light","floor":4,"gold_loss":0,"cards_upgraded":["Defend_G","Flying Knee"]}],"is_beta":false,"boss_relics":[{"not_picked":["Coffee Dripper","White Beast Statue"],"picked":"Orrery"}],"items_purged_floors":[],"is_endless":false,"potions_floor_spawned":[5,8,11],"killed_by":"Snake Plant","ascension_level":13}