{"gold_per_floor":[119,129,140,65,81,81,101,101,101,115,126,146,179,191,191,290,290,306,306,321,321],"floor_reached":21,"playtime":1290,"items_purged":["Defend_R"],"score":187,"play_id":"9614382e-efc6-460b-a633-5f6a8db397fc","local_time":"20190506021916","is_ascension_mode":false,"campfire_choices":[{"data":"Perfected Strike","floor":6.0,"key":"SMITH"},{"data":"Bash","floor":8.0,"key":"SMITH"},{"data":"Shrug It Off","floor":15.0,"key":"SMITH"}],"neow_cost":"NONE","seed_source_timestamp":284645464938263,"circlet_count":0,"master_deck":["Strike_R","Strike_R","Strike_R","Strike_R","Strike_R","Defend_R","Defend_R","Defend_R","Bash+1","Perfected Strike+1","Clash","Perfected Strike","Flex","Shrug It Off+1","Shrug It Off","Perfected Strike","Wild Strike"],"special_seed":0,"relics":["Burning Blood","NeowsBlessing","Smiling Mask","Ancient Tea Set","Lizard Tail"],"potions_floor_usage":[],"damage_taken":[{"damage":0.0,"enemies":"Small Slimes","floor":1.0,"turns":1.0},{"damage":0.0,"enemies":"Cultist","floor":2.0,"turns":1.0},{"damage":0.0,"enemies":"Jaw Worm","floor":3.0,"turns":1.0},{"damage":0.0,"enemies":"Large Slime","floor":5.0,"turns":5.0},{"damage":7.0,"enemies":"Blue Slaver","floor":7.0,"turns":2.0},{"damage":17.0,"enemies":"Exordium Wildlife","floor":10.0,"turns":5.0},{"damage":2.0,"enemies":"3 Louse","floor":11.0,"turns":2.0},{"damage":11.0,"enemies":"Large Slime","floor":12.0,"turns":4.0},{"damage":18.0,"enemies":"3 Sentries","floor":13.0,"turns":6.0},{"damage":2.0,"enemies":"Blue Slaver","floor":14.0,"turns":2.0},{"damage":23.0,"enemies":"The Guardian","floor":16.0,"turns":7.0},{"damage":35,"enemies":"3 Byrds","floor":18,"turns":7},{"damage":25,"enemies":"2 Thieves","floor":20,"turns":3},{"damage":15,"enemies":"Chosen and Byrds","floor":21,"turns":5}],"seed_played":"-3528232268274915100","potions_obtained":[{"floor":2.0,"key":"BloodPotion"},{"floor":5.0,"key":"EntropicBrew"},{"floor":7.0,"key":"Fire Potion"},{"floor":14.0,"key":"Dexterity Potion"},{"floor":16.0,"key":"SteroidPotion"},{"floor":18,"key":"SpeedPotion"}],"is_trial":false,"path_per_floor":["M","M","M","$","M","R","M","R","T","M","M","M","E","M","R","B",null,"M","?","M","M"],"character_chosen":"IRONCLAD","items_purchased":[],"campfire_rested":0,"item_purchase_floors":[],"current_hp_per_floor":[80,80,80,80,80,80,79,79,79,68,72,67,63,67,67,50,80,51,51,32,17],"gold":321,"neow_bonus":"THREE_ENEMY_KILL","is_prod":false,"is_daily":false,"chose_seed":false,"campfire_upgraded":3,"win_rate":0,"timestamp":1557127156,"path_taken":["M","M","M","$","M","R","M","R","T","M","M","M","E","M","R","BOSS","M","?","?","M"],"build_version":"2019-01-23","purchased_purges":1,"victory":false,"max_hp_per_floor":[80,80,80,80,80,80,80,80,80,80,80,80,80,80,80,80,80,80,80,80,80],"card_choices":[{"not_picked":["Heavy Blade","Havoc","Body Slam"],"picked":"SKIP","floor":1.0},{"not_picked":["Inflame","Armaments"],"picked":"Perfected Strike","floor":2.0},{"not_picked":["Cleave","Rampage","Dropkick"],"picked":"SKIP","floor":3.0},{"not_picked":["Carnage","Body Slam","True Grit"],"picked":"SKIP","floor":5.0},{"not_picked":["Carnage","Body Slam","True Grit"],"picked":"SKIP","floor":5.0},{"not_picked":["Headbutt","Body Slam","Dark Embrace"],"picked":"SKIP","floor":7.0},{"not_picked":["Bloodletting","Havoc"],"picked":"Clash","floor":10.0},{"not_picked":["True Grit","Second Wind"],"picked":"Perfected Strike","floor":11.0},{"not_picked":["Anger","Impervious"],"picked":"Flex","floor":12.0},{"not_picked":["Perfected Strike","Headbutt"],"picked":"Shrug It Off","floor":13.0},{"not_picked":["Clothesline","Anger","Headbutt"],"picked":"SKIP","floor":14.0},{"not_picked":["Searing Blow","Clothesline+1"],"picked":"Shrug It Off","floor":18},{"not_picked":["Havoc","Clothesline"],"picked":"Wild Strike","floor":20}],"player_experience":508938,"relics_obtained":[{"floor":9.0,"key":"Smiling Mask"},{"floor":13.0,"key":"Ancient Tea Set"}],"event_choices":[{"damage_healed":0,"gold_gain":0,"player_choice":"1 cards matched","damage_taken":0,"max_hp_gain":0,"max_hp_loss":0,"event_name":"Match and Keep!","floor":19,"gold_loss":0,"cards_obtained":["Perfected Strike"]}],"is_beta":false,"boss_relics":[{"not_picked":["Calling Bell","Coffee Dripper"],"picked":"Lizard Tail"}],"items_purged_floors":[4],"is_endless":false,"potions_floor_spawned":[2,5,7,14,16,18],"killed_by":"Chosen and Byrds","ascension_level":0}