{"gold_per_floor":[116,127,127,202,217,217,228,228,228,228,259],"floor_reached":11,"playtime":149,"items_purged":[],"score":95,"play_id":"31fba0c0-d5c9-4c19-95e3-d341ab7e2c9c","local_time":"20181208111123","is_ascension_mode":true,"campfire_choices":[{"data":"Zap","floor":6.0,"key":"SMITH"},{"data":"Dualcast","floor":8.0,"key":"SMITH"},{"data":"Defragment","floor":10,"key":"SMITH"}],"neow_cost":"NONE","seed_source_timestamp":2015723312287601,"circlet_count":0,"master_deck":["Strike_B","Strike_B","Strike_B","Strike_B","Defend_B","Defend_B","Defend_B","Defend_B","Zap+1","Dualcast+1","Defragment+1","White Noise"],"special_seed":0,"relics":["Cracked Core","NeowsBlessing","StoneCalendar","Molten Egg 2","Smiling Mask"],"potions_floor_usage":[11],"damage_taken":[{"damage":0.0,"enemies":"2 Louse","floor":1.0,"turns":1.0},{"damage":0.0,"enemies":"Jaw Worm","floor":2.0,"turns":1.0},{"damage":0.0,"enemies":"Small Slimes","floor":5.0,"turns":1.0},{"damage":17.0,"enemies":"Exordium Thugs","floor":7.0,"turns":4.0},{"damage":31,"enemies":"Gremlin Nob","floor":11,"turns":4}],"seed_played":"-5778827143414616919","potions_obtained":[{"floor":7.0,"key":"Poison Potion"}],"is_trial":false,"path_per_floor":["M","M","?","?","M","R","M","R","T","R","E"],"character_chosen":"DEFECT","items_purchased":[],"campfire_rested":0,"item_purchase_floors":[],"current_hp_per_floor":[68,68,61,50,50,50,33,33,33,33,2],"gold":259,"neow_bonus":"THREE_ENEMY_KILL","is_prod":false,"is_daily":false,"chose_seed":false,"campfire_upgraded":3,"win_rate":0,"timestamp":1544235083,"path_taken":["M","M","?","?","M","R","M","R","T","R","E"],"build_version":"2018-12-06","purchased_purges":0,"victory":false,"max_hp_per_floor":[75,75,75,75,75,75,75,75,75,75,75],"card_choices":[{"not_picked":["Beam Cell","Streamline"],"picked":"Defragment","floor":1.0},{"not_picked":["Recycle","Scrape","Compile Driver"],"picked":"SKIP","floor":2.0},{"not_picked":["Rebound","Compile Driver","Leap"],"picked":"SKIP","floor":5.0},{"not_picked":["Barrage","Cold Snap"],"picked":"White Noise","floor":7.0}],"player_experience":522203,"relics_obtained":[{"floor":9,"key":"Molten Egg 2"},{"floor":11,"key":"Smiling Mask"}],"event_choices":[{"damage_healed":0.0,"max_hp_gain":0.0,"max_hp_loss":0.0,"gold_gain":0.0,"event_name":"Scrap Ooze","player_choice":"Success","floor":3.0,"gold_loss":0.0,"damage_taken":7.0,"relics_obtained":["StoneCalendar"]},{"damage_healed":0.0,"max_hp_gain":0.0,"max_hp_loss":0.0,"gold_gain":75.0,"event_name":"World of Goop","player_choice":"Gather Gold","floor":4.0,"gold_loss":0.0,"damage_taken":11.0}],"is_beta":false,"boss_relics":[],"items_purged_floors":[],"is_endless":false,"potions_floor_spawned":[7],"killed_by":"Gremlin Nob","ascension_level":6}