{"gold_per_floor":[217,392,342,342,189,189,209,228,228,228,228,81,81,106,106,231,231,244,230,32,53,71,71,111,111,111,59,59,59,84,84,84,210,273,291,231,57,76,76,76,89,89,89,89,105,105,105,70,70,70],"floor_reached":51,"playtime":3215,"items_purged":["Strike_G","Strike_G","Strike_G"],"score":745,"play_id":"123bbbe7-167a-492c-9678-a0dc24c0063a","local_time":"20180913085749","is_ascension_mode":true,"campfire_choices":[{"data":"Neutralize","floor":6,"key":"SMITH"},{"data":"Backflip","floor":13,"key":"SMITH"},{"data":"Footwork","floor":15,"key":"SMITH"},{"data":"Wraith Form v2","floor":23,"key":"SMITH"},{"data":"After Image","floor":25,"key":"SMITH"},{"data":"Deadly Poison","floor":28,"key":"SMITH"},{"data":"Deflect","floor":32,"key":"SMITH"},{"data":"Envenom","floor":40,"key":"SMITH"},{"data":"Bane","floor":42,"key":"SMITH"},{"data":"Bane","floor":44,"key":"SMITH"},{"data":"Noxious Fumes","floor":49,"key":"SMITH"}],"neow_cost":"NONE","seed_source_timestamp":2120366748494357,"circlet_count":0,"master_deck":["Defend_G","Defend_G","Defend_G+1","Strike_G","Survivor","Neutralize+1","Footwork+1","Escape Plan","Quick Slash","Backflip+1","Deadly Poison+1","Wraith Form v2+1","Cloak And Dagger","Bane+1","Backflip","Cloak And Dagger","After Image+1","Deflect+1","Infinite Blades+1","Finisher","Adrenaline","Bane+1","Envenom+1","Blade Dance+1","Madness","Madness","Noxious Fumes+1"],"relics":["Ring of the Snake","Blood Vial","Ancient Tea Set","Golden Idol","Paper Crane","Sozu","TwistedFunnel","Gambling Chip","Bottled Flame","Tiny House","Blue Candle"],"potions_floor_usage":[18,19,19],"damage_taken":[{"damage":1,"enemies":"2 Louse","floor":1,"turns":4},{"damage":0,"enemies":"Small Slimes","floor":7,"turns":5},{"damage":0,"enemies":"Jaw Worm","floor":8,"turns":6},{"damage":0,"enemies":"Large Slime","floor":14,"turns":6},{"damage":32,"enemies":"Hexaghost","floor":16,"turns":16},{"damage":2,"enemies":"3 Byrds","floor":18,"turns":9},{"damage":0,"enemies":"2 Thieves","floor":19,"turns":4},{"damage":0,"enemies":"Centurion and Healer","floor":21,"turns":9},{"damage":24,"enemies":"Snake Plant","floor":22,"turns":6},{"damage":0,"enemies":"Book of Stabbing","floor":24,"turns":7},{"damage":6,"enemies":"3 Cultists","floor":30,"turns":7},{"damage":10,"enemies":"Champ","floor":33,"turns":19},{"damage":3,"enemies":"3 Shapes","floor":35,"turns":6},{"damage":0,"enemies":"Orb Walker","floor":38,"turns":3},{"damage":2,"enemies":"Maw","floor":41,"turns":7},{"damage":1,"enemies":"Reptomancer","floor":45,"turns":3},{"damage":48,"enemies":"Time Eater","floor":50,"turns":13}],"seed_played":"525342203644651676","potions_obtained":[{"floor":1,"key":"Weak Potion"},{"floor":14,"key":"SkillPotion"},{"floor":16,"key":"Swift Potion"}],"is_trial":false,"path_per_floor":["M","?","?","?","$","R","M","M","T","?","T","$","R","M","R","B",null,"M","M","$","M","M","R","E","R","T","$","R","?","M","?","R","B",null,"M","?","$","M","?","R","M","R","T","R","M","$","?","$","R","B"],"character_chosen":"THE_SILENT","items_purchased":["Footwork","Backflip","TwistedFunnel","Deflect","Bane","Noxious Fumes"],"campfire_rested":0,"item_purchase_floors":[5,12,20,27,37,48],"current_hp_per_floor":[69,69,69,62,62,62,64,66,66,49,49,49,49,51,51,21,70,68,70,70,70,46,46,48,48,48,48,48,48,44,44,44,36,75,72,72,72,74,74,74,73,73,73,73,74,74,65,65,65,19],"gold":70,"neow_bonus":"HUNDRED_GOLD","is_prod":false,"is_daily":false,"chose_seed":false,"campfire_upgraded":11,"win_rate":0,"timestamp":1536796669,"path_taken":["M","?","?","?","$","R","M","?","T","?","?","$","R","M","R","BOSS","M","M","$","M","M","R","E","R","T","$","R","?","M","?","R","BOSS","M","?","$","M","?","R","M","R","T","R","M","$","?","$","R","BOSS"],"build_version":"2018-09-06","purchased_purges":3,"victory":true,"max_hp_per_floor":[70,70,70,70,70,70,70,70,70,70,70,70,70,70,70,70,70,70,70,70,70,70,70,70,70,70,70,70,70,70,70,70,70,75,75,75,75,75,75,75,75,75,75,75,75,75,75,75,75,75],"card_choices":[{"not_picked":["Predator","Leg Sweep","Underhanded Strike"],"picked":"SKIP","floor":1},{"not_picked":["Finisher","Caltrops"],"picked":"Escape Plan","floor":7},{"not_picked":["Finisher","Blade Dance"],"picked":"Quick Slash","floor":8},{"not_picked":["Slice","Footwork"],"picked":"Deadly Poison","floor":14},{"not_picked":["Glass Knife","Phantasmal Killer"],"picked":"Wraith Form v2","floor":16},{"not_picked":["Escape Plan+1","Dagger Spray"],"picked":"Cloak And Dagger","floor":18},{"not_picked":["Dodge and Roll+1","Reflex"],"picked":"Bane","floor":19},{"not_picked":["Concentrate","Leg Sweep"],"picked":"Backflip","floor":21},{"not_picked":["Predator","Dodge and Roll"],"picked":"Cloak And Dagger","floor":22},{"not_picked":["Backflip","Envenom"],"picked":"After Image","floor":24},{"not_picked":["Concentrate","Flying Knee"],"picked":"Infinite Blades+1","floor":30},{"not_picked":["Phantasmal Killer","Burst"],"picked":"Adrenaline","floor":33},{"not_picked":["Blade Dance","Dodge and Roll+1","Terror+1"],"picked":"SKIP","floor":35},{"not_picked":["Tactician+1","Prepared+1"],"picked":"Envenom","floor":38},{"not_picked":["Heel Hook","Dodge and Roll"],"picked":"Blade Dance+1","floor":41},{"not_picked":["Leg Sweep","Blade Dance+1","Slice+1"],"picked":"SKIP","floor":45}],"player_experience":253546,"relics_obtained":[{"floor":9,"key":"Ancient Tea Set"},{"floor":11,"key":"Paper Crane"},{"floor":24,"key":"Gambling Chip"},{"floor":26,"key":"Bottled Flame"},{"floor":43,"key":"Blue Candle"}],"event_choices":[{"event_name":"Liars Game","player_choice":"agreed","floor":2,"damage_taken":0},{"event_name":"The Cleric","player_choice":"Card Removal","floor":3,"damage_taken":0},{"event_name":"Scrap Ooze","player_choice":"success","floor":4,"damage_taken":7},{"event_name":"Golden Idol","player_choice":"Take Damage","floor":10,"damage_taken":0},{"event_name":"The Woman in Blue","player_choice":"Bought 0 Potions","floor":29,"damage_taken":0},{"event_name":"Transmorgrifier","player_choice":"Transform","floor":31,"damage_taken":0},{"event_name":"Designer","player_choice":"Remove Card","floor":36,"damage_taken":0},{"event_name":"Falling","player_choice":"Removed Attack","floor":39,"damage_taken":0},{"event_name":"Winding Halls","player_choice":"Embrace Madness","floor":47,"damage_taken":0}],"is_beta":false,"boss_relics":[{"not_picked":["Lizard Tail","Runic Dome"],"picked":"Sozu"},{"not_picked":["Busted Crown","Philosopher\u0027s Stone"],"picked":"Tiny House"}],"items_purged_floors":[5,12,37],"is_endless":false,"potions_floor_spawned":[1,14,16,21,24,30,33,41,45],"ascension_level":3}