{"gold_per_floor":[116,66,82,82,82,82,92,125,208,208,208,208,239,252,252,347,347,366,366,381,381,394,394,413,413,413,88,88,88],"floor_reached":29,"playtime":1149,"items_purged":["Strike_R"],"score":243,"play_id":"340599f6-e10a-4a2c-afba-adf22219e89c","local_time":"20180803185747","is_ascension_mode":true,"campfire_choices":[{"data":"Perfected Strike","floor":6,"key":"SMITH"},{"data":"Demon Form","floor":10,"key":"SMITH"},{"floor":15,"key":"REST"},{"data":"Heavy Blade","floor":23,"key":"SMITH"},{"floor":25,"key":"REST"},{"data":"Pommel Strike","floor":28,"key":"SMITH"}],"neow_cost":"NONE","seed_source_timestamp":1949027766584007,"circlet_count":0,"master_deck":["Strike_R","Strike_R","Strike_R","Defend_R","Defend_R","Defend_R","Bash","Perfected Strike+1","Perfected Strike","Shrug It Off","Wild Strike+1","Demon Form+1","Heavy Blade+1","Double Tap","Armaments+1","Warcry","Whirlwind","Pommel Strike+1","Evolve"],"relics":["Burning Blood","NeowsBlessing","Juzu Bracelet","Tiny Chest","Meat on the Bone","Boot","Black Star","Blue Candle","Membership Card"],"potions_floor_usage":[14,20,20,24,29],"damage_taken":[{"damage":0,"enemies":"Jaw Worm","floor":1,"turns":1},{"damage":0,"enemies":"2 Louse","floor":3,"turns":1},{"damage":0,"enemies":"Small Slimes","floor":7,"turns":1},{"damage":26,"enemies":"Lagavulin","floor":8,"turns":6},{"damage":6,"enemies":"Gremlin Nob","floor":13,"turns":3},{"damage":10,"enemies":"Looter","floor":14,"turns":2},{"damage":54,"enemies":"Hexaghost","floor":16,"turns":8},{"damage":25,"enemies":"2 Thieves","floor":18,"turns":3},{"damage":12,"enemies":"Spheric Guardian","floor":20,"turns":4},{"damage":29,"enemies":"Snake Plant","floor":22,"turns":4},{"damage":15,"enemies":"Snecko","floor":24,"turns":3},{"damage":86,"enemies":"Slavers","floor":29,"turns":4}],"seed_played":"-4546159133698917476","potions_obtained":[{"floor":1,"key":"Explosive Potion"},{"floor":7,"key":"Ancient Potion"},{"floor":14,"key":"GamblersBrew"},{"floor":18,"key":"SkillPotion"},{"floor":20,"key":"Strength Potion"}],"is_trial":false,"path_per_floor":["M","$","M","?","?","R","M","E","T","R","?","?","E","M","R","B",null,"M","?","M","?","M","R","M","R","T","$","R"],"character_chosen":"IRONCLAD","items_purchased":["Perfected Strike","Evolve","Membership Card"],"campfire_rested":2,"item_purchase_floors":[2,27,27],"current_hp_per_floor":[80,80,80,80,73,73,79,59,59,59,41,41,53,49,73,37,80,61,61,55,55,44,44,47,71,71,71,71,0],"gold":88,"neow_bonus":"THREE_ENEMY_KILL","is_prod":false,"is_daily":false,"chose_seed":false,"campfire_upgraded":4,"win_rate":0,"timestamp":1533290267,"path_taken":["M","$","M","?","?","R","M","E","T","R","?","?","E","M","R","BOSS","M","?","M","?","M","R","M","R","T","$","R","E"],"build_version":"2018-08-02","purchased_purges":1,"victory":false,"max_hp_per_floor":[80,80,80,80,80,80,80,80,80,80,80,80,80,80,80,80,80,80,80,80,80,80,80,80,80,80,80,80,80],"card_choices":[{"not_picked":["Metallicize","Sword Boomerang"],"picked":"Perfected Strike","floor":1},{"not_picked":["Thunderclap","Metallicize"],"picked":"Shrug It Off","floor":3},{"not_picked":["Cleave","Bloodletting"],"picked":"Wild Strike","floor":7},{"not_picked":["Flex","Twin Strike"],"picked":"Demon Form","floor":8},{"not_picked":["Pummel","Reckless Charge","Immolate"],"picked":"SKIP","floor":13},{"not_picked":["Spot Weakness","Dropkick"],"picked":"Heavy Blade","floor":14},{"not_picked":["Exhume","Reaper"],"picked":"Double Tap","floor":16},{"not_picked":["Heavy Blade","Burning Pact"],"picked":"Armaments","floor":18},{"not_picked":["Clash","Headbutt"],"picked":"Warcry","floor":20},{"not_picked":["Thunderclap","Flame Barrier+1","Corruption"],"picked":"SKIP","floor":22},{"not_picked":["Iron Wave","Shrug It Off"],"picked":"Pommel Strike","floor":24}],"player_experience":148364,"relics_obtained":[{"floor":8,"key":"Juzu Bracelet"},{"floor":9,"key":"Tiny Chest"},{"floor":13,"key":"Boot"},{"floor":26,"key":"Blue Candle"}],"event_choices":[{"event_name":"Living Wall","player_choice":"Forget","floor":4,"damage_taken":0},{"event_name":"Golden Wing","player_choice":"Card Removal","floor":5,"damage_taken":0},{"event_name":"Scrap Ooze","player_choice":"success","floor":11,"damage_taken":18},{"event_name":"Upgrade Shrine","player_choice":"Upgraded","floor":12,"damage_taken":0},{"event_name":"Upgrade Shrine","player_choice":"Upgraded","floor":19,"damage_taken":0},{"event_name":"The Library","player_choice":"Read","floor":21,"damage_taken":0}],"is_beta":false,"boss_relics":[{"not_picked":["Pandora\u0027s Box","Ectoplasm"],"picked":"Black Star"}],"items_purged_floors":[27],"is_endless":false,"potions_floor_spawned":[1,7,14,18,20],"killed_by":"Slavers","ascension_level":1}