{"gold_per_floor":[216,216,236,236,256,256,256,271,271,286,286,301,301,316,316,316],"floor_reached":16,"playtime":807,"items_purged":[],"score":99,"play_id":"6b808fda-a729-4522-8eb5-2cc8be25e3f3","local_time":"20180904094534","is_ascension_mode":true,"campfire_choices":[{"data":"Neutralize","floor":6,"key":"SMITH"},{"data":"Noxious Fumes","floor":11,"key":"SMITH"},{"floor":15,"key":"REST"}],"neow_cost":"NONE","seed_source_timestamp":1348055220301329,"circlet_count":0,"master_deck":["Defend_G+1","Defend_G","Defend_G","Defend_G","Defend_G","Strike_G","Strike_G","Strike_G","Strike_G","Survivor","Neutralize+1","Catalyst","Footwork","Escape Plan+1","Injury","Noxious Fumes+1","Bane+1","Bane+1"],"relics":["Ring of the Snake","Paper Crane","Golden Idol","Molten Egg 2"],"potions_floor_usage":[14],"damage_taken":[{"damage":0,"enemies":"Jaw Worm","floor":1,"turns":5},{"damage":8,"enemies":"Cultist","floor":3,"turns":6},{"damage":0,"enemies":"2 Louse","floor":5,"turns":4},{"damage":0,"enemies":"Blue Slaver","floor":8,"turns":7},{"damage":0,"enemies":"2 Fungi Beasts","floor":10,"turns":5},{"damage":13,"enemies":"Large Slime","floor":12,"turns":8},{"damage":14,"enemies":"Gremlin Gang","floor":14,"turns":5},{"damage":35,"enemies":"Slime Boss","floor":16,"turns":7}],"seed_played":"-6792642106296218773","potions_obtained":[{"floor":3,"key":"Weak Potion"},{"floor":5,"key":"Ancient Potion"},{"floor":10,"key":"Dexterity Potion"}],"is_trial":false,"path_per_floor":["M","?","M","?","M","R","?","M","T","M","R","M","?","M","R"],"character_chosen":"THE_SILENT","items_purchased":[],"campfire_rested":1,"item_purchase_floors":[],"current_hp_per_floor":[70,70,62,50,50,50,50,50,50,50,50,37,23,9,30,0],"gold":316,"neow_bonus":"HUNDRED_GOLD","is_prod":false,"is_daily":false,"chose_seed":false,"campfire_upgraded":2,"win_rate":0,"timestamp":1536021934,"path_taken":["M","?","M","?","?","R","?","M","T","M","R","M","?","M","R","BOSS"],"build_version":"2018-08-30","purchased_purges":0,"victory":false,"max_hp_per_floor":[70,70,70,70,70,70,70,70,70,70,70,70,70,70,70,70],"card_choices":[{"not_picked":["Outmaneuver","Blur"],"picked":"Catalyst","floor":1},{"not_picked":["Quick Slash","Slice"],"picked":"Footwork","floor":3},{"not_picked":["Predator","Caltrops"],"picked":"Escape Plan","floor":5},{"not_picked":["Flying Knee","Dagger Throw"],"picked":"Noxious Fumes","floor":8},{"not_picked":["Quick Slash+1","Dagger Spray+1","Dagger Throw+1"],"picked":"SKIP","floor":10},{"not_picked":["Eviscerate+1","Bouncing Flask"],"picked":"Bane+1","floor":12},{"not_picked":["Prepared","Dagger Spray+1"],"picked":"Bane+1","floor":14}],"player_experience":223802,"relics_obtained":[{"floor":9,"key":"Molten Egg 2"}],"event_choices":[{"event_name":"Bonfire Elementals","player_choice":"BASIC","floor":2,"damage_taken":0},{"event_name":"Scrap Ooze","player_choice":"success","floor":4,"damage_taken":12},{"event_name":"Golden Idol","player_choice":"Take Wound","floor":7,"damage_taken":0},{"event_name":"Shining Light","player_choice":"Entered Light","floor":13,"damage_taken":0}],"is_beta":false,"boss_relics":[],"items_purged_floors":[],"is_endless":false,"potions_floor_spawned":[3,5,10],"killed_by":"Slime Boss","ascension_level":1}