{"gold_per_floor":[111,111,125,137,97,97,108,108,108,125,125,138,138,168,168,168],"floor_reached":16,"playtime":621,"items_purged":[],"score":158,"play_id":"2985572e-3a91-49d9-8ba4-6ff02ce05d72","local_time":"20190514154555","is_ascension_mode":true,"campfire_choices":[{"data":"Well Laid Plans","floor":6,"key":"SMITH"},{"data":"Footwork","floor":8,"key":"SMITH"},{"data":"Backstab","floor":11,"key":"SMITH"},{"floor":13,"key":"REST"},{"data":"Neutralize","floor":15,"key":"SMITH"}],"neow_cost":"NONE","seed_source_timestamp":2493498543335177,"circlet_count":0,"master_deck":["AscendersBane","Defend_G","Defend_G","Defend_G","Defend_G","Defend_G","Strike_G","Strike_G","Strike_G","Strike_G","Strike_G","Survivor","Neutralize+1","Backstab+1","Well Laid Plans+1","Flying Knee","Footwork+1","Escape Plan","Escape Plan","Poisoned Stab","Wraith Form v2"],"relics":["Ring of the Snake","Omamori","Turnip","Pear"],"potions_floor_usage":[],"damage_taken":[{"damage":2,"enemies":"2 Louse","floor":1,"turns":4},{"damage":2,"enemies":"Cultist","floor":3,"turns":4},{"damage":2,"enemies":"Small Slimes","floor":4,"turns":4},{"damage":13,"enemies":"2 Fungi Beasts","floor":7,"turns":4},{"damage":6,"enemies":"3 Louse","floor":10,"turns":4},{"damage":8,"enemies":"Exordium Thugs","floor":12,"turns":5},{"damage":14,"enemies":"3 Sentries","floor":14,"turns":10},{"damage":57,"enemies":"Hexaghost","floor":16,"turns":18}],"seed_played":"4365158731886123424","potions_obtained":[{"floor":4,"key":"Ancient Potion"},{"floor":12,"key":"Ancient Potion"}],"is_trial":false,"path_per_floor":["M","?","M","M","$","R","M","R","T","M","R","M","R","E","R","B"],"character_chosen":"THE_SILENT","items_purchased":["Footwork"],"campfire_rested":1,"item_purchase_floors":[5],"current_hp_per_floor":[61,70,68,66,66,66,53,53,53,47,47,39,60,56,56,0],"gold":168,"neow_bonus":"RANDOM_COMMON_RELIC","is_prod":false,"is_daily":false,"chose_seed":false,"campfire_upgraded":4,"win_rate":0,"timestamp":1557805555,"path_taken":["M","?","?","M","$","R","M","R","T","M","R","M","R","E","R","BOSS"],"build_version":"2019-01-23","purchased_purges":0,"victory":false,"max_hp_per_floor":[70,70,70,70,70,70,70,70,70,70,70,70,70,80,80,80],"card_choices":[{"not_picked":["Slice","Quick Slash"],"picked":"Backstab","floor":1},{"not_picked":["Dagger Throw","All Out Attack"],"picked":"Well Laid Plans","floor":3},{"not_picked":["Prepared","Quick Slash"],"picked":"Flying Knee","floor":4},{"not_picked":["Deflect","Predator"],"picked":"Escape Plan","floor":7},{"not_picked":["Acrobatics","Expertise"],"picked":"Escape Plan","floor":10},{"not_picked":["Expertise","Catalyst"],"picked":"Poisoned Stab","floor":12},{"not_picked":["Expertise","Deadly Poison"],"picked":"Wraith Form v2","floor":14}],"player_experience":245459,"relics_obtained":[{"floor":9,"key":"Turnip"},{"floor":14,"key":"Pear"}],"event_choices":[{"damage_healed":9,"gold_gain":0,"player_choice":"Full Heal","damage_taken":0,"max_hp_gain":0,"max_hp_loss":0,"event_name":"Wheel of Change","floor":2,"gold_loss":0}],"is_beta":false,"boss_relics":[],"items_purged_floors":[],"is_endless":false,"potions_floor_spawned":[4,12],"killed_by":"Hexaghost","ascension_level":11}