{"gold_per_floor":[116,126,401,415,30,57,57,70,70,70,70,101,1,19,19,117,117,134,134,233,249,298,298,309,339,339,339,352,366,61,79,79,178,178,191,209,209],"floor_reached":37,"playtime":2244,"items_purged":["Regret","Defend_G"],"score":461,"play_id":"e7887a52-da55-43d8-a594-9b10d62582ae","local_time":"20190429100808","is_ascension_mode":true,"campfire_choices":[{"floor":7,"key":"REST"},{"floor":10,"key":"REST"},{"floor":15,"key":"REST"},{"floor":23,"key":"RECALL"},{"floor":27,"key":"REST"},{"floor":32,"key":"REST"}],"neow_cost":"NONE","seed_source_timestamp":1175604632855107,"circlet_count":0,"master_deck":["Defend_G+1","Defend_G+1","Defend_G+1","Defend_G+1","Strike_G+1","Strike_G+1","Strike_G+1","Strike_G+1","Survivor","Neutralize+1","Blade Dance","PiercingWail","Heel Hook","Acrobatics","Dagger Spray","Finesse","Backflip","Backflip","PiercingWail","Deadly Poison","Calculated Gamble","Burst","Prepared+1","Escape Plan","Flying Knee","Backflip","Crippling Poison+1","Caltrops","Well Laid Plans+1","Malaise","Leg Sweep","Bouncing Flask+1"],"relics":["Ring of the Snake","Bronze Scales","Du-Vu Doll","Incense Burner","Peace Pipe","Sozu","Blood Vial","Paper Crane","Sundial","Membership Card","Snake Skull","Velvet Choker"],"potions_floor_usage":[12,14,29],"damage_taken":[{"damage":4,"enemies":"Small Slimes","floor":1,"turns":4},{"damage":1,"enemies":"Cultist","floor":2,"turns":5},{"damage":1,"enemies":"2 Louse","floor":4,"turns":3},{"damage":48,"enemies":"Gremlin Nob","floor":6,"turns":6},{"damage":8,"enemies":"Red Slaver","floor":8,"turns":5},{"damage":48,"enemies":"Lagavulin","floor":12,"turns":10},{"damage":0,"enemies":"Exordium Wildlife","floor":14,"turns":5},{"damage":12,"enemies":"The Guardian","floor":16,"turns":11},{"damage":3,"enemies":"Shell Parasite","floor":18,"turns":5},{"damage":8,"enemies":"Spheric Guardian","floor":21,"turns":5},{"damage":0,"enemies":"Centurion and Healer","floor":24,"turns":9},{"damage":47,"enemies":"Gremlin Leader","floor":25,"turns":8},{"damage":11,"enemies":"Snecko","floor":28,"turns":6},{"damage":18,"enemies":"Sentry and Sphere","floor":29,"turns":7},{"damage":6,"enemies":"Chosen and Byrds","floor":31,"turns":6},{"damage":23,"enemies":"Collector","floor":33,"turns":10},{"damage":5,"enemies":"Orb Walker","floor":35,"turns":5},{"damage":16,"enemies":"3 Shapes","floor":36,"turns":7},{"damage":53,"enemies":"Spire Growth","floor":37,"turns":6}],"seed_played":"3843397929018380481","potions_obtained":[{"floor":1,"key":"Energy Potion"},{"floor":2,"key":"AttackPotion"},{"floor":12,"key":"FearPotion"}],"is_trial":false,"path_per_floor":["M","M","?","M","$","E","R","M","T","R","?","E","$","M","R","B",null,"M","?","?","M","T","R","M","E","T","R","M","M","$","M","R","B",null,"M","M","M"],"character_chosen":"THE_SILENT","items_purchased":["Bronze Scales","Dagger Spray","Finesse","Backflip","Membership Card","Caltrops","Snake Skull"],"campfire_rested":5,"item_purchase_floors":[5,5,5,5,30,30,30],"current_hp_per_floor":[66,65,65,64,64,16,37,29,29,50,50,2,2,2,23,11,70,67,67,67,59,59,59,61,16,16,37,28,12,12,8,29,8,70,65,51,0],"gold":209,"neow_bonus":"TRANSFORM_CARD","is_prod":false,"is_daily":false,"chose_seed":false,"campfire_upgraded":0,"win_rate":0,"timestamp":1556489288,"path_taken":["M","M","?","M","?","E","R","M","T","R","?","E","$","?","R","BOSS","M","?","?","?","?","R","?","E","T","R","M","M","$","M","R","BOSS","M","?","?"],"build_version":"2019-01-23","purchased_purges":2,"victory":false,"max_hp_per_floor":[70,70,70,70,70,70,70,70,70,70,70,70,70,70,70,70,70,70,70,70,70,70,70,70,70,70,70,70,70,70,70,70,70,70,70,70,70],"card_choices":[{"not_picked":["Crippling Poison","Deadly Poison"],"picked":"PiercingWail","floor":1},{"not_picked":["Cloak And Dagger","Dagger Throw"],"picked":"Heel Hook","floor":2},{"not_picked":["Tactician","Underhanded Strike"],"picked":"Acrobatics","floor":4},{"not_picked":["Accuracy","Doppelganger"],"picked":"Backflip","floor":6},{"not_picked":["Deflect","Outmaneuver"],"picked":"PiercingWail","floor":8},{"not_picked":["Concentrate","Quick Slash"],"picked":"Deadly Poison","floor":12},{"not_picked":["Blur","Dagger Throw"],"picked":"Calculated Gamble","floor":14},{"not_picked":["Corpse Explosion","Night Terror"],"picked":"Burst","floor":16},{"not_picked":["Eviscerate","Quick Slash+1"],"picked":"Prepared+1","floor":18},{"not_picked":["Underhanded Strike+1","Dagger Throw","Infinite Blades+1"],"picked":"SKIP","floor":21},{"not_picked":["Dagger Spray","Cloak And Dagger"],"picked":"Escape Plan","floor":24},{"not_picked":["Riddle With Holes+1","Dash+1"],"picked":"Flying Knee","floor":25},{"not_picked":["Slice","Dagger Throw+1"],"picked":"Backflip","floor":28},{"not_picked":["Deflect","Prepared"],"picked":"Crippling Poison+1","floor":29},{"not_picked":["Cloak And Dagger+1","Bane+1"],"picked":"Well Laid Plans+1","floor":31},{"not_picked":["Corpse Explosion","Unload"],"picked":"Malaise","floor":33},{"not_picked":["Predator","Bane"],"picked":"Leg Sweep","floor":35},{"not_picked":["Reflex","Crippling Poison"],"picked":"Bouncing Flask+1","floor":36}],"player_experience":121654,"relics_obtained":[{"floor":6,"key":"Du-Vu Doll"},{"floor":9,"key":"Incense Burner"},{"floor":12,"key":"Peace Pipe"},{"floor":22,"key":"Blood Vial"},{"floor":25,"key":"Paper Crane"},{"floor":26,"key":"Sundial"}],"event_choices":[{"damage_healed":0,"gold_gain":275,"player_choice":"Desecrate","damage_taken":0,"max_hp_gain":0,"max_hp_loss":0,"event_name":"Golden Shrine","floor":3,"gold_loss":0,"cards_obtained":["Regret"]},{"damage_healed":0,"gold_gain":0,"player_choice":"Upgraded","damage_taken":0,"max_hp_gain":0,"max_hp_loss":0,"event_name":"Upgrade Shrine","floor":11,"gold_loss":0,"cards_upgraded":["Neutralize"]},{"damage_healed":0,"gold_gain":0,"player_choice":"Simplicity","damage_taken":0,"max_hp_gain":0,"max_hp_loss":0,"event_name":"Back to Basics","floor":19,"gold_loss":0,"cards_upgraded":["Defend_G","Defend_G","Defend_G","Defend_G","Strike_G","Strike_G","Strike_G","Strike_G"]},{"damage_healed":0,"gold_gain":99,"player_choice":"Stole From Cult","damage_taken":0,"max_hp_gain":0,"max_hp_loss":0,"event_name":"Nest","floor":20,"gold_loss":0}],"is_beta":false,"boss_relics":[{"not_picked":["Fusion Hammer","Philosopher\u0027s Stone"],"picked":"Sozu"},{"not_picked":["Runic Dome","Snecko Eye"],"picked":"Velvet Choker"}],"items_purged_floors":[5,13],"is_endless":false,"potions_floor_spawned":[1,2,12,25,28,31,33],"killed_by":"Spire Growth","ascension_level":3}