{"gold_per_floor":[114,289,289,14,37,37,37,57,110,110,130,145,145,169,169,169],"floor_reached":16,"playtime":653,"items_purged":["Shame"],"score":106,"play_id":"7c5b9844-5f5f-411d-963f-75c2452a73fc","local_time":"20180912054022","is_ascension_mode":true,"campfire_choices":[{"data":"Neutralize","floor":7,"key":"SMITH"},{"data":"Survivor","floor":13,"key":"SMITH"},{"data":"Backflip","floor":15,"key":"SMITH"}],"neow_cost":"CURSE","seed_source_timestamp":2024695356761852,"circlet_count":0,"master_deck":["Defend_G","Defend_G","Defend_G+1","Defend_G","Defend_G","Strike_G","Strike_G+1","Strike_G","Strike_G","Strike_G","Survivor+1","Neutralize+1","Deadly Poison","Backflip+1","Dagger Spray","Bane"],"relics":["Ring of the Snake","Shovel","Golden Idol","ClockworkSouvenir","Bag of Marbles"],"potions_floor_usage":[16,16,16],"damage_taken":[{"damage":0,"enemies":"2 Louse","floor":1,"turns":3},{"damage":0,"enemies":"Jaw Worm","floor":5,"turns":5},{"damage":4,"enemies":"Small Slimes","floor":8,"turns":3},{"damage":5,"enemies":"Looter","floor":11,"turns":4},{"damage":0,"enemies":"2 Fungi Beasts","floor":12,"turns":4},{"damage":0,"enemies":"Blue Slaver","floor":14,"turns":3},{"damage":18,"enemies":"Slime Boss","floor":16,"turns":9}],"seed_played":"-8913212037021464091","potions_obtained":[{"floor":5,"key":"Energy Potion"},{"floor":11,"key":"Swift Potion"},{"floor":12,"key":"FearPotion"}],"is_trial":false,"path_per_floor":["M","?","?","$","M","?","R","M","T","?","M","M","R","M","R"],"character_chosen":"THE_SILENT","items_purchased":["ClockworkSouvenir"],"campfire_rested":0,"item_purchase_floors":[4],"current_hp_per_floor":[70,70,53,53,53,39,39,35,35,28,23,23,23,23,23,5],"gold":169,"neow_bonus":"ONE_RARE_RELIC","is_prod":false,"is_daily":false,"chose_seed":false,"campfire_upgraded":3,"win_rate":0,"timestamp":1536698422,"path_taken":["M","?","?","$","M","?","R","?","T","?","M","M","R","M","R","BOSS"],"build_version":"2018-09-06","purchased_purges":1,"victory":false,"max_hp_per_floor":[70,70,70,70,70,70,70,70,70,70,70,70,70,70,70,70],"card_choices":[{"not_picked":["Bouncing Flask","Predator","All Out Attack"],"picked":"SKIP","floor":1},{"not_picked":["Reflex","Prepared","Flying Knee"],"picked":"SKIP","floor":5},{"not_picked":["Quick Slash","Blur"],"picked":"Deadly Poison","floor":8},{"not_picked":["Deflect","PiercingWail"],"picked":"Backflip","floor":11},{"not_picked":["Underhanded Strike","Tactician"],"picked":"Dagger Spray","floor":12},{"not_picked":["Blade Dance","Quick Slash"],"picked":"Bane","floor":14}],"player_experience":250570,"relics_obtained":[{"floor":9,"key":"Bag of Marbles"}],"event_choices":[{"event_name":"Liars Game","player_choice":"agreed","floor":2,"damage_taken":0},{"event_name":"Golden Idol","player_choice":"Take Damage","floor":3,"damage_taken":0},{"event_name":"Shining Light","player_choice":"Entered Light","floor":6,"damage_taken":0},{"event_name":"Golden Wing","player_choice":"Card Removal","floor":10,"damage_taken":0}],"is_beta":false,"boss_relics":[],"items_purged_floors":[4],"is_endless":false,"potions_floor_spawned":[5,11,12],"killed_by":"Slime Boss","ascension_level":3}