{"gold_per_floor":[115,77,97,172,172,172,102,102,153,184,184,198,213,230,230,333,333,348,360,360,392,392],"floor_reached":22,"playtime":467,"items_purged":[],"score":209,"play_id":"b228e633-c341-462b-aba9-dd4f55a173d4","local_time":"20190517225302","is_ascension_mode":false,"campfire_choices":[{"data":"Static Discharge","floor":6,"key":"SMITH"},{"data":"Loop","floor":8,"key":"SMITH"},{"data":"Zap","floor":11,"key":"SMITH"},{"data":"Static Discharge","floor":15,"key":"SMITH"}],"neow_cost":"NONE","seed_source_timestamp":2778481970202166,"circlet_count":0,"master_deck":["Strike_B","Strike_B","Strike_B","Defend_B","Defend_B","Defend_B","Defend_B","Zap+1","Dualcast","Compile Driver","Static Discharge+1","Loop+1","Leap","Cold Snap","Static Discharge+1","Melter","Echo Form","Reinforced Body","Coolheaded+1","Hologram"],"relics":["Cracked Core","NeowsBlessing","Pen Nib","Sundial","Philosopher\u0027s Stone","Red Mask"],"potions_floor_usage":[21,21,22],"damage_taken":[{"damage":0,"enemies":"Cultist","floor":1,"turns":1},{"damage":0,"enemies":"Small Slimes","floor":3,"turns":1},{"damage":0,"enemies":"Lagavulin","floor":10,"turns":1},{"damage":0,"enemies":"2 Louse","floor":12,"turns":2},{"damage":9,"enemies":"Large Slime","floor":13,"turns":5},{"damage":6,"enemies":"Looter","floor":14,"turns":2},{"damage":20,"enemies":"Slime Boss","floor":16,"turns":6},{"damage":17,"enemies":"Spheric Guardian","floor":18,"turns":4},{"damage":17,"enemies":"Chosen","floor":19,"turns":5},{"damage":24,"enemies":"Masked Bandits","floor":21,"turns":3},{"damage":20,"enemies":"3 Cultists","floor":22,"turns":4}],"seed_played":"7556726251776944642","potions_obtained":[{"floor":1,"key":"EssenceOfSteel"},{"floor":10,"key":"Dexterity Potion"},{"floor":13,"key":"Poison Potion"}],"is_trial":false,"path_per_floor":["M","$","M","?","?","R","$","R","T","E","R","M","M","M","R","B",null,"M","M","?","?","M"],"character_chosen":"DEFECT","items_purchased":["Static Discharge","Loop"],"campfire_rested":0,"item_purchase_floors":[2,7],"current_hp_per_floor":[75,75,75,64,57,57,57,57,57,57,57,57,48,42,42,22,75,58,41,41,17,0],"gold":392,"neow_bonus":"THREE_ENEMY_KILL","is_prod":false,"is_daily":false,"chose_seed":false,"campfire_upgraded":4,"win_rate":0,"timestamp":1558090382,"path_taken":["M","$","?","?","?","R","$","R","T","E","R","M","M","M","R","BOSS","M","M","?","?","M"],"build_version":"2019-01-23","purchased_purges":0,"victory":false,"max_hp_per_floor":[75,75,75,75,75,75,75,75,75,75,75,75,75,75,75,75,75,75,75,75,75,75],"card_choices":[{"not_picked":["Recycle","Aggregate"],"picked":"Compile Driver","floor":1},{"not_picked":["Steam","Rip and Tear","Recycle"],"picked":"SKIP","floor":3},{"not_picked":["Genetic Algorithm","Tempest"],"picked":"Leap","floor":10},{"not_picked":["Coolheaded","Redo"],"picked":"Cold Snap","floor":12},{"not_picked":["Buffer","Melter"],"picked":"Static Discharge","floor":13},{"not_picked":["Genetic Algorithm","Scrape"],"picked":"Melter","floor":14},{"not_picked":["All For One","Biased Cognition"],"picked":"Echo Form","floor":16},{"not_picked":["Stack+1","Sweeping Beam"],"picked":"Reinforced Body","floor":18},{"not_picked":["Ball Lightning","Rip and Tear"],"picked":"Coolheaded+1","floor":19},{"not_picked":["Genetic Algorithm","Gash+1"],"picked":"Hologram","floor":21}],"player_experience":291274,"relics_obtained":[{"floor":9,"key":"Pen Nib"},{"floor":10,"key":"Sundial"},{"floor":21,"key":"Red Mask"}],"event_choices":[{"damage_healed":0,"gold_gain":75,"player_choice":"Gather Gold","damage_taken":11,"max_hp_gain":0,"max_hp_loss":0,"event_name":"World of Goop","floor":4,"gold_loss":0},{"cards_removed":["Strike_B"],"damage_healed":0,"gold_gain":0,"player_choice":"Card Removal","damage_taken":7,"max_hp_gain":0,"max_hp_loss":0,"event_name":"Golden Wing","floor":5,"gold_loss":0},{"damage_healed":0,"gold_gain":0,"player_choice":"Ignored","damage_taken":0,"max_hp_gain":0,"max_hp_loss":0,"event_name":"Ghosts","floor":20,"gold_loss":0},{"damage_healed":0,"gold_gain":0,"player_choice":"Fought Bandits","damage_taken":0,"max_hp_gain":0,"max_hp_loss":0,"event_name":"Masked Bandits","floor":21,"gold_loss":0}],"is_beta":false,"boss_relics":[{"not_picked":["Astrolabe","Fusion Hammer"],"picked":"Philosopher\u0027s Stone"}],"items_purged_floors":[],"is_endless":false,"potions_floor_spawned":[1,10,13],"killed_by":"3 Cultists","ascension_level":0}