{"gold_per_floor":[115,190,201,214,2,2,33,33,103,130,130,154,154,167,167,288,288,312,312,326,326],"floor_reached":21,"playtime":777,"items_purged":[],"score":293,"play_id":"823abf5f-5ab4-4500-b34a-81d1d0fb8e99","local_time":"20190514144744","is_ascension_mode":true,"campfire_choices":[{"data":"Footwork","floor":6,"key":"SMITH"},{"floor":8,"key":"REST"},{"floor":15,"key":"REST"}],"neow_cost":"NONE","seed_source_timestamp":2489850519618582,"circlet_count":0,"master_deck":["AscendersBane","Defend_G","Defend_G","Defend_G","Defend_G","Defend_G","Strike_G","Strike_G","Strike_G","Strike_G","Strike_G","Survivor","Neutralize","Dagger Spray","Deadly Poison","Backflip","Footwork+1","Dodge and Roll","Finesse","Adrenaline","Noxious Fumes","Dodge and Roll","Catalyst","After Image","Bouncing Flask","Leg Sweep"],"relics":["Ring of the Serpent","NeowsBlessing","Bag of Marbles","Anchor","Golden Idol","Girya"],"potions_floor_usage":[7,21],"damage_taken":[{"damage":0,"enemies":"Small Slimes","floor":1,"turns":1},{"damage":0,"enemies":"2 Louse","floor":3,"turns":1},{"damage":0,"enemies":"Jaw Worm","floor":4,"turns":1},{"damage":24,"enemies":"Lagavulin","floor":7,"turns":11},{"damage":10,"enemies":"3 Sentries","floor":10,"turns":11},{"damage":0,"enemies":"Blue Slaver","floor":12,"turns":4},{"damage":0,"enemies":"Red Slaver","floor":14,"turns":5},{"damage":10,"enemies":"The Guardian","floor":16,"turns":10},{"damage":13,"enemies":"Spheric Guardian","floor":18,"turns":8},{"damage":16,"enemies":"2 Thieves","floor":20,"turns":5},{"damage":60,"enemies":"Masked Bandits","floor":21,"turns":7}],"seed_played":"-6567679836082333632","potions_obtained":[{"floor":1,"key":"GamblersBrew"},{"floor":3,"key":"Explosive Potion"},{"floor":12,"key":"Weak Potion"}],"is_trial":false,"path_per_floor":["M","?","M","M","$","R","E","R","T","E","?","M","?","M","R","B",null,"M","?","M","?"],"character_chosen":"THE_SILENT","items_purchased":["Footwork","Dodge and Roll","Finesse"],"campfire_rested":2,"item_purchase_floors":[5,5,5],"current_hp_per_floor":[63,52,52,52,52,52,28,49,49,39,22,22,19,19,40,30,60,47,70,54,0],"gold":326,"neow_bonus":"THREE_ENEMY_KILL","is_prod":false,"is_daily":false,"chose_seed":false,"campfire_upgraded":1,"win_rate":0,"timestamp":1557802064,"path_taken":["M","?","M","M","$","R","E","R","T","E","?","M","?","M","R","BOSS","M","?","M","?"],"build_version":"2019-01-23","purchased_purges":0,"victory":false,"max_hp_per_floor":[70,70,70,70,70,70,70,70,70,70,70,70,70,70,70,70,70,70,70,70,70],"card_choices":[{"not_picked":["Leg Sweep","Prepared"],"picked":"Dagger Spray","floor":1},{"not_picked":["Reflex","Skewer"],"picked":"Deadly Poison","floor":3},{"not_picked":["Masterful Stab","Underhanded Strike"],"picked":"Backflip","floor":4},{"not_picked":["Backflip","Skewer"],"picked":"Adrenaline","floor":7},{"not_picked":["Flying Knee","Outmaneuver"],"picked":"Noxious Fumes","floor":10},{"not_picked":["Eviscerate","Blade Dance"],"picked":"Dodge and Roll","floor":12},{"not_picked":["Outmaneuver","Poisoned Stab"],"picked":"Catalyst","floor":14},{"not_picked":["Grand Finale","Bullet Time"],"picked":"After Image","floor":16},{"not_picked":["Flying Knee","Outmaneuver"],"picked":"Bouncing Flask","floor":18},{"not_picked":["Riddle With Holes","Skewer"],"picked":"Leg Sweep","floor":20}],"player_experience":242183,"relics_obtained":[{"floor":7,"key":"Bag of Marbles"},{"floor":10,"key":"Anchor"}],"event_choices":[{"damage_healed":0,"gold_gain":75,"player_choice":"Gather Gold","damage_taken":11,"max_hp_gain":0,"max_hp_loss":0,"event_name":"World of Goop","floor":2,"gold_loss":0},{"damage_healed":0,"gold_gain":0,"player_choice":"Take Damage","damage_taken":17,"relics_obtained":["Golden Idol"],"max_hp_gain":0,"max_hp_loss":0,"event_name":"Golden Idol","floor":11,"gold_loss":0},{"damage_healed":0,"gold_gain":0,"player_choice":"Success","damage_taken":3,"relics_obtained":["Girya"],"max_hp_gain":0,"max_hp_loss":0,"event_name":"Scrap Ooze","floor":13,"gold_loss":0},{"damage_healed":23,"gold_gain":0,"player_choice":"Heal","damage_taken":0,"max_hp_gain":0,"max_hp_loss":0,"event_name":"The Library","floor":19,"gold_loss":0},{"damage_healed":0,"gold_gain":0,"player_choice":"Fought Bandits","damage_taken":0,"max_hp_gain":0,"max_hp_loss":0,"event_name":"Masked Bandits","floor":21,"gold_loss":0}],"is_beta":false,"boss_relics":[{"not_picked":["Runic Pyramid","Runic Dome"],"picked":"Ring of the Serpent"}],"items_purged_floors":[],"is_endless":false,"potions_floor_spawned":[1,3,12],"killed_by":"Masked Bandits","ascension_level":11}