{"gold_per_floor":[213,62,82,82,32,32,93,93,93,123,51,76,92,105,105,210,210,224,224,10,20,20,32,57,88,123,163,186,198,226,258,270,381,393,422,445,457,3,3,36,36,62,62,62,85,20,20,20,20,20],"floor_reached":51,"playtime":5536,"items_purged":["Strike_R"],"score":891,"play_id":"f2c01963-84a2-44b7-8ffd-3378aa65eb40","local_time":"20190516192246","is_ascension_mode":true,"campfire_choices":[{"data":"True Grit","floor":6.0,"key":"SMITH"},{"data":"Inflame","floor":8.0,"key":"SMITH"},{"data":"Twin Strike","floor":15.0,"key":"SMITH"},{"data":"Armaments","floor":23,"key":"SMITH"},{"floor":29,"key":"REST"},{"data":"Disarm","floor":32,"key":"SMITH"},{"floor":41,"key":"REST"},{"floor":44,"key":"REST"},{"data":"Limit Break","floor":47,"key":"SMITH"},{"floor":49,"key":"REST"}],"neow_cost":"NONE","seed_source_timestamp":63965925409528,"circlet_count":0,"master_deck":["Strike_R+1","Strike_R+1","Defend_R+1","Defend_R+1","Defend_R+1","Defend_R+1","Bash+1","Battle Trance+1","Inflame+1","Headbutt+1","True Grit+1","Twin Strike+1","Dark Embrace+1","Shrug It Off+1","Shrug It Off+1","Twin Strike+1","Disarm+1","Offering+1","Armaments+1","Spot Weakness+1","Corruption+1","Immolate+1","Feel No Pain+1","Intimidate+1","Shockwave+1","Ghostly Armor+1","Reaper+1","Shrug It Off+1","Battle Trance+1","Inflame+1","Shrug It Off+1","Double Tap+1","Inflame+1","Headbutt+1","Limit Break+1"],"special_seed":0,"relics":["Burning Blood","Tiny Chest","Bottled Lightning","Whetstone","Orichalcum","Mark of Pain","MawBank","Regal Pillow","Mercury Hourglass","Lizard Tail","Anchor","Bottled Tornado","The Courier","Kunai","Meat on the Bone","Bag of Marbles","Mark of the Bloom"],"potions_floor_usage":[25,27,31,33,40],"damage_taken":[{"damage":5.0,"enemies":"Small Slimes","floor":1.0,"turns":3.0},{"damage":2.0,"enemies":"Jaw Worm","floor":3.0,"turns":4.0},{"damage":24.0,"enemies":"Gremlin Nob","floor":7.0,"turns":4.0},{"damage":34.0,"enemies":"3 Sentries","floor":10.0,"turns":11.0},{"damage":0.0,"enemies":"2 Louse","floor":13.0,"turns":2.0},{"damage":9.0,"enemies":"Exordium Thugs","floor":14.0,"turns":7.0},{"damage":0.0,"enemies":"Slime Boss","floor":16.0,"turns":7.0},{"damage":9.0,"enemies":"Chosen","floor":18.0,"turns":3.0},{"damage":17,"enemies":"Spheric Guardian","floor":21,"turns":4},{"damage":18,"enemies":"Centurion and Healer","floor":24,"turns":5},{"damage":10,"enemies":"Cultist and Chosen","floor":25,"turns":5},{"damage":27,"enemies":"Book of Stabbing","floor":27,"turns":5},{"damage":21,"enemies":"Snake Plant","floor":28,"turns":4},{"damage":6,"enemies":"3 Cultists","floor":30,"turns":5},{"damage":13,"enemies":"Snecko","floor":31,"turns":3},{"damage":29,"enemies":"Champ","floor":33,"turns":13},{"damage":26,"enemies":"3 Darklings","floor":35,"turns":5},{"damage":0,"enemies":"3 Shapes","floor":36,"turns":6},{"damage":44,"enemies":"Giant Head","floor":40,"turns":9},{"damage":96,"enemies":"Reptomancer","floor":42,"turns":6},{"damage":13,"enemies":"Donu and Deca","floor":50,"turns":6}],"seed_played":"7171000343719175309","potions_obtained":[{"floor":3.0,"key":"Regen Potion"},{"floor":7.0,"key":"Weak Potion"},{"floor":14.0,"key":"Strength Potion"},{"floor":16.0,"key":"Weak Potion"},{"floor":24,"key":"AttackPotion"},{"floor":25,"key":"AttackPotion"},{"floor":28,"key":"AttackPotion"},{"floor":30,"key":"SpeedPotion"},{"floor":36,"key":"Weak Potion"}],"is_trial":false,"path_per_floor":["M","$","M","?","?","R","E","R","T","E","$","T","M","M","R","B",null,"M","?","$","M","?","R","M","M","T","E","M","R","M","M","R","B",null,"M","M","?","$","T","E","R","E","T","R","T","$","R","?","R","B",null],"character_chosen":"IRONCLAD","items_purchased":["Inflame","Headbutt","True Grit","Shrug It Off","Twin Strike","Corruption","Immolate","Anchor","Inflame","Shrug It Off","Double Tap","Limit Break"],"campfire_rested":4,"item_purchase_floors":[2,2,2,11,11,20,20,38,38,38,38,46],"current_hp_per_floor":[80,80,80,73,73,73,55,55,55,42,42,42,48,45,45,51,80,77,77,77,66,66,66,54,50,50,29,14,53,53,46,46,23,80,80,80,76,76,76,57,76,31,31,68,68,68,68,68,68,55],"gold":20,"neow_bonus":"HUNDRED_GOLD","is_prod":false,"is_daily":false,"chose_seed":false,"campfire_upgraded":6,"win_rate":0,"timestamp":1558048966,"path_taken":["M","$","M","?","?","R","E","R","T","E","$","?","M","M","R","BOSS","M","?","$","M","?","R","?","M","T","E","M","R","M","M","R","BOSS","M","M","?","$","?","E","R","E","T","R","?","?","R","?","R","BOSS"],"build_version":"2019-01-23","purchased_purges":1,"victory":true,"max_hp_per_floor":[80,80,80,80,80,80,80,80,80,80,80,80,80,80,80,80,80,80,80,80,80,80,80,80,80,80,80,80,80,80,80,80,80,80,80,80,76,76,76,76,76,76,76,76,76,76,76,76,76,76],"card_choices":[{"not_picked":["Thunderclap","Clothesline"],"picked":"Battle Trance","floor":1.0},{"not_picked":["Fire Breathing","Flex"],"picked":"Twin Strike","floor":3.0},{"not_picked":["Second Wind","Warcry"],"picked":"Dark Embrace","floor":7.0},{"not_picked":["True Grit","Cleave"],"picked":"Shrug It Off","floor":10.0},{"not_picked":["Twin Strike","Iron Wave","Clash"],"picked":"SKIP","floor":13.0},{"not_picked":["Infernal Blade","Power Through"],"picked":"Disarm","floor":14.0},{"not_picked":["Double Tap","Brutality"],"picked":"Offering","floor":16.0},{"not_picked":["Pommel Strike+1","Clash"],"picked":"Armaments","floor":18.0},{"not_picked":["Twin Strike+1","Pummel+1"],"picked":"Feel No Pain+1","floor":21},{"not_picked":["Uppercut","Bloodletting"],"picked":"Intimidate+1","floor":24},{"not_picked":["Reckless Charge","Clash","Rupture"],"picked":"SKIP","floor":25},{"not_picked":["Rage+1","Corruption+1"],"picked":"Shockwave","floor":27},{"not_picked":["Anger","Body Slam","Clash"],"picked":"SKIP","floor":28},{"not_picked":["Combust","Headbutt+1","Cleave"],"picked":"SKIP","floor":30},{"not_picked":["Body Slam","True Grit"],"picked":"Ghostly Armor+1","floor":31},{"not_picked":["Barricade","Dark Embrace"],"picked":"Reaper","floor":33},{"not_picked":["Clash","Thunderclap+1"],"picked":"Shrug It Off","floor":35},{"not_picked":["Twin Strike+1","Wild Strike"],"picked":"Battle Trance","floor":36},{"not_picked":["Fiend Fire","Anger+1"],"picked":"Inflame","floor":40},{"not_picked":["True Grit","Armaments"],"picked":"Headbutt","floor":42}],"player_experience":304851,"relics_obtained":[{"floor":7.0,"key":"Tiny Chest"},{"floor":9.0,"key":"Bottled Lightning"},{"floor":10.0,"key":"Whetstone"},{"floor":12.0,"key":"Orichalcum"},{"floor":26,"key":"Regal Pillow"},{"floor":27,"key":"Mercury Hourglass"},{"floor":39,"key":"Bottled Tornado"},{"floor":40,"key":"The Courier"},{"floor":42,"key":"Kunai"},{"floor":43,"key":"Meat on the Bone"},{"floor":45,"key":"Bag of Marbles"}],"event_choices":[{"cards_removed":["Strike_R"],"damage_healed":0.0,"max_hp_gain":0.0,"max_hp_loss":0.0,"gold_gain":0.0,"event_name":"Golden Wing","player_choice":"Card Removal","floor":4.0,"gold_loss":0.0,"damage_taken":7.0},{"cards_removed":["Strike_R"],"damage_healed":0.0,"max_hp_gain":0.0,"max_hp_loss":0.0,"gold_gain":0.0,"event_name":"The Cleric","player_choice":"Card Removal","floor":5.0,"gold_loss":50.0,"damage_taken":0.0},{"damage_healed":0.0,"max_hp_gain":0.0,"max_hp_loss":0.0,"gold_gain":0.0,"event_name":"The Library","player_choice":"Read","floor":19.0,"gold_loss":0.0,"damage_taken":0.0,"cards_obtained":["Spot Weakness"]},{"damage_healed":0,"gold_gain":0,"player_choice":"Gave Potion","damage_taken":0,"relics_obtained":["MawBank"],"max_hp_gain":0,"max_hp_loss":0,"event_name":"WeMeetAgain","floor":22,"gold_loss":0},{"damage_healed":0,"gold_gain":0,"player_choice":"Max HP","damage_taken":0,"max_hp_gain":0,"max_hp_loss":4,"event_name":"Winding Halls","floor":37,"gold_loss":0},{"damage_healed":0,"gold_gain":0,"player_choice":"Upgrade","damage_taken":0,"relics_obtained":["Mark of the Bloom"],"max_hp_gain":0,"max_hp_loss":0,"event_name":"MindBloom","floor":48,"gold_loss":0,"cards_upgraded":["Strike_R","Defend_R","Defend_R","Defend_R","Defend_R","Bash","Battle Trance","Headbutt","Dark Embrace","Shrug It Off","Shrug It Off","Offering","Spot Weakness","Corruption","Immolate","Shockwave","Reaper","Shrug It Off","Battle Trance","Inflame","Shrug It Off","Double Tap","Inflame","Headbutt"]}],"is_beta":false,"boss_relics":[{"not_picked":["Eternal Feather","Black Star"],"picked":"Mark of Pain"},{"not_picked":["Tiny House","Black Blood"],"picked":"Lizard Tail"}],"items_purged_floors":[38],"is_endless":false,"potions_floor_spawned":[3,7,14,16,24,25,28,30,36],"ascension_level":3}