{"gold_per_floor":[17,92,107,107,382,408,408,425,451,466,466,478,509,524,524,622,622,634,648,535,553,553,553,102,434,434,359,359,359,379,396,396,396],"floor_reached":33,"playtime":1584,"items_purged":["Regret","Strike_B"],"score":372,"play_id":"bf28ca7a-9381-4860-8e61-9a8bb8b7321d","local_time":"20180902235604","is_ascension_mode":true,"campfire_choices":[{"floor":7,"key":"REST"},{"data":"Dualcast","floor":11,"key":"SMITH"},{"floor":15,"key":"REST"},{"data":"Seek","floor":23,"key":"SMITH"},{"floor":28,"key":"REST"},{"floor":32,"key":"REST"}],"neow_cost":"NO_GOLD","seed_source_timestamp":1225508391864881,"circlet_count":0,"master_deck":["Strike_B","Strike_B","Defend_B","Defend_B","Defend_B","Defend_B","Zap+1","Dualcast+1","Cold Snap","Conserve Battery","Undo","Ball Lightning","Conserve Battery","Seek+1","Ball Lightning","Loop","Auto Shields","Echo Form","Go for the Eyes","Cold Snap+1"],"relics":["Cracked Core","Bird Faced Urn","Ancient Tea Set","Bronze Scales","Vajra","Sozu","Membership Card","Old Coin","Blue Candle","Shuriken"],"potions_floor_usage":[6,13,14],"damage_taken":[{"damage":3,"enemies":"Small Slimes","floor":1,"turns":3},{"damage":2,"enemies":"Jaw Worm","floor":3,"turns":4},{"damage":42,"enemies":"Gremlin Nob","floor":6,"turns":4},{"damage":0,"enemies":"2 Louse","floor":8,"turns":2},{"damage":7,"enemies":"Exordium Wildlife","floor":10,"turns":4},{"damage":8,"enemies":"Large Slime","floor":12,"turns":4},{"damage":0,"enemies":"3 Sentries","floor":13,"turns":2},{"damage":3,"enemies":"Lots of Slimes","floor":14,"turns":3},{"damage":23,"enemies":"The Guardian","floor":16,"turns":11},{"damage":12,"enemies":"Spheric Guardian","floor":18,"turns":3},{"damage":6,"enemies":"3 Byrds","floor":19,"turns":2},{"damage":19,"enemies":"Centurion and Healer","floor":21,"turns":8},{"damage":20,"enemies":"Book of Stabbing","floor":25,"turns":5},{"damage":27,"enemies":"Cultist and Chosen","floor":30,"turns":7},{"damage":0,"enemies":"Snecko","floor":31,"turns":5},{"damage":61,"enemies":"Automaton","floor":33,"turns":10}],"seed_played":"-6757669182228769704","potions_obtained":[{"floor":3,"key":"PowerPotion"},{"floor":10,"key":"PowerPotion"},{"floor":13,"key":"Block Potion"}],"is_trial":false,"path_per_floor":["M","?","M","?","?","E","R","M","T","M","R","M","E","M","R","B",null,"M","M","$","M","?","R","$","E","T","?","R","T","M","M","R"],"character_chosen":"DEFECT","items_purchased":["Loop","Echo Form","Membership Card"],"campfire_rested":4,"item_purchase_floors":[20,24,24],"current_hp_per_floor":[72,61,59,59,59,19,41,41,41,34,34,26,28,25,47,24,75,63,57,57,40,40,40,40,22,22,22,44,44,21,23,45,0],"gold":396,"neow_bonus":"ONE_RARE_RELIC","is_prod":false,"is_daily":false,"chose_seed":false,"campfire_upgraded":2,"win_rate":0,"timestamp":1535900164,"path_taken":["M","?","M","?","?","E","R","M","T","?","R","M","E","M","R","BOSS","M","M","$","M","?","R","$","E","T","?","R","?","M","M","R","BOSS"],"build_version":"2018-08-30","purchased_purges":2,"victory":false,"max_hp_per_floor":[75,75,75,75,75,75,75,75,75,75,75,75,75,75,75,75,75,75,75,75,75,75,75,75,75,75,75,75,75,75,75,75,75],"card_choices":[{"not_picked":["Recycle","Heatsinks"],"picked":"Cold Snap","floor":1},{"not_picked":["Doom and Gloom","Sweeping Beam","Stack"],"picked":"SKIP","floor":3},{"not_picked":["Compile Driver","Coolheaded"],"picked":"Conserve Battery","floor":6},{"not_picked":["Tempest","Gash"],"picked":"Undo","floor":8},{"not_picked":["Leap","Coolheaded"],"picked":"Ball Lightning","floor":10},{"not_picked":["Recycle","Streamline"],"picked":"Conserve Battery","floor":12},{"not_picked":["Reprogram","Darkness","Fusion"],"picked":"SKIP","floor":13},{"not_picked":["FTL","Heatsinks","Doom and Gloom"],"picked":"SKIP","floor":14},{"not_picked":["Amplify","Core Surge"],"picked":"Seek","floor":16},{"not_picked":["Fusion","Coolheaded","Melter"],"picked":"SKIP","floor":18},{"not_picked":["White Noise","Turbo+1"],"picked":"Ball Lightning","floor":19},{"not_picked":["Consume+1","Gash"],"picked":"Auto Shields","floor":21},{"not_picked":["Loop","Sunder"],"picked":"Go for the Eyes","floor":25},{"not_picked":["Doom and Gloom","Turbo"],"picked":"Cold Snap+1","floor":30},{"not_picked":["Go for the Eyes","Undo","Hologram"],"picked":"SKIP","floor":31}],"player_experience":202068,"relics_obtained":[{"floor":6,"key":"Ancient Tea Set"},{"floor":9,"key":"Bronze Scales"},{"floor":13,"key":"Vajra"},{"floor":25,"key":"Old Coin"},{"floor":26,"key":"Blue Candle"},{"floor":29,"key":"Shuriken"}],"event_choices":[{"event_name":"World of Goop","player_choice":"Gather Gold","floor":2,"damage_taken":0},{"event_name":"Living Wall","player_choice":"Grow","floor":4,"damage_taken":0},{"event_name":"Golden Shrine","player_choice":"Desecrate","floor":5,"damage_taken":0},{"event_name":"Ghosts","player_choice":"Ignored","floor":22,"damage_taken":0},{"event_name":"Beggar","player_choice":"Gave Gold","floor":27,"damage_taken":0}],"is_beta":false,"boss_relics":[{"not_picked":["Velvet Choker","Lizard Tail"],"picked":"Sozu"}],"items_purged_floors":[20,24],"is_endless":false,"potions_floor_spawned":[3,10,13,25,30,31],"killed_by":"Automaton","ascension_level":3}