{"gold_per_floor":[111,111,42,56,68,94,94,169,169,169,199,199,218,229,229,331,331,343,46,69,79,39,39,51,78,114,126,156,168,199,226,238,351,363,388,417,429,457,469,481],"floor_reached":40,"playtime":2593,"items_purged":[],"score":460,"play_id":"df31b572-97b4-49f4-90fc-873c66d7af20","local_time":"20180902215912","is_ascension_mode":true,"campfire_choices":[{"data":"Chill","floor":7,"key":"SMITH"},{"data":"Fusion","floor":12,"key":"SMITH"},{"data":"Glacier","floor":15,"key":"SMITH"},{"data":"Echo Form","floor":23,"key":"SMITH"},{"floor":27,"key":"REST"},{"data":"Capacitor","floor":29,"key":"SMITH"},{"floor":32,"key":"REST"}],"neow_cost":"NONE","seed_source_timestamp":1217487442524483,"circlet_count":0,"master_deck":["Strike_B+1","Strike_B","Strike_B","Defend_B","Defend_B","Defend_B","Zap+1","Dualcast","Cold Snap+1","Fusion+1","Glacier+1","Stack","Ball Lightning","Chill+1","Ball Lightning","Echo Form+1","Auto Shields","Capacitor+1","Conserve Battery","Undo","Redo+1","Loop+1","Steam Power","Madness","Madness"],"relics":["Cracked Core","Dodecahedron","Bronze Scales","DataDisk","Nuclear Battery","Calipers","Whetstone","MawBank","Happy Flower","Cursed Key"],"potions_floor_usage":[6,13,16,16,24,33,40],"damage_taken":[{"damage":1,"enemies":"2 Louse","floor":1,"turns":2},{"damage":0,"enemies":"Cultist","floor":4,"turns":3},{"damage":7,"enemies":"Jaw Worm","floor":5,"turns":4},{"damage":7,"enemies":"3 Sentries","floor":6,"turns":8},{"damage":11,"enemies":"Gremlin Nob","floor":11,"turns":4},{"damage":0,"enemies":"2 Fungi Beasts","floor":13,"turns":3},{"damage":0,"enemies":"Looter","floor":14,"turns":4},{"damage":4,"enemies":"Slime Boss","floor":16,"turns":6},{"damage":3,"enemies":"Shell Parasite","floor":18,"turns":5},{"damage":0,"enemies":"Chosen","floor":21,"turns":4},{"damage":24,"enemies":"3 Cultists","floor":24,"turns":5},{"damage":22,"enemies":"Slavers","floor":25,"turns":7},{"damage":0,"enemies":"Cultist and Chosen","floor":28,"turns":6},{"damage":15,"enemies":"Snake Plant","floor":30,"turns":3},{"damage":0,"enemies":"Centurion and Healer","floor":31,"turns":8},{"damage":1,"enemies":"Automaton","floor":33,"turns":12},{"damage":17,"enemies":"3 Darklings","floor":35,"turns":8},{"damage":0,"enemies":"3 Shapes","floor":36,"turns":7},{"damage":19,"enemies":"Sphere and 2 Shapes","floor":38,"turns":6},{"damage":49,"enemies":"2 Orb Walkers","floor":40,"turns":4}],"seed_played":"7374935839595667690","potions_obtained":[{"floor":1,"key":"Regen Potion"},{"floor":4,"key":"LiquidBronze"},{"floor":6,"key":"FocusPotion"},{"floor":11,"key":"Poison Potion"},{"floor":14,"key":"EssenceOfSteel"},{"floor":18,"key":"GamblersBrew"},{"floor":21,"key":"SteroidPotion"},{"floor":28,"key":"FairyPotion"},{"floor":38,"key":"EssenceOfSteel"}],"is_trial":false,"path_per_floor":["M","?","$","M","M","E","R","?","T","?","E","R","M","M","R","B",null,"M","$","T","M","$","R","M","E","T","R","M","R","M","M","R","B",null,"M","M","?","M","?"],"character_chosen":"DEFECT","items_purchased":["Glacier","Calipers","Capacitor"],"campfire_rested":2,"item_purchase_floors":[3,19,22],"current_hp_per_floor":[74,74,74,74,67,69,69,58,58,58,47,47,47,47,47,43,75,72,72,72,72,72,72,48,26,26,48,48,48,33,33,55,54,75,58,58,58,39,30,0],"gold":481,"neow_bonus":"UPGRADE_CARD","is_prod":false,"is_daily":false,"chose_seed":false,"campfire_upgraded":5,"win_rate":0,"timestamp":1535893152,"path_taken":["M","?","$","M","?","E","R","?","T","?","E","R","?","M","R","BOSS","M","$","?","M","$","R","M","E","T","R","?","R","M","M","R","BOSS","M","M","?","M","?","E"],"build_version":"2018-08-30","purchased_purges":0,"victory":false,"max_hp_per_floor":[75,75,75,75,75,75,75,75,75,75,75,75,75,75,75,75,75,75,75,75,75,75,75,75,75,75,75,75,75,75,75,75,75,75,75,75,75,75,75,75],"card_choices":[{"not_picked":["Melter","Blizzard"],"picked":"Cold Snap","floor":1},{"not_picked":["Lockon","Turbo"],"picked":"Stack","floor":4},{"not_picked":["Reinforced Body","Glacier"],"picked":"Ball Lightning","floor":5},{"not_picked":["Leap","Blizzard"],"picked":"Chill","floor":6},{"not_picked":["Stack","Coolheaded","Turbo"],"picked":"SKIP","floor":11},{"not_picked":["Compile Driver","Coolheaded"],"picked":"Ball Lightning","floor":13},{"not_picked":["Sweeping Beam","Coolheaded"],"picked":"Conserve Battery","floor":14},{"not_picked":["All For One","Multi-Cast"],"picked":"Echo Form","floor":16},{"not_picked":["Melter","Beam Cell","Reinforced Body"],"picked":"SKIP","floor":18},{"not_picked":["FTL","Doom and Gloom"],"picked":"Auto Shields","floor":21},{"not_picked":["Stack","Steam+1"],"picked":"Conserve Battery","floor":24},{"not_picked":["FTL","Multi-Cast","Cold Snap"],"picked":"SKIP","floor":25},{"not_picked":["Steam","Streamline"],"picked":"Undo","floor":28},{"not_picked":["Beam Cell","Turbo"],"picked":"Redo+1","floor":30},{"not_picked":["Turbo","Tempest+1","Barrage"],"picked":"SKIP","floor":31},{"not_picked":["Consume","Undo+1"],"picked":"Loop+1","floor":35},{"not_picked":["Hologram+1","Rebound+1"],"picked":"Steam Power","floor":36},{"not_picked":["Loop","Storm+1","Barrage"],"picked":"SKIP","floor":38}],"player_experience":194521,"relics_obtained":[{"floor":6,"key":"Dodecahedron"},{"floor":9,"key":"Bronze Scales"},{"floor":11,"key":"DataDisk"},{"floor":20,"key":"Whetstone"},{"floor":25,"key":"MawBank"},{"floor":26,"key":"Happy Flower"}],"event_choices":[{"event_name":"Transmorgrifier","player_choice":"Transform","floor":2,"damage_taken":0},{"event_name":"World of Goop","player_choice":"Gather Gold","floor":8,"damage_taken":0},{"event_name":"Purifier","player_choice":"One Purge","floor":10,"damage_taken":0},{"event_name":"Falling","player_choice":"Removed Skill","floor":37,"damage_taken":0},{"event_name":"Winding Halls","player_choice":"Embrace Madness","floor":39,"damage_taken":0}],"is_beta":false,"boss_relics":[{"not_picked":["Astrolabe","Snecko Eye"],"picked":"Nuclear Battery"},{"not_picked":["Lizard Tail","Runic Pyramid"],"picked":"Cursed Key"}],"items_purged_floors":[],"is_endless":false,"potions_floor_spawned":[1,4,6,11,14,18,21,28,31,38],"killed_by":"2 Orb Walkers","ascension_level":2}