{"gold_per_floor":[110,121,132,132,145,177,187,187,187,187,213,213,213,64,64,193,193,211,211,179,197,7,7,21,21,21,21,62,161,161],"floor_reached":30,"playtime":2566,"items_purged":["Regret"],"score":283,"play_id":"d29141fe-e81e-463f-8087-86de3894a075","local_time":"20180906050018","is_ascension_mode":false,"campfire_choices":[{"data":"Noxious Fumes","floor":8,"key":"SMITH"},{"floor":10,"key":"REST"},{"floor":13,"key":"REST"},{"floor":15,"key":"REST"},{"floor":23,"key":"REST"},{"floor":25,"key":"REST"}],"neow_cost":"","seed_source_timestamp":0,"circlet_count":0,"master_deck":["Defend_G","Defend_G","Defend_G","Defend_G","Defend_G","Strike_G","Strike_G","Strike_G","Strike_G","Survivor","Neutralize","Deadly Poison","Bouncing Flask","Dodge and Roll","Escape Plan","Noxious Fumes+1","Caltrops","Crippling Poison","Injury","Caltrops","After Image","Poisoned Stab","Footwork","Well Laid Plans","Sadistic Nature","Poisoned Stab","Slice","Escape Plan"],"special_seed":0,"relics":["Ring of the Snake","Mango","Darkstone Periapt","Torii","Tough Bandages","Golden Idol","White Beast Statue","Shuriken","Bottled Flame"],"potions_floor_usage":[6,16,20,21,28,28,30],"damage_taken":[{"damage":0,"enemies":"Cultist","floor":1,"turns":4},{"damage":1,"enemies":"Jaw Worm","floor":2,"turns":4},{"damage":0,"enemies":"2 Louse","floor":3,"turns":3},{"damage":12,"enemies":"Looter","floor":5,"turns":4},{"damage":23,"enemies":"3 Sentries","floor":6,"turns":10},{"damage":4,"enemies":"Blue Slaver","floor":7,"turns":5},{"damage":34,"enemies":"Lagavulin","floor":11,"turns":8},{"damage":48,"enemies":"Hexaghost","floor":16,"turns":8},{"damage":6,"enemies":"Shell Parasite","floor":18,"turns":5},{"damage":27,"enemies":"2 Thieves","floor":20,"turns":5},{"damage":22,"enemies":"Centurion and Healer","floor":21,"turns":8},{"damage":18,"enemies":"Snake Plant","floor":24,"turns":4},{"damage":50,"enemies":"Gremlin Leader","floor":28,"turns":8},{"damage":21,"enemies":"3 Cultists","floor":30,"turns":4}],"seed_played":"-3987333536259819131","potions_obtained":[{"floor":2,"key":"Strength Potion"},{"floor":11,"key":"Dexterity Potion"},{"floor":16,"key":"Ancient Potion"},{"floor":18,"key":"SteroidPotion"},{"floor":20,"key":"Poison Potion"},{"floor":21,"key":"Energy Potion"},{"floor":24,"key":"SkillPotion"},{"floor":28,"key":"Energy Potion"}],"is_trial":false,"path_per_floor":["M","M","M","?","M","E","M","R","T","R","E","?","R","$","R","B",null,"M","?","M","M","$","R","M","R","T","?","E","?"],"character_chosen":"THE_SILENT","items_purchased":["Caltrops","Sadistic Nature"],"campfire_rested":5,"item_purchase_floors":[14,22],"current_hp_per_floor":[70,69,69,83,71,48,44,44,44,69,35,41,68,68,90,42,90,84,84,57,35,35,62,44,71,71,71,21,21,0],"gold":161,"neow_bonus":"","is_prod":false,"is_daily":false,"chose_seed":false,"campfire_upgraded":1,"win_rate":0.0,"timestamp":1536181218,"path_taken":["M","M","?","?","M","E","M","R","T","R","E","?","R","$","R","BOSS","M","?","M","M","$","R","M","R","T","?","E","?","?"],"build_version":"2018-08-02","purchased_purges":1,"victory":false,"max_hp_per_floor":[70,70,70,84,84,84,84,84,84,84,84,90,90,90,90,90,90,90,90,90,90,90,90,90,90,90,90,90,90,90],"card_choices":[{"not_picked":["Calculated Gamble","Sucker Punch"],"picked":"Deadly Poison","floor":1},{"not_picked":["Escape Plan","Eviscerate"],"picked":"Bouncing Flask","floor":2},{"not_picked":["PiercingWail","Reflex"],"picked":"Dodge and Roll","floor":3},{"not_picked":["Riddle With Holes","Underhanded Strike"],"picked":"Escape Plan","floor":5},{"not_picked":["Leg Sweep","Slice"],"picked":"Noxious Fumes","floor":6},{"not_picked":["Escape Plan","Backstab"],"picked":"Caltrops","floor":7},{"not_picked":["Dagger Throw","Flechettes"],"picked":"Crippling Poison","floor":11},{"not_picked":["Wraith Form v2","Bullet Time"],"picked":"After Image","floor":16},{"not_picked":["Terror","Backflip+1"],"picked":"Poisoned Stab","floor":18},{"not_picked":["Expertise","Backstab+1"],"picked":"Well Laid Plans","floor":20},{"not_picked":["Riddle With Holes","Quick Slash","PiercingWail"],"picked":"SKIP","floor":21},{"not_picked":["Dagger Throw+1","Outmaneuver"],"picked":"Poisoned Stab","floor":24},{"not_picked":["Backflip","Outmaneuver"],"picked":"Escape Plan","floor":28}],"player_experience":4052,"relics_obtained":[{"floor":6,"key":"Darkstone Periapt"},{"floor":9,"key":"Torii"},{"floor":11,"key":"Tough Bandages"},{"floor":26,"key":"Shuriken"},{"floor":28,"key":"Bottled Flame"}],"event_choices":[{"event_name":"Big Fish","player_choice":"Box","floor":4,"damage_taken":0},{"event_name":"Golden Idol","player_choice":"Take Wound","floor":12,"damage_taken":0},{"event_name":"The Library","player_choice":"Read","floor":19,"damage_taken":0},{"event_name":"Transmorgrifier","player_choice":"Transform","floor":27,"damage_taken":0},{"event_name":"Nest","player_choice":"Stole From Cult","floor":29,"damage_taken":0}],"is_beta":false,"boss_relics":[{"not_picked":["Philosopher\u0027s Stone","Ectoplasm"],"picked":"White Beast Statue"}],"items_purged_floors":[14],"is_endless":false,"potions_floor_spawned":[2,11,16,18,20,21,24,28],"killed_by":"3 Cultists","ascension_level":0}