{"gold_per_floor":[111,123,123,123,133,133,167,180,180,194,194,210,223,223,223,324,324,335,335],"floor_reached":19,"playtime":751,"items_purged":[],"score":197,"play_id":"d9481ef6-166c-4748-9f92-8e9bb6206ae2","local_time":"20180903212114","is_ascension_mode":true,"campfire_choices":[{"data":"Zap","floor":6,"key":"SMITH"},{"data":"Dualcast","floor":11,"key":"SMITH"},{"data":"BootSequence","floor":15,"key":"SMITH"}],"neow_cost":"NONE","seed_source_timestamp":1303450871350401,"circlet_count":0,"master_deck":["Strike_B","Strike_B","Strike_B","Strike_B","Defend_B","Defend_B","Defend_B","Zap+1","Dualcast+1","BootSequence+1","Redo","Undo","Redo+1","Seek"],"relics":["Cracked Core","NeowsBlessing","Blue Candle","Matryoshka","Nuclear Battery"],"potions_floor_usage":[7,16,18,19],"damage_taken":[{"damage":0,"enemies":"2 Louse","floor":1,"turns":1},{"damage":0,"enemies":"Jaw Worm","floor":2,"turns":1},{"damage":0,"enemies":"Small Slimes","floor":5,"turns":1},{"damage":8,"enemies":"Gremlin Nob","floor":7,"turns":3},{"damage":0,"enemies":"Blue Slaver","floor":8,"turns":3},{"damage":15,"enemies":"2 Fungi Beasts","floor":10,"turns":3},{"damage":18,"enemies":"Exordium Thugs","floor":12,"turns":4},{"damage":0,"enemies":"Looter","floor":13,"turns":3},{"damage":17,"enemies":"Slime Boss","floor":16,"turns":7},{"damage":1,"enemies":"Spheric Guardian","floor":18,"turns":4},{"damage":19,"enemies":"3 Byrds","floor":19,"turns":3}],"seed_played":"5136396815026915131","potions_obtained":[{"floor":1,"key":"SteroidPotion"},{"floor":12,"key":"FocusPotion"},{"floor":13,"key":"Energy Potion"},{"floor":16,"key":"Ancient Potion"},{"floor":18,"key":"Fire Potion"}],"is_trial":false,"path_per_floor":["M","M","?","?","M","R","E","M","T","M","R","M","M","?","R","B",null,"M"],"character_chosen":"DEFECT","items_purchased":[],"campfire_rested":0,"item_purchase_floors":[],"current_hp_per_floor":[75,75,80,73,73,73,65,65,65,50,50,32,32,32,32,15,80,79,60],"gold":335,"neow_bonus":"THREE_ENEMY_KILL","is_prod":false,"is_daily":false,"chose_seed":false,"campfire_upgraded":3,"win_rate":0,"timestamp":1535977274,"path_taken":["M","M","?","?","M","R","E","M","T","M","R","?","M","?","R","BOSS","M","M"],"build_version":"2018-08-30","purchased_purges":0,"victory":false,"max_hp_per_floor":[75,75,80,80,80,80,80,80,80,80,80,80,80,80,80,80,80,80,80],"card_choices":[{"not_picked":["Coolheaded","Beam Cell"],"picked":"BootSequence","floor":1},{"not_picked":["Beam Cell","Chill","Stack"],"picked":"SKIP","floor":2},{"not_picked":["Rebound","Sunder"],"picked":"Redo","floor":5},{"not_picked":["Barrage","Sweeping Beam"],"picked":"Undo","floor":7},{"not_picked":["Aggregate","Darkness"],"picked":"Redo","floor":8},{"not_picked":["Redo","Compile Driver","Leap"],"picked":"SKIP","floor":10},{"not_picked":["Barrage","Hologram","Compile Driver"],"picked":"SKIP","floor":12},{"not_picked":["Steam","Amplify","Turbo"],"picked":"SKIP","floor":13},{"not_picked":["Core Surge","Rainbow"],"picked":"Seek","floor":16},{"not_picked":["Tempest","Doom and Gloom","Beam Cell"],"picked":"SKIP","floor":18}],"player_experience":210708,"relics_obtained":[{"floor":7,"key":"Blue Candle"},{"floor":9,"key":"Matryoshka"}],"event_choices":[{"event_name":"Big Fish","player_choice":"Donut","floor":3,"damage_taken":0},{"event_name":"Golden Wing","player_choice":"Card Removal","floor":4,"damage_taken":0},{"event_name":"Living Wall","player_choice":"Grow","floor":14,"damage_taken":0}],"is_beta":false,"boss_relics":[{"not_picked":["Tiny House","Orrery"],"picked":"Nuclear Battery"}],"items_purged_floors":[],"is_endless":false,"potions_floor_spawned":[1,12,13,16,18],"killed_by":"3 Byrds","ascension_level":3}