{"gold_per_floor":[113,46,46,58,58,58,68,68,91,91,104,115,115],"floor_reached":13,"playtime":323,"items_purged":[],"score":94,"play_id":"be8f2358-4058-4731-a109-f91047624aa0","local_time":"20190510164319","is_ascension_mode":true,"campfire_choices":[{"data":"Creative AI","floor":6,"key":"SMITH"},{"data":"Loop","floor":8,"key":"SMITH"},{"floor":10,"key":"REST"}],"neow_cost":"NONE","seed_source_timestamp":0,"circlet_count":0,"master_deck":["Strike_B","Strike_B","Strike_B","Defend_B","Defend_B","Defend_B","Defend_B","Zap","Dualcast","Reprogram","FTL","Loop+1","Creative AI+1","Consume","Rebound","Defragment","BootSequence"],"special_seed":0,"relics":["Cracked Core","CultistMask","Anchor"],"potions_floor_usage":[],"damage_taken":[{"damage":10.0,"enemies":"2 Louse","floor":1.0,"turns":2.0},{"damage":1,"enemies":"Cultist","floor":4,"turns":4},{"damage":19,"enemies":"Jaw Worm","floor":7,"turns":4},{"damage":13,"enemies":"Lots of Slimes","floor":11,"turns":4},{"damage":20,"enemies":"Gremlin Gang","floor":12,"turns":5},{"damage":40,"enemies":"Gremlin Nob","floor":13,"turns":3}],"seed_played":"-796469724826711959","potions_obtained":[{"floor":1.0,"key":"LiquidBronze"},{"floor":11,"key":"Ancient Potion"}],"is_trial":false,"path_per_floor":["M","$","?","M","?","R","M","R","T","R","M","M","E"],"character_chosen":"DEFECT","items_purchased":["Loop"],"campfire_rested":1,"item_purchase_floors":[2],"current_hp_per_floor":[65,65,65,64,64,64,45,45,45,67,54,34,0],"gold":115,"neow_bonus":"TRANSFORM_CARD","is_prod":false,"is_daily":false,"chose_seed":false,"campfire_upgraded":2,"win_rate":0,"timestamp":1557463399,"path_taken":["M","$","?","?","?","R","M","R","T","R","M","?","E"],"build_version":"2019-01-23","purchased_purges":0,"victory":false,"max_hp_per_floor":[75,75,75,75,75,75,75,75,75,75,75,75,75],"card_choices":[{"not_picked":["Chill","Fusion"],"picked":"FTL","floor":1.0},{"not_picked":["Double Energy","Steam"],"picked":"Consume","floor":4},{"not_picked":["Sweeping Beam","Turbo"],"picked":"Rebound","floor":7},{"not_picked":["Turbo","Go for the Eyes"],"picked":"Defragment","floor":11},{"not_picked":["Machine Learning","Compile Driver"],"picked":"BootSequence","floor":12}],"player_experience":223580,"relics_obtained":[{"floor":9,"key":"Anchor"}],"event_choices":[{"damage_healed":0,"gold_gain":0,"player_choice":"1 cards matched","damage_taken":0,"max_hp_gain":0,"max_hp_loss":0,"event_name":"Match and Keep!","floor":3,"gold_loss":0,"cards_obtained":["Creative AI"]},{"damage_healed":0,"gold_gain":0,"player_choice":"Trade","damage_taken":0,"relics_obtained":["CultistMask"],"max_hp_gain":0,"max_hp_loss":0,"event_name":"FaceTrader","floor":5,"gold_loss":0}],"is_beta":false,"boss_relics":[],"items_purged_floors":[],"is_endless":false,"potions_floor_spawned":[1,11],"killed_by":"Gremlin Nob","ascension_level":5}