{"gold_per_floor":[113,113,129,142,153,153,168,19,19,19,52,68,68,99,99,196,196,212,231,231,231,41,41,75,93,146,160,160,160,173,203,203,306,306,324,343,343,47,47,47,73,73,73,73,108,0,0,13,13,13,13,13,13,42,42],"floor_reached":55,"playtime":1952,"items_purged":["Strike_B"],"score":1339,"play_id":"5f7ab5da-ca7c-45f3-8e4c-fc9bced58a7c","local_time":"20190517162606","is_ascension_mode":true,"campfire_choices":[{"data":"Buffer","floor":6,"key":"SMITH"},{"data":"Self Repair","floor":10,"key":"SMITH"},{"data":"Defragment","floor":13,"key":"SMITH"},{"data":"Impatience","floor":15,"key":"SMITH"},{"floor":23,"key":"REST"},{"floor":28,"key":"REST"},{"floor":32,"key":"RECALL"},{"floor":40,"key":"REST"},{"floor":42,"key":"REST"},{"floor":44,"key":"REST"},{"floor":47,"key":"REST"},{"floor":49,"key":"REST"},{"floor":52,"key":"REST"}],"neow_cost":"NONE","seed_source_timestamp":0,"circlet_count":0,"master_deck":["Strike_B","Defend_B","Defend_B","Defend_B","Defend_B","Zap+1","Dualcast","Impatience+1","Ball Lightning","Streamline","Buffer+1","Cold Snap","Self Repair+1","Defragment+1","Chill+1","Compile Driver","Meteor Strike","Defragment+1","Static Discharge","Hologram","Reinforced Body+1","Electrodynamics","Heatsinks","Capacitor+1","Defragment","Parasite","Turbo","Thunder Strike"],"special_seed":0,"relics":["Cracked Core","Meat on the Bone","Bronze Scales","Mummified Hand","Fusion Hammer","DollysMirror","Juzu Bracelet","Tiny Chest","Nloth\u0027s Gift","Bag of Marbles","Sozu","War Paint","Strawberry","Centennial Puzzle","Pear","Red Mask","Oddly Smooth Stone"],"potions_floor_usage":[24,50,50,50],"damage_taken":[{"damage":1,"enemies":"Cultist","floor":1,"turns":3},{"damage":0,"enemies":"Small Slimes","floor":3,"turns":2},{"damage":2,"enemies":"2 Louse","floor":4,"turns":2},{"damage":12,"enemies":"Exordium Thugs","floor":5,"turns":4},{"damage":0,"enemies":"2 Fungi Beasts","floor":7,"turns":3},{"damage":18,"enemies":"3 Sentries","floor":11,"turns":5},{"damage":14,"enemies":"Gremlin Gang","floor":12,"turns":5},{"damage":0,"enemies":"Gremlin Nob","floor":14,"turns":4},{"damage":1,"enemies":"Slime Boss","floor":16,"turns":9},{"damage":33,"enemies":"Shell Parasite","floor":18,"turns":5},{"damage":12,"enemies":"Chosen","floor":19,"turns":4},{"damage":25,"enemies":"Colosseum Slavers","floor":21,"turns":4},{"damage":20,"enemies":"Slavers","floor":24,"turns":5},{"damage":16,"enemies":"Sentry and Sphere","floor":25,"turns":6},{"damage":12,"enemies":"Snake Plant","floor":27,"turns":3},{"damage":3,"enemies":"Snecko","floor":30,"turns":5},{"damage":9,"enemies":"Book of Stabbing","floor":31,"turns":5},{"damage":44,"enemies":"Collector","floor":33,"turns":13},{"damage":9,"enemies":"3 Darklings","floor":35,"turns":4},{"damage":0,"enemies":"Orb Walker","floor":36,"turns":3},{"damage":0,"enemies":"Giant Head","floor":41,"turns":7},{"damage":12,"enemies":"Nemesis","floor":45,"turns":7},{"damage":0,"enemies":"Writhing Mass","floor":48,"turns":4},{"damage":85,"enemies":"Time Eater","floor":50,"turns":11},{"damage":12,"enemies":"Shield and Spear","floor":54,"turns":5},{"damage":90,"enemies":"The Heart","floor":55,"turns":3}],"seed_played":"-7437209394185173798","potions_obtained":[{"floor":3,"key":"PowerPotion"},{"floor":4,"key":"LiquidBronze"},{"floor":5,"key":"LiquidBronze"},{"floor":25,"key":"FearPotion"},{"floor":31,"key":"Poison Potion"}],"is_trial":false,"path_per_floor":["M","?","M","M","M","R","M","$","T","R","E","M","R","E","R","B",null,"M","M","?","?","$","R","E","M","T","M","R","?","M","E","R","B",null,"M","M","T","$","?","R","E","R","T","R","E","?","R","M","R","B",null,"R","$","E","B"],"character_chosen":"DEFECT","items_purchased":["PreservedInsect","DollysMirror","Defragment","Strawberry"],"campfire_rested":8,"item_purchase_floors":[8,22,38,38],"current_hp_per_floor":[67,67,67,65,53,53,53,53,53,53,47,55,55,65,65,74,75,52,50,50,47,47,69,49,55,55,53,75,75,75,75,75,43,67,68,75,75,82,82,82,82,82,82,82,90,90,92,92,92,29,76,92,92,90,0],"gold":42,"neow_bonus":"RANDOM_COLORLESS","is_prod":false,"is_daily":false,"chose_seed":false,"campfire_upgraded":4,"win_rate":0,"timestamp":1558067166,"path_taken":["M","?","M","?","M","R","?","$","T","R","E","M","R","E","R","BOSS","M","M","?","?","$","R","E","M","T","M","R","?","M","E","R","BOSS","M","M","?","$","?","R","E","R","T","R","E","?","R","M","R","BOSS","R","$","E","BOSS"],"build_version":"2019-01-23","purchased_purges":1,"victory":false,"max_hp_per_floor":[75,75,75,75,75,75,75,75,75,75,75,75,75,75,75,75,75,75,75,75,75,75,75,75,75,75,75,75,75,75,75,75,75,75,75,75,75,82,82,82,82,82,82,82,92,92,92,92,92,92,92,92,92,92,92],"card_choices":[{"not_picked":["Redo","Reprogram"],"picked":"Ball Lightning","floor":1},{"not_picked":["Stack","Recycle"],"picked":"Streamline","floor":3},{"not_picked":["Ball Lightning","Compile Driver"],"picked":"Buffer","floor":4},{"not_picked":["Fusion","Hello World"],"picked":"Cold Snap","floor":5},{"not_picked":["Reprogram","Barrage"],"picked":"Self Repair","floor":7},{"not_picked":["Static Discharge","Cold Snap"],"picked":"Defragment","floor":11},{"not_picked":["Reprogram","FTL"],"picked":"Chill","floor":12},{"not_picked":["Cold Snap","Double Energy"],"picked":"Compile Driver","floor":14},{"not_picked":["Biased Cognition","Multi-Cast"],"picked":"Meteor Strike","floor":16},{"not_picked":["Rebound+1","Streamline+1","Skim"],"picked":"SKIP","floor":18},{"not_picked":["Streamline","Heatsinks","Conserve Battery"],"picked":"SKIP","floor":19},{"not_picked":["Barrage+1","Melter"],"picked":"Static Discharge","floor":24},{"not_picked":["Barrage","Cold Snap"],"picked":"Hologram","floor":25},{"not_picked":["Coolheaded","Ball Lightning"],"picked":"Reinforced Body+1","floor":27},{"not_picked":["Redo","Reinforced Body+1","Streamline+1"],"picked":"SKIP","floor":30},{"not_picked":["Rebound","Conserve Battery","Leap"],"picked":"SKIP","floor":31},{"not_picked":["Core Surge","All For One"],"picked":"Electrodynamics","floor":33},{"not_picked":["Gash","Self Repair"],"picked":"Heatsinks","floor":35},{"not_picked":["Tempest","Compile Driver"],"picked":"Capacitor+1","floor":36},{"not_picked":["Cold Snap","Steam Power","Leap+1"],"picked":"SKIP","floor":41},{"not_picked":["All For One","Barrage+1","Stack"],"picked":"SKIP","floor":45},{"not_picked":["Go for the Eyes","Barrage"],"picked":"Turbo","floor":48},{"not_picked":["Ball Lightning+1","Cold Snap+1"],"picked":"Thunder Strike","floor":54}],"player_experience":282887,"relics_obtained":[{"floor":9,"key":"Meat on the Bone"},{"floor":11,"key":"Bronze Scales"},{"floor":14,"key":"Mummified Hand"},{"floor":24,"key":"Juzu Bracelet"},{"floor":26,"key":"Tiny Chest"},{"floor":31,"key":"Bag of Marbles"},{"floor":37,"key":"War Paint"},{"floor":41,"key":"Centennial Puzzle"},{"floor":45,"key":"Pear"},{"floor":54,"key":"Oddly Smooth Stone"}],"event_choices":[{"cards_removed":["Strike_B"],"damage_healed":0,"gold_gain":0,"player_choice":"Purged","damage_taken":0,"max_hp_gain":0,"max_hp_loss":0,"event_name":"Purifier","floor":2,"gold_loss":0},{"damage_healed":0,"gold_gain":0,"player_choice":"Ignored","damage_taken":0,"max_hp_gain":0,"max_hp_loss":0,"event_name":"Cursed Tome","floor":20,"gold_loss":0},{"damage_healed":0,"gold_gain":0,"player_choice":"Fight","damage_taken":0,"max_hp_gain":0,"max_hp_loss":0,"event_name":"Colosseum","floor":21,"gold_loss":0},{"damage_healed":0,"gold_gain":0,"player_choice":"Fled From Nobs","damage_taken":0,"max_hp_gain":0,"max_hp_loss":0,"event_name":"Colosseum","floor":21,"gold_loss":0},{"damage_healed":0,"gold_gain":0,"player_choice":"Traded Relic","damage_taken":0,"relics_obtained":["Nloth\u0027s Gift"],"max_hp_gain":0,"max_hp_loss":0,"event_name":"N\u0027loth","floor":29,"relics_lost":["PreservedInsect"],"gold_loss":0},{"cards_removed":["Strike_B"],"damage_healed":0,"gold_gain":0,"player_choice":"Card Removal","damage_taken":0,"max_hp_gain":0,"max_hp_loss":0,"event_name":"Wheel of Change","floor":39,"gold_loss":0},{"damage_healed":0,"gold_gain":0,"player_choice":"Paid","damage_taken":0,"relics_obtained":["Red Mask"],"max_hp_gain":0,"max_hp_loss":0,"event_name":"Tomb of Lord Red Mask","floor":46,"gold_loss":108}],"is_beta":false,"boss_relics":[{"not_picked":["Calling Bell","Inserter"],"picked":"Fusion Hammer"},{"not_picked":["Runic Pyramid","Empty Cage"],"picked":"Sozu"}],"items_purged_floors":[38],"is_endless":false,"potions_floor_spawned":[3,4,5,7,18,19,25,31,41,48],"killed_by":"The Heart","ascension_level":7}