{"gold_per_floor":[112,128,128,303,32,32,46,62,136,136,162,180,200,71,71,175,175,115,115,115,115,115,115,115],"floor_reached":24,"playtime":1029,"items_purged":["Doubt"],"score":248,"play_id":"48bb9c92-4a47-4049-a2a5-efe22a7eb8c5","local_time":"20190429130655","is_ascension_mode":true,"campfire_choices":[{"data":"Footwork","floor":6,"key":"SMITH"},{"floor":15,"key":"REST"}],"neow_cost":"NONE","seed_source_timestamp":1187546700659395,"circlet_count":0,"master_deck":["Defend_G+1","Defend_G","Defend_G","Defend_G+1","Defend_G","Strike_G","Strike_G","Strike_G","Strike_G","Strike_G+1","Survivor","Neutralize","Caltrops+1","Caltrops","Footwork+1","Malaise","Deflect","Footwork","Footwork","Bouncing Flask","PiercingWail","Noxious Fumes","Deadly Poison","Venomology","Deflect","Prepared+1","After Image"],"relics":["Ring of the Snake","War Paint","Singing Bowl","Omamori","Ectoplasm","Red Mask","Ginger"],"potions_floor_usage":[16,16,20,23,24,24,24],"damage_taken":[{"damage":0,"enemies":"2 Louse","floor":1,"turns":4},{"damage":0,"enemies":"Cultist","floor":2,"turns":3},{"damage":1,"enemies":"Small Slimes","floor":7,"turns":3},{"damage":0,"enemies":"Blue Slaver","floor":8,"turns":5},{"damage":34,"enemies":"Gremlin Nob","floor":11,"turns":6},{"damage":6,"enemies":"Lots of Slimes","floor":12,"turns":4},{"damage":0,"enemies":"3 Louse","floor":13,"turns":4},{"damage":29,"enemies":"Slime Boss","floor":16,"turns":13},{"damage":19,"enemies":"2 Thieves","floor":18,"turns":4},{"damage":33,"enemies":"Masked Bandits","floor":19,"turns":4},{"damage":15,"enemies":"Spheric Guardian","floor":20,"turns":4},{"damage":4,"enemies":"Book of Stabbing","floor":23,"turns":6},{"damage":10,"enemies":"Centurion and Healer","floor":24,"turns":5}],"seed_played":"863476182757949404","potions_obtained":[{"floor":1,"key":"Swift Potion"},{"floor":8,"key":"Ancient Potion"},{"floor":10,"key":"AttackPotion"},{"floor":10,"key":"Energy Potion"},{"floor":19,"key":"Ancient Potion"},{"floor":20,"key":"Explosive Potion"}],"is_trial":false,"path_per_floor":["M","M","?","?","$","R","M","M","T","?","E","M","M","$","R","B",null,"M","?","M","?","T","E","M"],"character_chosen":"THE_SILENT","items_purchased":["Footwork","Malaise","Deflect","Noxious Fumes","Deadly Poison"],"campfire_rested":1,"item_purchase_floors":[5,5,5,14,14],"current_hp_per_floor":[70,70,56,56,56,56,55,55,55,55,23,17,17,17,38,9,72,53,20,7,7,7,3,0],"gold":115,"neow_bonus":"RANDOM_COMMON_RELIC","is_prod":false,"is_daily":false,"chose_seed":false,"campfire_upgraded":1,"win_rate":0,"timestamp":1556500015,"path_taken":["M","M","?","?","$","R","M","M","T","?","E","?","M","$","R","BOSS","M","?","M","?","?","E","M"],"build_version":"2019-01-23","purchased_purges":1,"victory":false,"max_hp_per_floor":[70,70,70,70,70,70,70,70,70,70,72,72,72,72,72,72,72,72,72,74,74,74,74,74],"card_choices":[{"not_picked":["Accuracy","Dodge and Roll"],"picked":"Caltrops","floor":1},{"not_picked":["Infinite Blades","Deflect"],"picked":"Caltrops","floor":2},{"not_picked":["Crippling Poison","Skewer"],"picked":"Footwork","floor":7},{"not_picked":["Blur","Quick Slash"],"picked":"Footwork","floor":8},{"not_picked":["Cloak And Dagger","Slice","Storm of Steel"],"picked":"Singing Bowl","floor":11},{"not_picked":["Accuracy","Poisoned Stab"],"picked":"Bouncing Flask","floor":12},{"not_picked":["All Out Attack","Riddle With Holes"],"picked":"PiercingWail","floor":13},{"not_picked":["Unload","Corpse Explosion"],"picked":"Venomology","floor":16},{"not_picked":["Finisher","Accuracy"],"picked":"Deflect","floor":18},{"not_picked":["Catalyst","Slice"],"picked":"Prepared+1","floor":19},{"not_picked":["Dodge and Roll","Sucker Punch","Flying Knee+1"],"picked":"Singing Bowl","floor":20},{"not_picked":["Cloak And Dagger","Expertise+1"],"picked":"After Image","floor":23}],"player_experience":125885,"relics_obtained":[{"floor":9,"key":"Singing Bowl"},{"floor":11,"key":"Omamori"},{"floor":19,"key":"Red Mask"},{"floor":23,"key":"Ginger"}],"event_choices":[{"damage_healed":0,"gold_gain":0,"player_choice":"Entered Light","damage_taken":14,"max_hp_gain":0,"max_hp_loss":0,"event_name":"Shining Light","floor":3,"gold_loss":0,"cards_upgraded":["Caltrops","Strike_G"]},{"damage_healed":0,"gold_gain":175,"player_choice":"AGREE","damage_taken":0,"max_hp_gain":0,"max_hp_loss":0,"event_name":"Liars Game","floor":4,"gold_loss":0,"cards_obtained":["Doubt"]},{"damage_healed":0,"gold_gain":0,"player_choice":"Got Potions","damage_taken":0,"max_hp_gain":0,"max_hp_loss":0,"event_name":"Lab","floor":10,"gold_loss":0},{"damage_healed":0,"gold_gain":0,"player_choice":"Fought Bandits","damage_taken":0,"max_hp_gain":0,"max_hp_loss":0,"event_name":"Masked Bandits","floor":19,"gold_loss":0},{"damage_healed":0,"gold_gain":99,"player_choice":"Stole From Cult","damage_taken":0,"max_hp_gain":0,"max_hp_loss":0,"event_name":"Nest","floor":21,"gold_loss":0}],"is_beta":false,"boss_relics":[{"not_picked":["Sozu","Philosopher\u0027s Stone"],"picked":"Ectoplasm"}],"items_purged_floors":[5],"is_endless":false,"potions_floor_spawned":[1,8,12,13,19,20],"killed_by":"Centurion and Healer","ascension_level":3}