{"gold_per_floor":[110,110,110,11,29,29,47,66,66,86,111,111,142,154,154,154],"floor_reached":16,"playtime":999,"items_purged":["Defend_R"],"score":123,"play_id":"7e7703f3-8b01-4c86-ad83-1107226f1ca8","local_time":"20180831054304","is_ascension_mode":true,"campfire_choices":[{"data":"Shrug It Off","floor":6,"key":"SMITH"},{"data":"1","floor":12,"key":"LIFT"},{"floor":15,"key":"REST"}],"neow_cost":"TEN_PERCENT_HP_LOSS","seed_source_timestamp":987713047190470,"circlet_count":0,"master_deck":["Strike_R","Strike_R","Strike_R","Strike_R","Strike_R","Defend_R","Defend_R","Defend_R","Bash","Shrug It Off+1","Metallicize","Wild Strike","Warcry"],"relics":["Burning Blood","Shovel","Kunai","Boot","Girya","StoneCalendar","Thread and Needle"],"potions_floor_usage":[11,11,16,16],"damage_taken":[{"damage":10,"enemies":"Small Slimes","floor":1,"turns":4},{"damage":8,"enemies":"Jaw Worm","floor":5,"turns":6},{"damage":8,"enemies":"2 Louse","floor":7,"turns":3},{"damage":7,"enemies":"Large Slime","floor":8,"turns":8},{"damage":0,"enemies":"Blue Slaver","floor":10,"turns":6},{"damage":20,"enemies":"Lagavulin","floor":11,"turns":10},{"damage":17,"enemies":"3 Sentries","floor":13,"turns":7},{"damage":2,"enemies":"Gremlin Gang","floor":14,"turns":7},{"damage":62,"enemies":"Hexaghost","floor":16,"turns":14}],"seed_played":"6907412387586388075","potions_obtained":[{"floor":7,"key":"SpeedPotion"},{"floor":8,"key":"SkillPotion"},{"floor":10,"key":"Ancient Potion"},{"floor":14,"key":"SpeedPotion"}],"is_trial":false,"path_per_floor":["M","?","T","$","M","R","M","M","T","M","E","R","E","M","R"],"character_chosen":"IRONCLAD","items_purchased":["Shrug It Off"],"campfire_rested":1,"item_purchase_floors":[4],"current_hp_per_floor":[68,56,56,56,54,54,52,51,51,57,43,43,32,36,57,0],"gold":154,"neow_bonus":"ONE_RARE_RELIC","is_prod":false,"is_daily":false,"chose_seed":false,"campfire_upgraded":1,"win_rate":0,"timestamp":1535661784,"path_taken":["M","?","?","$","M","R","M","M","T","?","E","R","E","M","R","BOSS"],"build_version":"2018-08-23v2","purchased_purges":1,"victory":false,"max_hp_per_floor":[72,72,72,72,72,72,72,72,72,72,72,72,72,72,72,72],"card_choices":[{"not_picked":["Iron Wave","Cleave","Clash"],"picked":"SKIP","floor":1},{"not_picked":["Sword Boomerang","Fire Breathing","Metallicize"],"picked":"SKIP","floor":5},{"not_picked":["Sword Boomerang","Wild Strike"],"picked":"Metallicize","floor":7},{"not_picked":["Dark Embrace","Iron Wave","Cleave"],"picked":"SKIP","floor":8},{"not_picked":["Entrench","Flex"],"picked":"Wild Strike","floor":10},{"not_picked":["Dropkick","Headbutt","Clothesline"],"picked":"SKIP","floor":11},{"not_picked":["Cleave","Flex","Clash"],"picked":"SKIP","floor":13},{"not_picked":["Anger","Impervious"],"picked":"Warcry","floor":14}],"player_experience":178106,"relics_obtained":[{"floor":3,"key":"Boot"},{"floor":9,"key":"Girya"},{"floor":11,"key":"StoneCalendar"},{"floor":13,"key":"Thread and Needle"}],"event_choices":[{"event_name":"Scrap Ooze","player_choice":"success","floor":2,"damage_taken":12}],"is_beta":false,"boss_relics":[],"items_purged_floors":[4],"is_endless":false,"potions_floor_spawned":[7,8,10,14],"killed_by":"Hexaghost","ascension_level":2}