{"gold_per_floor":[113,188,200,214,19,19,52,52,77,94,94,120,139,157,157,257,257,269,283,283,1,21,54,54,66,119,569],"floor_reached":27,"playtime":1196,"items_purged":["Clumsy"],"score":295,"play_id":"10b19c4c-4c5d-4a80-98b1-8b882772e981","local_time":"20180915135449","is_ascension_mode":true,"campfire_choices":[{"data":"Apotheosis","floor":6,"key":"SMITH"},{"data":"Bash","floor":8,"key":"SMITH"},{"data":"Armaments","floor":11,"key":"SMITH"},{"data":"Perfected Strike","floor":15,"key":"SMITH"},{"data":"Shrug It Off","floor":24,"key":"SMITH"}],"neow_cost":"NONE","seed_source_timestamp":2313016390296059,"circlet_count":0,"master_deck":["Strike_R","Strike_R","Strike_R","Strike_R","Strike_R","Defend_R","Defend_R","Defend_R","Defend_R","Bash+1","Armaments+1","Pommel Strike","Apotheosis+1","Shrug It Off+1","Perfected Strike+1","Heavy Blade","Juggernaut","Perfected Strike","Double Tap","Evolve+1","Power Through","Pommel Strike+1"],"relics":["Burning Blood","NeowsBlessing","Omamori","Lantern","Bag of Marbles","Calling Bell","Ancient Tea Set","Question Card","Ginger","ClockworkSouvenir","Vajra","Oddly Smooth Stone"],"potions_floor_usage":[12,12,12,13,19,19,22,23],"damage_taken":[{"damage":0,"enemies":"2 Louse","floor":1,"turns":1},{"damage":0,"enemies":"Jaw Worm","floor":3,"turns":1},{"damage":0,"enemies":"Cultist","floor":4,"turns":1},{"damage":26,"enemies":"Lagavulin","floor":7,"turns":10},{"damage":0,"enemies":"3 Louse","floor":10,"turns":2},{"damage":19,"enemies":"Gremlin Nob","floor":12,"turns":4},{"damage":1,"enemies":"2 Fungi Beasts","floor":13,"turns":4},{"damage":1,"enemies":"Looter","floor":14,"turns":3},{"damage":31,"enemies":"The Guardian","floor":16,"turns":9},{"damage":13,"enemies":"2 Thieves","floor":18,"turns":5},{"damage":10,"enemies":"3 Byrds","floor":19,"turns":6},{"damage":10,"enemies":"Shelled Parasite and Fungi","floor":22,"turns":5},{"damage":25,"enemies":"Slavers","floor":23,"turns":8},{"damage":10,"enemies":"Chosen and Byrds","floor":25,"turns":6}],"seed_played":"-6537183987155510931","potions_obtained":[{"floor":4,"key":"SpeedPotion"},{"floor":7,"key":"EntropicBrew"},{"floor":12,"key":"BloodPotion"},{"floor":18,"key":"AttackPotion"},{"floor":19,"key":"EssenceOfSteel"},{"floor":23,"key":"Swift Potion"}],"is_trial":false,"path_per_floor":["M","?","M","M","$","R","E","R","T","M","R","E","M","M","R","B",null,"M","M","?","$","M","E","R","M","T"],"character_chosen":"IRONCLAD","items_purchased":["Apotheosis","ClockworkSouvenir"],"campfire_rested":0,"item_purchase_floors":[5,21],"current_hp_per_floor":[80,69,75,80,80,80,60,60,60,66,66,53,66,71,71,46,80,73,69,69,69,65,46,46,42,42,0],"gold":569,"neow_bonus":"THREE_ENEMY_KILL","is_prod":false,"is_daily":false,"chose_seed":false,"campfire_upgraded":5,"win_rate":0,"timestamp":1536987289,"path_taken":["M","?","M","M","?","R","E","R","T","M","R","E","M","M","R","BOSS","M","M","?","$","M","E","R","M","T","?"],"build_version":"2018-09-06","purchased_purges":1,"victory":false,"max_hp_per_floor":[80,80,80,80,80,80,80,80,80,80,80,80,80,80,80,80,80,80,80,80,80,80,80,80,80,80,80],"card_choices":[{"not_picked":["Perfected Strike","Sword Boomerang"],"picked":"Armaments","floor":1},{"not_picked":["Anger","Infernal Blade"],"picked":"Pommel Strike","floor":3},{"not_picked":["Havoc","Thunderclap","Sentinel"],"picked":"SKIP","floor":4},{"not_picked":["Reaper","Anger"],"picked":"Shrug It Off","floor":7},{"not_picked":["Rupture","Cleave","Corruption"],"picked":"SKIP","floor":10},{"not_picked":["Rampage","Carnage","Dark Embrace"],"picked":"SKIP","floor":12},{"not_picked":["Twin Strike","Havoc"],"picked":"Perfected Strike","floor":13},{"not_picked":["Flex","Headbutt"],"picked":"Heavy Blade","floor":14},{"not_picked":["Bludgeon","Feed"],"picked":"Juggernaut","floor":16},{"not_picked":["Anger+1","Body Slam+1","Twin Strike"],"picked":"Perfected Strike","floor":18},{"not_picked":["Battle Trance","Twin Strike+1","Uppercut"],"picked":"Double Tap","floor":19},{"not_picked":["Dropkick","Spot Weakness","Armaments"],"picked":"Evolve+1","floor":22},{"not_picked":["Twin Strike","Armaments","Sword Boomerang"],"picked":"Power Through","floor":23},{"not_picked":["Rampage","Anger","Brutality"],"picked":"Pommel Strike+1","floor":25}],"player_experience":274504,"relics_obtained":[{"floor":7,"key":"Omamori"},{"floor":9,"key":"Lantern"},{"floor":12,"key":"Bag of Marbles"},{"floor":17,"key":"Ancient Tea Set"},{"floor":17,"key":"Question Card"},{"floor":17,"key":"Ginger"},{"floor":23,"key":"Vajra"},{"floor":26,"key":"Oddly Smooth Stone"}],"event_choices":[{"event_name":"World of Goop","player_choice":"Gather Gold","floor":2,"damage_taken":0},{"event_name":"Ghosts","player_choice":"Ignored","floor":20,"damage_taken":0}],"is_beta":false,"boss_relics":[{"not_picked":["Philosopher\u0027s Stone","Pandora\u0027s Box"],"picked":"Calling Bell"}],"items_purged_floors":[21],"is_endless":false,"potions_floor_spawned":[4,7,12,18,19,23],"ascension_level":2}