{"gold_per_floor":[112,112,112,126,6,41,41,41,41,41,53,66,82,102,102,202,202,220,220,145,161,161,161,178,205,205,205,238,238,238,258,258,357,357,376,389,389,400,131,131,144,144,170,189,0,15,15,27,27,27],"floor_reached":51,"playtime":3399,"items_purged":["Strike_B","Strike_B"],"score":939,"play_id":"6ebf0918-e61b-4986-8a23-48e156a81b7a","local_time":"20180710025722","is_ascension_mode":false,"campfire_choices":[{"data":"Zap","floor":8,"key":"SMITH"},{"data":"Consume","floor":10,"key":"SMITH"},{"floor":15,"key":"REST"},{"data":"Echo Form","floor":23,"key":"SMITH"},{"floor":27,"key":"REST"},{"floor":30,"key":"REST"},{"data":"Go for the Eyes","floor":32,"key":"SMITH"},{"floor":40,"key":"REST"},{"data":"Buffer","floor":42,"key":"SMITH"},{"floor":49,"key":"REST"}],"neow_cost":"NONE","seed_source_timestamp":276860390505985,"circlet_count":0,"master_deck":["Strike_B+1","Defend_B+1","Defend_B","Defend_B","Zap+1","Dualcast","Leap","Consume+1","Conserve Battery","Leap","Electrodynamics","Capacitor","Streamline","Ball Lightning","Echo Form+1","Capacitor+1","Hologram+1","Go for the Eyes+1","Streamline+1","Turbo+1","Double Energy+1","Buffer+1","Ball Lightning","Auto Shields+1","Madness+1","Madness+1","Self Repair+1","Barrage","Leap+1","Barrage+1","Defragment","Seek+1","Ball Lightning+1","Cold Snap+1","Conserve Battery+1"],"relics":["Cracked Core","NeowsBlessing","Bag of Preparation","Blue Candle","Shuriken","Lantern","Black Star","Dead Branch","Ice Cream","Girya","Toxic Egg 2","Mercury Hourglass","Inserter","Bronze Scales","Ancient Tea Set","Peace Pipe"],"potions_floor_usage":[16,25,25,28,33,33,33,47,50,50],"damage_taken":[{"damage":0,"enemies":"Small Slimes","floor":1,"turns":1},{"damage":0,"enemies":"Cultist","floor":4,"turns":1},{"damage":0,"enemies":"3 Sentries","floor":6,"turns":1},{"damage":0,"enemies":"Jaw Worm","floor":11,"turns":3},{"damage":0,"enemies":"Blue Slaver","floor":12,"turns":2},{"damage":0,"enemies":"Lots of Slimes","floor":13,"turns":2},{"damage":0,"enemies":"Looter","floor":14,"turns":3},{"damage":16,"enemies":"Hexaghost","floor":16,"turns":7},{"damage":0,"enemies":"Spheric Guardian","floor":18,"turns":6},{"damage":0,"enemies":"3 Byrds","floor":21,"turns":2},{"damage":32,"enemies":"Centurion and Healer","floor":24,"turns":6},{"damage":19,"enemies":"Gremlin Leader","floor":25,"turns":7},{"damage":23,"enemies":"Slavers","floor":28,"turns":5},{"damage":1,"enemies":"Cultist and Chosen","floor":31,"turns":4},{"damage":48,"enemies":"Champ","floor":33,"turns":8},{"damage":28,"enemies":"3 Darklings","floor":35,"turns":4},{"damage":1,"enemies":"Orb Walker","floor":36,"turns":3},{"damage":0,"enemies":"4 Shapes","floor":38,"turns":4},{"damage":8,"enemies":"Maw","floor":41,"turns":8},{"damage":11,"enemies":"3 Darklings","floor":44,"turns":4},{"damage":0,"enemies":"Sphere and 2 Shapes","floor":46,"turns":3},{"damage":15,"floor":47,"turns":5},{"damage":4,"enemies":"Maw","floor":48,"turns":6},{"damage":46,"enemies":"Awakened One","floor":50,"turns":8}],"seed_played":"-8933537497271164728","potions_obtained":[{"floor":1,"key":"Dexterity Potion"},{"floor":12,"key":"Energy Potion"},{"floor":16,"key":"Block Potion"},{"floor":21,"key":"Energy Potion"},{"floor":25,"key":"Ancient Potion"},{"floor":28,"key":"Poison Potion"},{"floor":31,"key":"Fire Potion"},{"floor":35,"key":"PowerPotion"},{"floor":38,"key":"Swift Potion"},{"floor":46,"key":"Energy Potion"},{"floor":48,"key":"FearPotion"}],"is_trial":false,"path_per_floor":["M","?","?","M","$","E","T","R","T","R","M","M","M","M","R","B",null,"M","?","?","M","?","R","M","E","T","R","E","?","R","M","R","B",null,"M","M","?","M","$","R","M","R","T","M","$","M","?","M","R","B"],"character_chosen":"DEFECT","items_purchased":["Conserve Battery","Barrage","Bronze Scales","Defragment","Seek+1"],"campfire_rested":5,"item_purchase_floors":[5,39,39,45,45],"current_hp_per_floor":[75,63,48,48,48,48,48,48,48,48,48,48,48,48,70,54,75,75,61,61,61,61,61,29,10,10,34,11,37,61,60,60,12,80,52,51,41,41,41,65,67,67,67,56,56,66,61,67,80,34],"gold":27,"neow_bonus":"THREE_ENEMY_KILL","is_prod":false,"is_daily":false,"chose_seed":false,"campfire_upgraded":5,"win_rate":0.0,"timestamp":1531159042,"path_taken":["M","?","?","M","?","E","?","R","T","R","M","?","M","M","R","BOSS","M","?","?","?","?","R","?","E","T","R","E","?","R","M","R","BOSS","M","M","?","M","$","R","?","R","T","?","$","M","?","M","R","BOSS"],"build_version":"2018-07-05","purchased_purges":2,"victory":true,"max_hp_per_floor":[75,75,75,75,75,75,75,75,75,75,75,75,75,75,75,75,75,75,80,80,80,80,80,80,80,80,80,80,80,80,80,80,80,80,80,80,80,80,80,80,80,80,80,80,80,80,80,80,80,80],"card_choices":[{"not_picked":["Hologram","Compile Driver"],"picked":"Leap","floor":1},{"not_picked":["Compile Driver","Redo"],"picked":"Consume","floor":4},{"not_picked":["Force Field","Stack"],"picked":"Leap","floor":6},{"not_picked":["Gash","Doom and Gloom"],"picked":"Electrodynamics","floor":11},{"not_picked":["Sweeping Beam","Barrage"],"picked":"Capacitor","floor":12},{"not_picked":["Double Energy","Reprogram"],"picked":"Streamline","floor":13},{"not_picked":["Compile Driver","Turbo"],"picked":"Ball Lightning","floor":14},{"not_picked":["Amplify","Thunder Strike"],"picked":"Echo Form","floor":16},{"not_picked":["Turbo","Sweeping Beam"],"picked":"Capacitor+1","floor":18},{"not_picked":["Compile Driver+1","Double Energy"],"picked":"Hologram+1","floor":21},{"not_picked":["Conserve Battery","Force Field"],"picked":"Go for the Eyes","floor":24},{"not_picked":["Multi-Cast","Rainbow"],"picked":"Streamline+1","floor":25},{"not_picked":["Hologram","Compile Driver"],"picked":"Turbo","floor":28},{"not_picked":["Rebound+1","Barrage+1"],"picked":"Double Energy+1","floor":31},{"not_picked":["Multi-Cast+1","All For One"],"picked":"Buffer","floor":33},{"not_picked":["Gash+1","Beam Cell+1"],"picked":"Ball Lightning","floor":35},{"not_picked":["Consume+1","Scrape+1"],"picked":"Auto Shields+1","floor":36},{"not_picked":["Sunder+1","Turbo+1"],"picked":"Self Repair+1","floor":38},{"not_picked":["Heatsinks","Rebound"],"picked":"Leap+1","floor":41},{"not_picked":["White Noise+1","Rebound+1"],"picked":"Barrage+1","floor":44},{"not_picked":["Conserve Battery+1","Rebound+1"],"picked":"Ball Lightning+1","floor":46},{"not_picked":["Self Repair","Hologram+1"],"picked":"Cold Snap+1","floor":47},{"not_picked":["Undo+1","Chaos+1"],"picked":"Conserve Battery+1","floor":48}],"player_experience":112413,"relics_obtained":[{"floor":6,"key":"Blue Candle"},{"floor":7,"key":"Shuriken"},{"floor":9,"key":"Lantern"},{"floor":25,"key":"Dead Branch"},{"floor":25,"key":"Ice Cream"},{"floor":26,"key":"Girya"},{"floor":28,"key":"Toxic Egg 2"},{"floor":28,"key":"Mercury Hourglass"},{"floor":43,"key":"Ancient Tea Set"},{"floor":47,"key":"Peace Pipe"}],"event_choices":[{"event_name":"Scrap Ooze","player_choice":"success","floor":2,"damage_taken":12},{"event_name":"Shining Light","player_choice":"Entered Light","floor":3,"damage_taken":0},{"event_name":"Forgotten Altar","player_choice":"Shed Blood","floor":19,"damage_taken":0},{"event_name":"Beggar","player_choice":"Gave Gold","floor":20,"damage_taken":0},{"event_name":"Back to Basics","player_choice":"Elegance","floor":22,"damage_taken":0},{"event_name":"The Library","player_choice":"Heal","floor":29,"damage_taken":0},{"event_name":"Winding Halls","player_choice":"Embrace Madness","floor":37,"damage_taken":0},{"event_name":"MindBloom","player_choice":"Fight","floor":47,"damage_taken":0}],"boss_relics":[{"not_picked":["Velvet Choker","Snecko Eye"],"picked":"Black Star"},{"not_picked":["Lizard Tail","Philosopher\u0027s Stone"],"picked":"Inserter"}],"items_purged_floors":[5,39],"is_endless":false,"potions_floor_spawned":[1,12,16,21,25,28,31,35,38,46,48],"ascension_level":0}