{"gold_per_floor":[119,132,307,325,24,24,54,54,78,97,97,123,138,158,158,259,259,272,322,356,53,0,35,54,54,54,71,87,87,106,106,106,207,207,222,222],"floor_reached":36,"playtime":2564,"items_purged":["Normality"],"score":394,"play_id":"f0f2845d-34c0-4ed6-836f-5ebf56fce3d1","local_time":"20190420175424","is_ascension_mode":false,"campfire_choices":[{"data":"Chill","floor":6,"key":"SMITH"},{"floor":8,"key":"REST"},{"floor":15,"key":"REST"},{"data":"Blizzard","floor":25,"key":"SMITH"},{"floor":32,"key":"REST"}],"neow_cost":"CURSE","seed_source_timestamp":425662743015323,"circlet_count":0,"master_deck":["Strike_B","Strike_B","Strike_B","Strike_B","Defend_B","Defend_B","Defend_B","Defend_B","Zap","Dualcast","Chill+1","Glacier","Doubt","Conserve Battery","Redo","Barrage","Defragment","Genetic Algorithm","Rebound","Blizzard+1","Chill","Biased Cognition","Force Field+1","Leap","Streamline+1","Cold Snap","Go for the Eyes","Gash","Go for the Eyes","Seek","Recycle+1"],"relics":["Cracked Core","Calipers","Juzu Bracelet","Anchor","Sundial","Gremlin Horn","Nuclear Battery","Red Mask","Darkstone Periapt","Bag of Preparation","Shuriken","Lantern","Lizard Tail"],"potions_floor_usage":[7,7,12,28,33],"damage_taken":[{"damage":1,"enemies":"2 Louse","floor":1,"turns":2},{"damage":4,"enemies":"Jaw Worm","floor":2,"turns":4},{"damage":5,"enemies":"Cultist","floor":4,"turns":4},{"damage":37,"enemies":"Lagavulin","floor":7,"turns":16},{"damage":7,"enemies":"Large Slime","floor":10,"turns":15},{"damage":1,"enemies":"3 Sentries","floor":12,"turns":18},{"damage":0,"enemies":"Looter","floor":13,"turns":4},{"damage":2,"enemies":"Exordium Thugs","floor":14,"turns":5},{"damage":41,"enemies":"The Guardian","floor":16,"turns":21},{"damage":3,"enemies":"Spheric Guardian","floor":18,"turns":6},{"damage":16,"enemies":"Masked Bandits","floor":20,"turns":12},{"damage":0,"enemies":"2 Thieves","floor":22,"turns":5},{"damage":2,"enemies":"Slavers","floor":23,"turns":12},{"damage":15,"enemies":"3 Cultists","floor":24,"turns":6},{"damage":13,"enemies":"Cultist and Chosen","floor":27,"turns":8},{"damage":0,"enemies":"Shelled Parasite and Fungi","floor":28,"turns":5},{"damage":13,"enemies":"3 Cultists","floor":30,"turns":5},{"damage":39,"enemies":"Collector","floor":33,"turns":19},{"damage":24,"enemies":"3 Shapes","floor":35,"turns":6},{"damage":117,"enemies":"2 Orb Walkers","floor":36,"turns":9}],"seed_played":"-8959631926039827491","potions_obtained":[{"floor":2,"key":"Dexterity Potion"},{"floor":4,"key":"AttackPotion"},{"floor":10,"key":"Dexterity Potion"},{"floor":18,"key":"FearPotion"},{"floor":24,"key":"FocusPotion"},{"floor":27,"key":"Regen Potion"},{"floor":30,"key":"SneckoOil"}],"is_trial":false,"path_per_floor":["M","M","?","M","$","R","E","R","T","M","?","E","M","M","R","B",null,"M","?","?","$","M","E","M","R","T","M","M","?","M","?","R","B",null,"M","?"],"character_chosen":"DEFECT","items_purchased":["Redo","Juzu Bracelet","Barrage","Darkstone Periapt","Leap"],"campfire_rested":3,"item_purchase_floors":[5,5,5,21,21],"current_hp_per_floor":[74,70,70,65,65,65,28,50,50,43,25,24,24,22,44,3,75,72,72,56,56,56,54,39,39,39,26,40,40,27,27,49,10,75,51,0],"gold":222,"neow_bonus":"ONE_RARE_RELIC","is_prod":false,"is_daily":false,"chose_seed":false,"campfire_upgraded":2,"win_rate":0,"timestamp":1555739664,"path_taken":["M","M","?","M","$","R","E","R","T","M","?","E","M","M","R","BOSS","M","?","?","$","M","E","M","R","T","M","M","?","M","?","R","BOSS","M","?"],"build_version":"2019-01-23","purchased_purges":1,"victory":false,"max_hp_per_floor":[75,75,75,75,75,75,75,75,75,75,75,75,75,75,75,75,75,75,75,75,75,75,75,75,75,75,75,75,75,75,75,75,75,75,75,75],"card_choices":[{"not_picked":["Streamline","Hologram"],"picked":"Chill","floor":1},{"not_picked":["BootSequence","Barrage"],"picked":"Glacier","floor":2},{"not_picked":["Barrage","Go for the Eyes"],"picked":"Conserve Battery","floor":4},{"not_picked":["Rebound","Stack"],"picked":"Defragment","floor":7},{"not_picked":["Fusion","Turbo"],"picked":"Genetic Algorithm","floor":10},{"not_picked":["Conserve Battery","Undo"],"picked":"Rebound","floor":12},{"not_picked":["Go for the Eyes","Steam"],"picked":"Blizzard","floor":13},{"not_picked":["Self Repair","Compile Driver"],"picked":"Chill","floor":14},{"not_picked":["All For One","Reboot"],"picked":"Biased Cognition","floor":16},{"not_picked":["Heatsinks+1","Turbo"],"picked":"Force Field+1","floor":18},{"not_picked":["Steam","Coolheaded"],"picked":"Streamline+1","floor":22},{"not_picked":["Streamline","Coolheaded+1"],"picked":"Cold Snap","floor":23},{"not_picked":["Force Field+1","Barrage+1"],"picked":"Go for the Eyes","floor":24},{"not_picked":["Reprogram","Turbo"],"picked":"Gash","floor":27},{"not_picked":["Conserve Battery+1","Static Discharge+1"],"picked":"Go for the Eyes","floor":28},{"not_picked":["Conserve Battery","Darkness","Chill"],"picked":"SKIP","floor":30},{"not_picked":["Fission","Rainbow"],"picked":"Seek","floor":33},{"not_picked":["Conserve Battery","Go for the Eyes"],"picked":"Recycle+1","floor":35}],"player_experience":34829,"relics_obtained":[{"floor":7,"key":"Anchor"},{"floor":12,"key":"Gremlin Horn"},{"floor":20,"key":"Red Mask"},{"floor":23,"key":"Bag of Preparation"},{"floor":26,"key":"Shuriken"}],"event_choices":[{"damage_healed":0,"gold_gain":175,"player_choice":"AGREE","damage_taken":0,"max_hp_gain":0,"max_hp_loss":0,"event_name":"Liars Game","floor":3,"gold_loss":0,"cards_obtained":["Doubt"]},{"damage_healed":0,"gold_gain":0,"player_choice":"Success","damage_taken":18,"relics_obtained":["Sundial"],"max_hp_gain":0,"max_hp_loss":0,"event_name":"Scrap Ooze","floor":11,"gold_loss":0},{"damage_healed":0,"gold_gain":100,"player_choice":"Bet on Murderer","damage_taken":0,"max_hp_gain":0,"max_hp_loss":0,"event_name":"The Joust","floor":19,"gold_loss":50},{"damage_healed":0,"gold_gain":0,"player_choice":"Fought Bandits","damage_taken":0,"max_hp_gain":0,"max_hp_loss":0,"event_name":"Masked Bandits","floor":20,"gold_loss":0},{"damage_healed":0,"gold_gain":0,"player_choice":"Ignored","damage_taken":0,"max_hp_gain":0,"max_hp_loss":0,"event_name":"Ghosts","floor":29,"gold_loss":0},{"damage_healed":0,"gold_gain":0,"player_choice":"Opened","damage_taken":0,"relics_obtained":["Lantern"],"max_hp_gain":0,"max_hp_loss":0,"event_name":"The Mausoleum","floor":31,"gold_loss":0},{"damage_healed":0,"gold_gain":0,"player_choice":"Fight","damage_taken":0,"max_hp_gain":0,"max_hp_loss":0,"event_name":"Mysterious Sphere","floor":36,"gold_loss":0}],"is_beta":false,"boss_relics":[{"not_picked":["Busted Crown","Black Star"],"picked":"Nuclear Battery"},{"not_picked":["Empty Cage","Orrery"],"picked":"Lizard Tail"}],"items_purged_floors":[5],"is_endless":false,"potions_floor_spawned":[2,4,10,18,24,27,30],"killed_by":"2 Orb Walkers","ascension_level":0}