{"gold_per_floor":[118,118,293,310,310,310,345,345,345,345,358,375,395,395,395,395],"floor_reached":16,"playtime":433,"items_purged":[],"score":120,"play_id":"577744b7-ead6-45f1-b223-0a58e1bb4723","local_time":"20190510090515","is_ascension_mode":true,"campfire_choices":[{"data":"Zap","floor":6,"key":"SMITH"},{"data":"Self Repair","floor":8,"key":"SMITH"},{"floor":15,"key":"REST"}],"neow_cost":"NONE","seed_source_timestamp":2124043817474217,"circlet_count":0,"master_deck":["Strike_B","Strike_B","Strike_B","Defend_B","Defend_B","Defend_B","Zap+1","Dualcast","Force Field","Coolheaded","Doubt","Ball Lightning","Regret","Self Repair+1","Coolheaded","BootSequence","Creative AI","Pain"],"relics":["Cracked Core","Torii","Art of War","Bottled Flame","WarpedTongs"],"potions_floor_usage":[],"damage_taken":[{"damage":4,"enemies":"Jaw Worm","floor":1,"turns":3},{"damage":5,"enemies":"2 Louse","floor":4,"turns":3},{"damage":34,"enemies":"3 Sentries","floor":7,"turns":7},{"damage":13,"enemies":"Small Slimes","floor":11,"turns":3},{"damage":1,"enemies":"2 Fungi Beasts","floor":12,"turns":3},{"damage":5,"enemies":"Gremlin Gang","floor":13,"turns":6},{"damage":60,"enemies":"The Guardian","floor":16,"turns":10}],"seed_played":"-5346081549221163355","potions_obtained":[{"floor":12,"key":"LiquidBronze"}],"is_trial":false,"path_per_floor":["M","?","?","M","?","R","E","R","T","?","M","M","M","?","R","B"],"character_chosen":"DEFECT","items_purchased":[],"campfire_rested":1,"item_purchase_floors":[],"current_hp_per_floor":[71,64,64,59,59,59,25,25,25,25,22,31,36,36,58,0],"gold":395,"neow_bonus":"TRANSFORM_CARD","is_prod":false,"is_daily":false,"chose_seed":false,"campfire_upgraded":2,"win_rate":0,"timestamp":1557435915,"path_taken":["M","?","?","M","?","R","E","R","T","?","M","M","M","?","R","BOSS"],"build_version":"2019-01-23","purchased_purges":0,"victory":false,"max_hp_per_floor":[75,75,75,75,75,75,75,75,75,75,75,75,75,75,75,75],"card_choices":[{"not_picked":["Cold Snap","Leap"],"picked":"Coolheaded","floor":1},{"not_picked":["Chaos","Steam"],"picked":"Ball Lightning","floor":4},{"not_picked":["Hello World","Recycle"],"picked":"Self Repair","floor":7},{"not_picked":["Rebound","Barrage"],"picked":"Coolheaded","floor":11},{"not_picked":["Redo","Steam"],"picked":"BootSequence","floor":12},{"not_picked":["Turbo","Hello World"],"picked":"Creative AI","floor":13}],"player_experience":218074,"relics_obtained":[{"floor":7,"key":"Art of War"},{"floor":9,"key":"Bottled Flame"}],"event_choices":[{"cards_removed":["Defend_B"],"damage_healed":0,"gold_gain":0,"player_choice":"Card Removal","damage_taken":7,"max_hp_gain":0,"max_hp_loss":0,"event_name":"Golden Wing","floor":2,"gold_loss":0},{"damage_healed":0,"gold_gain":175,"player_choice":"AGREE","damage_taken":0,"max_hp_gain":0,"max_hp_loss":0,"event_name":"Liars Game","floor":3,"gold_loss":0,"cards_obtained":["Doubt"]},{"damage_healed":0,"gold_gain":0,"player_choice":"Box","damage_taken":0,"relics_obtained":["Torii"],"max_hp_gain":0,"max_hp_loss":0,"event_name":"Big Fish","floor":5,"gold_loss":0,"cards_obtained":["Regret"]},{"damage_healed":0,"gold_gain":0,"player_choice":"Ignored","damage_taken":0,"max_hp_gain":0,"max_hp_loss":0,"event_name":"Shining Light","floor":10,"gold_loss":0},{"damage_healed":0,"gold_gain":0,"player_choice":"Rummage","damage_taken":0,"relics_obtained":["WarpedTongs"],"max_hp_gain":0,"max_hp_loss":0,"event_name":"Accursed Blacksmith","floor":14,"gold_loss":0,"cards_obtained":["Pain"]}],"is_beta":false,"boss_relics":[],"items_purged_floors":[],"is_endless":false,"potions_floor_spawned":[12],"killed_by":"The Guardian","ascension_level":4}