{"gold_per_floor":[117,192,192,212,232,232,122,148,148,24,24,24,24,35,35,139,139,155,155,254,237,247,247,275,275,275,69,79,79,79,89,89,89],"floor_reached":33,"playtime":2455,"items_purged":["Strike_G","Strike_G","Strike_G"],"score":289,"play_id":"5de20d35-dcbb-481c-acea-266cb7c56a4e","local_time":"20190517064453","is_ascension_mode":true,"campfire_choices":[{"floor":6,"key":"REST"},{"data":"Footwork","floor":12,"key":"SMITH"},{"data":"Noxious Fumes","floor":15,"key":"SMITH"},{"data":"Envenom","floor":23,"key":"SMITH"},{"floor":25,"key":"REST"},{"data":"Infinite Blades","floor":30,"key":"SMITH"},{"floor":32,"key":"REST"}],"neow_cost":"PERCENT_DAMAGE","seed_source_timestamp":8283192963400,"circlet_count":0,"master_deck":["Defend_G+1","Defend_G","Defend_G","Defend_G","Defend_G","Survivor+1","Neutralize","Quick Slash","Flechettes","Cloak And Dagger+1","Footwork+1","Noxious Fumes+1","Bane","Blade Dance","Envenom+1","Accuracy","Infinite Blades+1"],"relics":["Ring of the Snake","Gambling Chip","Question Card","Sozu","Art of War","Girya"],"potions_floor_usage":[33],"damage_taken":[{"damage":0,"enemies":"2 Louse","floor":1,"turns":3},{"damage":0,"enemies":"Jaw Worm","floor":4,"turns":4},{"damage":0,"enemies":"Cultist","floor":5,"turns":2},{"damage":14,"enemies":"3 Sentries","floor":8,"turns":9},{"damage":0,"enemies":"Large Slime","floor":14,"turns":6},{"damage":14,"enemies":"Slime Boss","floor":16,"turns":10},{"damage":0,"enemies":"Shell Parasite","floor":18,"turns":6},{"damage":3,"enemies":"2 Thieves","floor":21,"turns":4},{"damage":2,"enemies":"Chosen and Byrds","floor":22,"turns":5},{"damage":42,"enemies":"Slavers","floor":24,"turns":8},{"damage":1,"enemies":"Centurion and Healer","floor":28,"turns":7},{"damage":14,"enemies":"Snake Plant","floor":31,"turns":5},{"damage":50,"enemies":"Collector","floor":33,"turns":6}],"seed_played":"-365897688231943103","potions_obtained":[{"floor":8,"key":"SmokeBomb"},{"floor":14,"key":"LiquidBronze"},{"floor":16,"key":"PowerPotion"}],"is_trial":false,"path_per_floor":["M","?","?","M","M","R","$","E","T","$","?","R","$","M","R","B",null,"M","?","?","M","M","R","E","R","T","$","M","?","R","M","R","B"],"character_chosen":"THE_SILENT","items_purchased":["Noxious Fumes","Blade Dance","Accuracy"],"campfire_rested":3,"item_purchase_floors":[7,10,27],"current_hp_per_floor":[49,38,38,38,38,59,59,45,45,45,31,31,31,31,31,17,70,70,70,70,67,65,65,23,44,44,44,43,43,43,29,50,0],"gold":89,"neow_bonus":"TRANSFORM_TWO_CARDS","is_prod":false,"is_daily":false,"chose_seed":false,"campfire_upgraded":4,"win_rate":0,"timestamp":1558046693,"path_taken":["M","?","?","M","?","R","$","E","T","$","?","R","?","M","R","BOSS","M","?","?","M","M","R","E","R","T","$","M","?","R","M","R","BOSS"],"build_version":"2019-01-17","purchased_purges":3,"victory":false,"max_hp_per_floor":[70,70,70,70,70,70,70,70,70,70,70,70,70,70,70,70,70,70,70,70,70,70,70,70,70,70,70,70,70,70,70,70,70],"card_choices":[{"not_picked":["Quick Slash","Flying Knee","Concentrate"],"picked":"SKIP","floor":1},{"not_picked":["Sucker Punch","Crippling Poison"],"picked":"Cloak And Dagger","floor":4},{"not_picked":["Blur","Riddle With Holes"],"picked":"Footwork","floor":5},{"not_picked":["Prepared","Sucker Punch"],"picked":"Bane","floor":8},{"not_picked":["Slice","Poisoned Stab","Bane","Calculated Gamble"],"picked":"SKIP","floor":14},{"not_picked":["Night Terror","Tools of the Trade","Wraith Form v2"],"picked":"Envenom","floor":16},{"not_picked":["Skewer+1","Bouncing Flask","Calculated Gamble+1","Endless Agony"],"picked":"SKIP","floor":18},{"not_picked":["Acrobatics","Skewer","Dash","Bane"],"picked":"SKIP","floor":21},{"not_picked":["Poisoned Stab","Crippling Poison","Dagger Throw+1","Slice"],"picked":"SKIP","floor":22},{"not_picked":["Sucker Punch","Phantasmal Killer","Outmaneuver+1","Dagger Throw"],"picked":"SKIP","floor":24},{"not_picked":["Backflip","Prepared","Underhanded Strike+1"],"picked":"Infinite Blades","floor":28},{"not_picked":["Doppelganger","Heel Hook","Deflect","Acrobatics"],"picked":"SKIP","floor":31}],"player_experience":148094,"relics_obtained":[{"floor":8,"key":"Gambling Chip"},{"floor":9,"key":"Question Card"},{"floor":24,"key":"Art of War"},{"floor":26,"key":"Girya"}],"event_choices":[{"damage_healed":0,"gold_gain":75,"player_choice":"Gather Gold","damage_taken":11,"max_hp_gain":0,"max_hp_loss":0,"event_name":"World of Goop","floor":2,"gold_loss":0},{"damage_healed":0,"gold_gain":0,"player_choice":"Forge","damage_taken":0,"max_hp_gain":0,"max_hp_loss":0,"event_name":"Accursed Blacksmith","floor":3,"gold_loss":0,"cards_upgraded":["Survivor"]},{"damage_healed":0,"gold_gain":0,"player_choice":"Entered Light","damage_taken":14,"max_hp_gain":0,"max_hp_loss":0,"event_name":"Shining Light","floor":11,"gold_loss":0,"cards_upgraded":["Defend_G","Cloak And Dagger"]},{"damage_healed":0,"gold_gain":0,"player_choice":"Ignored","damage_taken":0,"max_hp_gain":0,"max_hp_loss":0,"event_name":"Ghosts","floor":19,"gold_loss":0},{"damage_healed":0,"gold_gain":99,"player_choice":"Stole From Cult","damage_taken":0,"max_hp_gain":0,"max_hp_loss":0,"event_name":"Nest","floor":20,"gold_loss":0}],"is_beta":false,"boss_relics":[{"not_picked":["Ring of the Serpent","Tiny House"],"picked":"Sozu"}],"items_purged_floors":[7,10,27],"is_endless":false,"potions_floor_spawned":[8,14,16,24,31],"killed_by":"Collector","ascension_level":2}