{"gold_per_floor":[112,23,41,41,216,216,246,262,314,314,330,346,346,346,346,450,450,461,461,303,303,83,83,93,93,93,119,119,148,148,148,148,252,252,267,277,277,277,277],"floor_reached":39,"playtime":1514,"items_purged":["Regret"],"score":454,"play_id":"6a0c2e5d-b5b9-42b2-ad5f-7b8859d9130c","local_time":"20190427160214","is_ascension_mode":true,"campfire_choices":[{"data":"Neutralize","floor":6,"key":"SMITH"},{"floor":10,"key":"REST"},{"floor":13,"key":"REST"},{"floor":15,"key":"REST"},{"floor":23,"key":"REST"},{"floor":25,"key":"REST"},{"floor":28,"key":"REST"},{"floor":30,"key":"REST"},{"floor":32,"key":"REST"}],"neow_cost":"NONE","seed_source_timestamp":1024781785635308,"circlet_count":0,"master_deck":["Defend_G+1","Defend_G+1","Defend_G+1","Defend_G+1","Defend_G+1","Strike_G+1","Strike_G+1","Strike_G+1","Survivor","Neutralize+1","Prepared","Poisoned Stab","Bouncing Flask","PiercingWail","PiercingWail","Noxious Fumes+1","Envenom","Masterful Stab+1","Unload+1","Backflip","A Thousand Cuts","Dagger Spray","Cloak And Dagger","Cloak And Dagger+1","Escape Plan","Die Die Die","Escape Plan","Poisoned Stab","Malaise","Leg Sweep+1","Deadly Poison+1"],"relics":["Ring of the Snake","Boot","Ice Cream","Blood Vial","Astrolabe","Tingsha","Dream Catcher","Question Card","Pantograph","Runic Dome"],"potions_floor_usage":[33,33],"damage_taken":[{"damage":15,"enemies":"Jaw Worm","floor":1,"turns":8},{"damage":0,"enemies":"Cultist","floor":3,"turns":4},{"damage":44,"enemies":"3 Sentries","floor":7,"turns":15},{"damage":1,"enemies":"Small Slimes","floor":8,"turns":3},{"damage":13,"enemies":"3 Louse","floor":11,"turns":4},{"damage":7,"enemies":"Blue Slaver","floor":12,"turns":4},{"damage":56,"enemies":"Slime Boss","floor":16,"turns":11},{"damage":41,"enemies":"2 Thieves","floor":18,"turns":5},{"damage":24,"enemies":"Colosseum Slavers","floor":19,"turns":5},{"damage":7,"enemies":"3 Byrds","floor":24,"turns":4},{"damage":35,"enemies":"Gremlin Leader","floor":27,"turns":7},{"damage":39,"enemies":"Book of Stabbing","floor":29,"turns":7},{"damage":88,"enemies":"Champ","floor":33,"turns":14},{"damage":11,"enemies":"Orb Walker","floor":35,"turns":4},{"damage":46,"enemies":"3 Darklings","floor":36,"turns":5},{"damage":26,"enemies":"Spire Growth","floor":39,"turns":3}],"seed_played":"-2996476785319472950","potions_obtained":[{"floor":7,"key":"FairyPotion"},{"floor":11,"key":"Dexterity Potion"},{"floor":12,"key":"Block Potion"},{"floor":36,"key":"FearPotion"}],"is_trial":false,"path_per_floor":["M","?","M","?","?","R","E","M","T","R","M","M","R","?","R","B",null,"M","?","$","?","$","R","M","R","T","E","R","E","R","?","R","B",null,"M","M","?","?","M"],"character_chosen":"THE_SILENT","items_purchased":["A Thousand Cuts","Dream Catcher"],"campfire_rested":8,"item_purchase_floors":[20,22],"current_hp_per_floor":[62,62,62,62,62,62,18,17,17,40,29,24,47,32,55,1,77,36,14,14,14,14,37,32,55,55,22,45,8,31,31,54,7,77,66,22,22,22,0],"gold":277,"neow_bonus":"TEN_PERCENT_HP_BONUS","is_prod":false,"is_daily":false,"chose_seed":false,"campfire_upgraded":1,"win_rate":0,"timestamp":1556337734,"path_taken":["M","?","?","?","?","R","E","M","T","R","M","M","R","?","R","BOSS","M","?","$","?","$","R","M","R","T","E","R","E","R","?","R","BOSS","M","M","?","?","M"],"build_version":"2019-01-23","purchased_purges":1,"victory":false,"max_hp_per_floor":[77,77,77,77,77,77,77,77,77,77,77,77,77,77,77,77,77,77,77,77,77,77,77,77,77,77,77,77,77,77,77,77,77,77,77,77,77,77,77],"card_choices":[{"not_picked":["Blade Dance","Bane"],"picked":"Prepared","floor":1},{"not_picked":["Accuracy","Outmaneuver"],"picked":"Poisoned Stab","floor":3},{"not_picked":["Reflex","Infinite Blades"],"picked":"Bouncing Flask","floor":7},{"not_picked":["Backflip","Catalyst"],"picked":"PiercingWail","floor":8},{"not_picked":["Terror","Skewer"],"picked":"PiercingWail","floor":11},{"not_picked":["Cloak And Dagger","Backflip"],"picked":"Noxious Fumes","floor":12},{"not_picked":["Doppelganger","Corpse Explosion"],"picked":"Envenom","floor":16},{"not_picked":["Blade Dance","Dash"],"picked":"Backflip","floor":18},{"not_picked":["Skewer+1","Flying Knee"],"picked":"Dagger Spray","floor":23},{"not_picked":["Backflip","Bane"],"picked":"Cloak And Dagger","floor":24},{"not_picked":["Sucker Punch+1","Poisoned Stab"],"picked":"Cloak And Dagger+1","floor":25},{"not_picked":["Outmaneuver","Crippling Poison"],"picked":"Escape Plan","floor":27},{"not_picked":["Heel Hook","Underhanded Strike","Dagger Throw"],"picked":"Flying Knee","floor":28},{"not_picked":["Underhanded Strike+1","Concentrate","Slice"],"picked":"Die Die Die","floor":29},{"not_picked":["Underhanded Strike","Endless Agony","Reflex"],"picked":"Escape Plan","floor":30},{"not_picked":["Predator","Expertise","Dagger Spray"],"picked":"Poisoned Stab","floor":32},{"not_picked":["A Thousand Cuts","Tools of the Trade","Wraith Form v2"],"picked":"Malaise","floor":33},{"not_picked":["Dagger Spray+1","Slice+1","Skewer"],"picked":"Leg Sweep+1","floor":35},{"not_picked":["Quick Slash+1","Deflect+1","Sucker Punch"],"picked":"Deadly Poison+1","floor":36}],"player_experience":94518,"relics_obtained":[{"floor":7,"key":"Ice Cream"},{"floor":9,"key":"Blood Vial"},{"floor":27,"key":"Question Card"},{"floor":29,"key":"Pantograph"}],"event_choices":[{"damage_healed":0,"gold_gain":0,"player_choice":"Paid Gold","damage_taken":0,"relics_obtained":["Boot"],"max_hp_gain":0,"max_hp_loss":0,"event_name":"WeMeetAgain","floor":2,"gold_loss":89},{"damage_healed":0,"gold_gain":0,"player_choice":"Leave","damage_taken":0,"max_hp_gain":0,"max_hp_loss":0,"event_name":"The Cleric","floor":4,"gold_loss":0},{"damage_healed":0,"gold_gain":175,"player_choice":"AGREE","damage_taken":0,"max_hp_gain":0,"max_hp_loss":0,"event_name":"Liars Game","floor":5,"gold_loss":0,"cards_obtained":["Doubt"]},{"damage_healed":0,"gold_gain":0,"player_choice":"Entered Light","damage_taken":15,"max_hp_gain":0,"max_hp_loss":0,"event_name":"Shining Light","floor":14,"gold_loss":0,"cards_upgraded":["Noxious Fumes","Strike_G"]},{"damage_healed":0,"gold_gain":0,"player_choice":"Fight","damage_taken":0,"max_hp_gain":0,"max_hp_loss":0,"event_name":"Colosseum","floor":19,"gold_loss":0},{"damage_healed":0,"gold_gain":0,"player_choice":"Fled From Nobs","damage_taken":0,"max_hp_gain":0,"max_hp_loss":0,"event_name":"Colosseum","floor":19,"gold_loss":0},{"damage_healed":0,"gold_gain":0,"player_choice":"Opened","damage_taken":0,"relics_obtained":["Tingsha"],"max_hp_gain":0,"max_hp_loss":0,"event_name":"The Mausoleum","floor":21,"gold_loss":0},{"damage_healed":0,"gold_gain":0,"player_choice":"Simplicity","damage_taken":0,"max_hp_gain":0,"max_hp_loss":0,"event_name":"Back to Basics","floor":31,"gold_loss":0,"cards_upgraded":["Defend_G","Defend_G","Defend_G","Defend_G","Defend_G","Strike_G","Strike_G","Strike_G"]},{"damage_healed":0,"gold_gain":0,"player_choice":"Ignored","damage_taken":0,"max_hp_gain":0,"max_hp_loss":0,"event_name":"Mysterious Sphere","floor":37,"gold_loss":0},{"cards_removed":["Flying Knee"],"damage_healed":0,"gold_gain":0,"player_choice":"Removed Attack","damage_taken":0,"max_hp_gain":0,"max_hp_loss":0,"event_name":"Falling","floor":38,"gold_loss":0}],"is_beta":false,"boss_relics":[{"not_picked":["WristBlade","Empty Cage"],"picked":"Astrolabe"},{"not_picked":["HoveringKite","Coffee Dripper"],"picked":"Runic Dome"}],"items_purged_floors":[22],"is_endless":false,"potions_floor_spawned":[7,11,12,19,36],"killed_by":"Spire Growth","ascension_level":2}