{"gold_per_floor":[116,291,291,291,291,291,322,322,372,372,392,43,57,72,72,201,201,214,62,75,174,174,213,213,213,265,265,285,285,305,326,326,326],"floor_reached":33,"playtime":999,"items_purged":["Strike_B"],"score":341,"play_id":"73d7d1c6-ad51-426f-bc87-4b1d5bc7c16d","local_time":"20190503130218","is_ascension_mode":true,"campfire_choices":[{"data":"Zap","floor":6,"key":"SMITH"},{"floor":8,"key":"REST"},{"floor":10,"key":"REST"},{"floor":15,"key":"REST"},{"floor":25,"key":"REST"},{"floor":27,"key":"REST"},{"data":"Defragment","floor":29,"key":"SMITH"},{"floor":32,"key":"REST"}],"neow_cost":"NONE","seed_source_timestamp":1532817768377842,"circlet_count":0,"master_deck":["Defend_B","Defend_B","Defend_B","Defend_B","Zap+1","Dualcast","Tempest","Capacitor","Coolheaded","Leap","Undo","Hyperbeam","Gash","Defragment+1","Conserve Battery","Bite","Bite","Bite","Bite","Bite","Beam Cell+1","Darkness","Reinforced Body"],"relics":["Busted Crown","Matryoshka","Golden Idol","Darkstone Periapt","Whetstone","Blood Vial","Runic Capacitor","Nuclear Battery","Lantern","Bag of Marbles","Anchor"],"potions_floor_usage":[23,23,23,31],"damage_taken":[{"damage":1,"enemies":"Cultist","floor":1,"turns":3},{"damage":51,"enemies":"Gremlin Nob","floor":7,"turns":5},{"damage":12,"enemies":"Jaw Worm","floor":11,"turns":2},{"damage":6,"enemies":"2 Louse","floor":13,"turns":3},{"damage":9,"enemies":"Large Slime","floor":14,"turns":6},{"damage":24,"enemies":"Slime Boss","floor":16,"turns":8},{"damage":30,"enemies":"Spheric Guardian","floor":18,"turns":8},{"damage":21,"enemies":"2 Thieves","floor":20,"turns":3},{"damage":41,"enemies":"Book of Stabbing","floor":23,"turns":7},{"damage":24,"enemies":"Centurion and Healer","floor":28,"turns":7},{"damage":36,"enemies":"Snake Plant","floor":30,"turns":7},{"damage":33,"enemies":"3 Cultists","floor":31,"turns":5},{"damage":73,"enemies":"Automaton","floor":33,"turns":6}],"seed_played":"-4506589344685708011","potions_obtained":[{"floor":14,"key":"AttackPotion"},{"floor":16,"key":"Regen Potion"},{"floor":18,"key":"Weak Potion"},{"floor":28,"key":"SkillPotion"}],"is_trial":false,"path_per_floor":["M","?","?","?","?","R","E","R","T","R","M","$","M","M","R","B",null,"M","$","M","?","?","E","?","R","T","R","M","R","M","M","R","B"],"character_chosen":"DEFECT","items_purchased":["Capacitor","Runic Capacitor","Coolheaded","Leap","Defragment"],"campfire_rested":6,"item_purchase_floors":[12,12,12,12,19],"current_hp_per_floor":[74,74,74,71,53,53,2,24,24,46,36,36,32,25,47,25,75,45,45,26,26,26,19,19,34,34,49,44,44,28,9,24,0],"gold":326,"neow_bonus":"BOSS_RELIC","is_prod":false,"is_daily":false,"chose_seed":false,"campfire_upgraded":2,"win_rate":0,"timestamp":1556845338,"path_taken":["M","?","?","?","?","R","E","R","T","R","M","$","M","M","R","BOSS","M","$","M","?","?","E","?","R","T","R","M","R","M","?","R","BOSS"],"build_version":"2019-01-23","purchased_purges":1,"victory":false,"max_hp_per_floor":[75,75,75,75,75,75,75,75,75,75,75,75,75,75,75,75,75,75,75,75,75,52,52,52,52,52,52,52,52,52,52,52,52],"card_choices":[{"not_picked":["Redo"],"picked":"SKIP","floor":1},{"not_picked":[],"picked":"Tempest","floor":7},{"not_picked":["Barrage"],"picked":"SKIP","floor":11},{"not_picked":["Hello World"],"picked":"SKIP","floor":13},{"not_picked":[],"picked":"Undo","floor":14},{"not_picked":[],"picked":"Hyperbeam","floor":16},{"not_picked":[],"picked":"Gash","floor":18},{"not_picked":[],"picked":"Conserve Battery","floor":20},{"not_picked":[],"picked":"Beam Cell+1","floor":23},{"not_picked":["Undo"],"picked":"SKIP","floor":28},{"not_picked":[],"picked":"Darkness","floor":30},{"not_picked":[],"picked":"Reinforced Body","floor":31}],"player_experience":163245,"relics_obtained":[{"floor":7,"key":"Darkstone Periapt"},{"floor":9,"key":"Whetstone"},{"floor":9,"key":"Blood Vial"},{"floor":23,"key":"Lantern"},{"floor":26,"key":"Bag of Marbles"},{"floor":26,"key":"Anchor"}],"event_choices":[{"damage_healed":0,"gold_gain":175,"player_choice":"AGREE","damage_taken":0,"max_hp_gain":0,"max_hp_loss":0,"event_name":"Liars Game","floor":2,"gold_loss":0,"cards_obtained":["Doubt"]},{"cards_removed":["Doubt"],"damage_healed":0,"gold_gain":0,"player_choice":"Forget","damage_taken":0,"max_hp_gain":0,"max_hp_loss":0,"event_name":"Living Wall","floor":3,"gold_loss":0},{"damage_healed":0,"gold_gain":0,"player_choice":"Success","damage_taken":3,"relics_obtained":["Matryoshka"],"max_hp_gain":0,"max_hp_loss":0,"event_name":"Scrap Ooze","floor":4,"gold_loss":0},{"damage_healed":0,"gold_gain":0,"player_choice":"Take Damage","damage_taken":18,"relics_obtained":["Golden Idol"],"max_hp_gain":0,"max_hp_loss":0,"event_name":"Golden Idol","floor":5,"gold_loss":0},{"damage_healed":0,"gold_gain":99,"player_choice":"Stole From Cult","damage_taken":0,"max_hp_gain":0,"max_hp_loss":0,"event_name":"Nest","floor":21,"gold_loss":0},{"damage_healed":0,"gold_gain":0,"player_choice":"Became a vampire","damage_taken":0,"max_hp_gain":0,"max_hp_loss":23,"event_name":"Vampires","floor":22,"gold_loss":0,"cards_obtained":["Bite","Bite","Bite","Bite","Bite"]},{"damage_healed":0,"gold_gain":0,"player_choice":"0 cards matched","damage_taken":0,"max_hp_gain":0,"max_hp_loss":0,"event_name":"Match and Keep!","floor":24,"gold_loss":0,"cards_obtained":[]}],"is_beta":false,"boss_relics":[{"not_picked":["Empty Cage","Runic Pyramid"],"picked":"Nuclear Battery"}],"items_purged_floors":[19],"is_endless":false,"potions_floor_spawned":[14,16,18,28],"killed_by":"Automaton","ascension_level":4}