{"gold_per_floor":[115,128,143,155,330,364,364,389,389,389,389,122,122,122,122,218,218,229,61,73,85,11,11,23,23,23,23,52,151,151,151,151,151],"floor_reached":33,"playtime":1872,"items_purged":["Strike_G","Defend_G"],"score":355,"play_id":"deaf3a61-6672-40d7-bf36-a32313bd6316","local_time":"20180913135257","is_ascension_mode":true,"campfire_choices":[{"data":"Neutralize","floor":7,"key":"SMITH"},{"data":"Poisoned Stab","floor":11,"key":"SMITH"},{"data":"Apotheosis","floor":13,"key":"SMITH"},{"data":"Survivor","floor":15,"key":"SMITH"},{"data":"Footwork","floor":23,"key":"SMITH"},{"data":"Adrenaline","floor":25,"key":"SMITH"},{"data":"Escape Plan","floor":32,"key":"SMITH"}],"neow_cost":"NONE","seed_source_timestamp":2139429903022225,"circlet_count":0,"master_deck":["Defend_G","Defend_G","Defend_G","Defend_G","Strike_G","Strike_G","Strike_G","Survivor+1","Neutralize+1","Backstab","Poisoned Stab+1","PiercingWail","Cloak And Dagger","Bane","Bane","Apotheosis+1","Adrenaline+1","Escape Plan+1","PiercingWail","Quick Slash","Backflip","Prepared","Well Laid Plans","Dagger Spray+1","Footwork+1","Quick Slash+1"],"relics":["Ring of the Snake","Juzu Bracelet","Art of War","PreservedInsect","Orrery","Gambling Chip","Blue Candle"],"potions_floor_usage":[6,8,20,21,28],"damage_taken":[{"damage":0,"enemies":"Cultist","floor":1,"turns":6},{"damage":0,"enemies":"Jaw Worm","floor":2,"turns":3},{"damage":0,"enemies":"2 Louse","floor":3,"turns":2},{"damage":0,"enemies":"Looter","floor":4,"turns":4},{"damage":14,"enemies":"3 Sentries","floor":6,"turns":12},{"damage":17,"enemies":"Lagavulin","floor":8,"turns":9},{"damage":9,"enemies":"Hexaghost","floor":16,"turns":11},{"damage":0,"enemies":"3 Byrds","floor":18,"turns":5},{"damage":4,"enemies":"Shell Parasite","floor":20,"turns":4},{"damage":15,"enemies":"Snake Plant","floor":21,"turns":3},{"damage":4,"enemies":"Chosen and Byrds","floor":24,"turns":8},{"damage":0,"enemies":"Book of Stabbing","floor":28,"turns":5},{"damage":39,"enemies":"Collector","floor":33,"turns":10}],"seed_played":"7211036002945742032","potions_obtained":[{"floor":3,"key":"Ancient Potion"},{"floor":4,"key":"Fire Potion"},{"floor":8,"key":"GamblersBrew"},{"floor":18,"key":"AttackPotion"},{"floor":20,"key":"Fire Potion"},{"floor":24,"key":"Block Potion"}],"is_trial":false,"path_per_floor":["M","M","M","M","?","E","R","E","T","?","R","$","R","?","R","B",null,"M","$","M","M","$","R","M","R","T","?","E","?","?","?","R"],"character_chosen":"THE_SILENT","items_purchased":["Apotheosis","Well Laid Plans","Footwork"],"campfire_rested":0,"item_purchase_floors":[12,19,22],"current_hp_per_floor":[70,70,70,70,70,56,56,39,39,39,39,39,39,32,32,23,70,70,70,66,51,51,51,47,47,47,47,47,47,34,59,59,20],"gold":151,"neow_bonus":"THREE_CARDS","is_prod":false,"is_daily":false,"chose_seed":false,"campfire_upgraded":7,"win_rate":0,"timestamp":1536814377,"path_taken":["M","?","M","M","?","E","R","E","T","?","R","$","R","?","R","BOSS","M","$","M","M","$","R","M","R","T","?","E","?","?","?","R","BOSS"],"build_version":"2018-09-06","purchased_purges":2,"victory":false,"max_hp_per_floor":[70,70,70,70,70,70,70,70,70,70,70,70,70,70,70,70,70,70,70,70,70,70,70,70,70,70,70,70,70,75,75,75,75],"card_choices":[{"not_picked":["Catalyst","Sucker Punch"],"picked":"Backstab","floor":0},{"not_picked":["Catalyst","Blade Dance"],"picked":"Poisoned Stab","floor":1},{"not_picked":["Sucker Punch","Slice","Blade Dance"],"picked":"SKIP","floor":2},{"not_picked":["Dodge and Roll","Slice"],"picked":"PiercingWail","floor":3},{"not_picked":["Prepared","Concentrate"],"picked":"Cloak And Dagger","floor":4},{"not_picked":["Dash","Night Terror"],"picked":"Bane","floor":6},{"not_picked":["Tactician","Sucker Punch"],"picked":"Bane","floor":8},{"not_picked":["Glass Knife","Burst"],"picked":"Adrenaline","floor":16},{"not_picked":["Masterful Stab","Dagger Spray"],"picked":"Escape Plan","floor":17},{"not_picked":["Bouncing Flask","Tactician"],"picked":"PiercingWail","floor":17},{"not_picked":["Prepared","Flying Knee"],"picked":"Quick Slash","floor":17},{"not_picked":["Predator","Poisoned Stab"],"picked":"Backflip","floor":17},{"not_picked":["Flying Knee","Flechettes"],"picked":"Prepared","floor":17},{"not_picked":["Doppelganger","Quick Slash","Dodge and Roll"],"picked":"SKIP","floor":18},{"not_picked":["Bane","Slice"],"picked":"Dagger Spray+1","floor":20},{"not_picked":["Heel Hook","Prepared","Accuracy+1"],"picked":"SKIP","floor":21},{"not_picked":["Underhanded Strike","PiercingWail+1"],"picked":"Quick Slash+1","floor":24},{"not_picked":["Skewer","Sucker Punch","Tactician"],"picked":"SKIP","floor":28}],"player_experience":261128,"relics_obtained":[{"floor":6,"key":"Juzu Bracelet"},{"floor":8,"key":"Art of War"},{"floor":9,"key":"PreservedInsect"},{"floor":26,"key":"Gambling Chip"},{"floor":28,"key":"Blue Candle"}],"event_choices":[{"event_name":"Liars Game","player_choice":"agreed","floor":5,"damage_taken":0},{"event_name":"Wheel of Change","player_choice":"Card Removal","floor":10,"damage_taken":0},{"event_name":"Golden Wing","player_choice":"Card Removal","floor":14,"damage_taken":0},{"event_name":"Ghosts","player_choice":"Ignored","floor":27,"damage_taken":0},{"event_name":"Nest","player_choice":"Stole From Cult","floor":29,"damage_taken":0},{"event_name":"Forgotten Altar","player_choice":"Shed Blood","floor":30,"damage_taken":0},{"event_name":"The Library","player_choice":"Heal","floor":31,"damage_taken":0}],"is_beta":false,"boss_relics":[{"not_picked":["Snecko Eye","Ectoplasm"],"picked":"Orrery"}],"items_purged_floors":[12,19],"is_endless":false,"potions_floor_spawned":[3,4,8,18,20,24],"killed_by":"Collector","ascension_level":4}