{"gold_per_floor":[142,155,41,53,64,64,75,75,120,132,132,145,205,215,215,318,318],"floor_reached":17,"playtime":447,"items_purged":["Strike_B"],"score":151,"play_id":"1232047b-618f-4e54-976f-5b0fa507bc45","local_time":"20181208124821","is_ascension_mode":false,"campfire_choices":[{"data":"Zap","floor":6,"key":"SMITH"},{"data":"Dualcast","floor":8,"key":"SMITH"},{"data":"Melter","floor":11,"key":"SMITH"},{"floor":15,"key":"REST"}],"neow_cost":"NONE","seed_source_timestamp":2021259631734451,"circlet_count":0,"master_deck":["Strike_B","Strike_B","Strike_B","Defend_B","Defend_B","Defend_B","Defend_B","Zap+1","Dualcast+1","Static Discharge","Go for the Eyes","Melter+1","Auto Shields","Capacitor","Lockon","Stack","Undo","Buffer","Conserve Battery","Sweeping Beam"],"relics":["Cracked Core","Tiny Chest","PreservedInsect","Symbiotic Virus","Orrery"],"potions_floor_usage":[2,5],"damage_taken":[{"damage":0,"enemies":"Small Slimes","floor":1,"turns":2},{"damage":6,"enemies":"Cultist","floor":2,"turns":3},{"damage":6,"enemies":"Jaw Worm","floor":4,"turns":3},{"damage":6,"enemies":"Large Slime","floor":5,"turns":5},{"damage":3,"enemies":"Red Slaver","floor":7,"turns":4},{"damage":13,"enemies":"Gremlin Gang","floor":10,"turns":5},{"damage":20,"enemies":"Exordium Thugs","floor":12,"turns":5},{"damage":10,"enemies":"Lagavulin Event","floor":13,"turns":4},{"damage":0,"enemies":"Exordium Wildlife","floor":14,"turns":2},{"damage":11,"enemies":"The Guardian","floor":16,"turns":8}],"seed_played":"3922192550559909925","potions_obtained":[{"floor":1,"key":"Fruit Juice"},{"floor":2,"key":"Fire Potion"},{"floor":14,"key":"Energy Potion"}],"is_trial":false,"path_per_floor":["M","M","$","M","M","R","M","R","T","M","R","M","?","M","R","B",null],"character_chosen":"DEFECT","items_purchased":["Melter"],"campfire_rested":1,"item_purchase_floors":[3],"current_hp_per_floor":[75,74,74,68,62,62,59,59,59,46,46,26,16,16,40,29,29],"gold":318,"neow_bonus":"RANDOM_COMMON_RELIC","is_prod":false,"is_daily":false,"chose_seed":false,"campfire_upgraded":3,"win_rate":0,"timestamp":1544240901,"path_taken":["M","M","$","M","M","R","M","R","T","M","R","M","?","M","R","BOSS"],"build_version":"2018-12-06","purchased_purges":1,"victory":false,"max_hp_per_floor":[75,80,80,80,80,80,80,80,80,80,80,80,80,80,80,80,80],"card_choices":[{"not_picked":["Doom and Gloom","Rip and Tear"],"picked":"Static Discharge","floor":1},{"not_picked":["Hologram","Gash"],"picked":"Go for the Eyes","floor":2},{"not_picked":["Leap","BootSequence"],"picked":"Auto Shields","floor":4},{"not_picked":["Gash","Turbo","Fusion"],"picked":"SKIP","floor":5},{"not_picked":["Streamline","Recycle"],"picked":"Capacitor","floor":7},{"not_picked":["Static Discharge","Coolheaded","Chill"],"picked":"SKIP","floor":10},{"not_picked":["Steam","Coolheaded"],"picked":"Lockon","floor":12},{"not_picked":["Meteor Strike","Coolheaded"],"picked":"Stack","floor":13},{"not_picked":["Go for the Eyes","Barrage"],"picked":"Undo","floor":14},{"not_picked":["Multi-Cast","Rainbow"],"picked":"Buffer","floor":16},{"not_picked":["Stack","Scrape"],"picked":"Conserve Battery","floor":17},{"not_picked":["Hologram","Stack"],"picked":"Sweeping Beam","floor":17}],"player_experience":527294,"relics_obtained":[{"floor":9,"key":"PreservedInsect"},{"floor":13,"key":"Symbiotic Virus"}],"event_choices":[{"damage_healed":0,"gold_gain":0,"player_choice":"Searched \u00271\u0027 times","damage_taken":0,"max_hp_gain":0,"max_hp_loss":0,"event_name":"Dead Adventurer","floor":13,"gold_loss":0}],"is_beta":false,"boss_relics":[{"not_picked":["Snecko Eye","Velvet Choker"],"picked":"Orrery"}],"items_purged_floors":[3],"is_endless":false,"potions_floor_spawned":[1,2,14],"ascension_level":0}