{"gold_per_floor":[119,68,80,9,9,9,21,96,143,143,161,189,189,464,464,559,559,571,585,684,696,715,744,744,63,63,63,63,63,63,82,82,180,180,194,94,105,117,117,81,95,95,150,168,168],"floor_reached":45,"playtime":3486,"items_purged":["Regret","Strike_G"],"score":450,"play_id":"e82796e9-3e0c-4f23-aa14-5f35913ad28a","local_time":"20181016014825","is_ascension_mode":false,"campfire_choices":[{"data":"Blade Dance","floor":6,"key":"SMITH"},{"data":"Leg Sweep","floor":10,"key":"SMITH"},{"data":"Noxious Fumes","floor":13,"key":"SMITH"},{"data":"Cloak And Dagger","floor":15,"key":"SMITH"},{"floor":24,"key":"REST"},{"data":"Footwork","floor":28,"key":"SMITH"},{"data":"Survivor","floor":32,"key":"SMITH"}],"neow_cost":"NONE","seed_source_timestamp":13250811000958,"circlet_count":0,"master_deck":["Defend_G","Defend_G","Defend_G","Defend_G","Defend_G","Strike_G","Strike_G+1","Strike_G+1","Survivor+1","Neutralize+1","Blade Dance+1","Leg Sweep+1","Noxious Fumes+1","Cloak And Dagger+1","Cloak And Dagger","Corpse Explosion","Cloak And Dagger","Footwork+1","Blade Dance","Crippling Poison","Blade Dance","Madness","Madness","Footwork","Noxious Fumes","Shame"],"relics":["Ring of the Snake","Ornamental Fan","Dream Catcher","Bottled Flame","Orrery","Sundial","Bottled Lightning","Bag of Marbles","Lee\u0027s Waffle","Letter Opener","Cursed Key","Whetstone"],"potions_floor_usage":[12,23,30,33,38,38,45],"damage_taken":[{"damage":1,"enemies":"Cultist","floor":1,"turns":7},{"damage":0,"enemies":"2 Louse","floor":3,"turns":3},{"damage":0,"enemies":"Small Slimes","floor":7,"turns":2},{"damage":0,"enemies":"3 Louse","floor":11,"turns":5},{"damage":18,"enemies":"Lagavulin Event","floor":12,"turns":7},{"damage":19,"enemies":"The Guardian","floor":16,"turns":11},{"damage":2,"enemies":"3 Byrds","floor":18,"turns":3},{"damage":4,"enemies":"Shell Parasite","floor":19,"turns":9},{"damage":7,"enemies":"Snecko","floor":21,"turns":7},{"damage":16,"enemies":"Centurion and Healer","floor":22,"turns":6},{"damage":32,"enemies":"Slavers","floor":23,"turns":9},{"damage":20,"enemies":"Colosseum Slavers","floor":29,"turns":4},{"damage":4,"enemies":"Shelled Parasite and Fungi","floor":30,"turns":2},{"damage":0,"enemies":"3 Cultists","floor":31,"turns":3},{"damage":43,"enemies":"Collector","floor":33,"turns":11},{"damage":0,"enemies":"Orb Walker","floor":35,"turns":5},{"damage":0,"enemies":"3 Darklings","floor":37,"turns":3},{"damage":21,"enemies":"Sphere and 2 Shapes","floor":38,"turns":4},{"damage":3,"enemies":"Maw","floor":41,"turns":9},{"damage":25,"enemies":"Spire Growth","floor":44,"turns":6},{"damage":28,"enemies":"Giant Head","floor":45,"turns":6}],"seed_played":"6340318672345822498","potions_obtained":[{"floor":3,"key":"Explosive Potion"},{"floor":11,"key":"Regen Potion"},{"floor":18,"key":"SmokeBomb"},{"floor":23,"key":"SpeedPotion"},{"floor":33,"key":"EntropicBrew"}],"is_trial":false,"path_per_floor":["M","$","M","$","?","R","M","?","T","R","M","?","R","?","R","B",null,"M","M","?","M","M","E","R","$","T","?","R","?","M","M","R","B",null,"M","$","M","M","?","$","M","?","T","M"],"character_chosen":"THE_SILENT","items_purchased":["Blade Dance","Noxious Fumes","Bottled Lightning","Bag of Marbles","Lee\u0027s Waffle","Footwork"],"campfire_rested":1,"item_purchase_floors":[2,4,25,25,25,40],"current_hp_per_floor":[69,69,69,69,66,66,66,59,59,59,59,55,55,55,55,36,70,68,64,64,57,41,9,30,77,77,77,77,57,53,53,53,10,77,77,77,77,56,46,46,43,43,43,18,0],"gold":168,"neow_bonus":"UPGRADE_CARD","is_prod":false,"is_daily":false,"chose_seed":false,"campfire_upgraded":6,"win_rate":0,"timestamp":1539625705,"path_taken":["M","$","?","$","?","R","M","?","T","R","M","?","R","?","R","BOSS","M","M","?","M","M","E","R","$","T","?","R","?","M","?","R","BOSS","M","$","M","M","?","$","M","?","T","?","E"],"build_version":"2018-09-27","purchased_purges":2,"victory":false,"max_hp_per_floor":[70,70,70,70,70,70,70,70,70,70,70,70,70,70,70,70,70,70,70,70,70,70,70,70,77,77,77,77,77,77,77,77,77,77,77,77,77,77,77,77,77,77,77,77,77],"card_choices":[{"not_picked":["Acrobatics","Expertise","Tactician"],"picked":"SKIP","floor":1},{"not_picked":["Sucker Punch","Prepared"],"picked":"Leg Sweep","floor":3},{"not_picked":["Noxious Fumes","Bane"],"picked":"Cloak And Dagger","floor":7},{"not_picked":["Bouncing Flask","Quick Slash","Deflect"],"picked":"SKIP","floor":11},{"not_picked":["Acrobatics","Slice"],"picked":"Cloak And Dagger","floor":12},{"not_picked":["Bullet Time","Venomology"],"picked":"Corpse Explosion","floor":16},{"not_picked":["Dagger Spray","Sucker Punch"],"picked":"Cloak And Dagger","floor":17},{"not_picked":["Blade Dance","Dagger Throw"],"picked":"Footwork","floor":17},{"not_picked":["Eviscerate","Expertise"],"picked":"Blade Dance","floor":17},{"not_picked":["Outmaneuver","Backflip","Prepared"],"picked":"SKIP","floor":18},{"not_picked":["Catalyst","Backflip+1","Dodge and Roll"],"picked":"SKIP","floor":19},{"not_picked":["Corpse Explosion","Well Laid Plans"],"picked":"Crippling Poison","floor":21},{"not_picked":["All Out Attack","Skewer"],"picked":"Blade Dance","floor":22},{"not_picked":["Predator","Concentrate","Distraction"],"picked":"SKIP","floor":23},{"not_picked":["Deadly Poison","Flechettes","Deflect"],"picked":"SKIP","floor":31},{"not_picked":["Outmaneuver","Catalyst+1","Underhanded Strike+1"],"picked":"SKIP","floor":35},{"not_picked":["Backflip+1","Acrobatics+1","Slice+1"],"picked":"SKIP","floor":37},{"not_picked":["Die Die Die","Quick Slash","Acrobatics"],"picked":"SKIP","floor":38},{"not_picked":["Dodge and Roll","Cloak And Dagger+1"],"picked":"Noxious Fumes","floor":41},{"not_picked":["Setup","Malaise","Concentrate+1"],"picked":"SKIP","floor":44}],"player_experience":91199,"relics_obtained":[{"floor":9,"key":"Dream Catcher"},{"floor":12,"key":"Bottled Flame"},{"floor":23,"key":"Sundial"},{"floor":26,"key":"Letter Opener"},{"floor":43,"key":"Whetstone"}],"event_choices":[{"event_name":"Scrap Ooze","player_choice":"success","floor":5,"damage_taken":3},{"event_name":"FaceTrader","player_choice":"Touch","floor":8,"damage_taken":0},{"event_name":"Dead Adventurer","player_choice":"Searched \u00273\u0027 times","floor":12,"damage_taken":0},{"event_name":"Golden Shrine","player_choice":"Desecrate","floor":14,"damage_taken":0},{"event_name":"Nest","player_choice":"Stole From Cult","floor":20,"damage_taken":0},{"event_name":"Beggar","player_choice":"Ignored","floor":27,"damage_taken":0},{"event_name":"Colosseum","player_choice":"Fight","floor":29,"damage_taken":0},{"event_name":"Colosseum","player_choice":"Fled From Nobs","floor":29,"damage_taken":0},{"event_name":"Winding Halls","player_choice":"Embrace Madness","floor":39,"damage_taken":0},{"event_name":"Falling","player_choice":"Removed Attack","floor":42,"damage_taken":0}],"is_beta":false,"boss_relics":[{"not_picked":["HoveringKite","Eternal Feather"],"picked":"Orrery"},{"not_picked":["Velvet Choker","Ring of the Serpent"],"picked":"Cursed Key"}],"items_purged_floors":[25,36],"is_endless":false,"potions_floor_spawned":[3,11,18,23,29,33],"killed_by":"Giant Head","ascension_level":0}