{"gold_per_floor":[119,119,119,135,155,155,194,194,194,194,235,254,0,75,75,201,201,219,219,219,45,63,89,101,101,101,101,101,101,134,144,144,243,243,256,271,80,90,90],"floor_reached":39,"playtime":3069,"items_purged":["Defend_G"],"score":452,"play_id":"3ed98050-3786-4c71-aeea-3fdf23b00b06","local_time":"20180709034856","is_ascension_mode":false,"campfire_choices":[{"data":"Poisoned Stab","floor":6,"key":"SMITH"},{"floor":8,"key":"REST"},{"data":"Infinite Blades","floor":10,"key":"SMITH"},{"floor":15,"key":"REST"},{"data":"Cloak And Dagger","floor":25,"key":"SMITH"},{"data":"Adrenaline","floor":27,"key":"SMITH"},{"floor":29,"key":"REST"},{"floor":32,"key":"REST"}],"neow_cost":"NONE","seed_source_timestamp":193900444260447,"circlet_count":0,"master_deck":["Defend_G","Defend_G","Defend_G","Strike_G","Strike_G","Survivor","Neutralize","Dodge and Roll","Dodge and Roll","Poisoned Stab+1","Infinite Blades+1","Poisoned Stab+1","Cloak And Dagger+1","Adrenaline+1","Deadly Poison+1","Cloak And Dagger","Footwork","Poisoned Stab+1","Bane","A Thousand Cuts","Poisoned Stab","Storm of Steel","Backflip+1","Prepared+1","After Image","Dagger Spray","Deflect"],"relics":["Ring of the Snake","Strawberry","Bloody Idol","Torii","Girya","Blood Vial","Mercury Hourglass","Runic Pyramid","Gambling Chip","Centennial Puzzle","Kunai","Empty Cage"],"potions_floor_usage":[16,16,33,33],"damage_taken":[{"damage":0,"enemies":"Jaw Worm","floor":1,"turns":5},{"damage":0,"enemies":"Small Slimes","floor":4,"turns":6},{"damage":0,"enemies":"2 Louse","floor":5,"turns":3},{"damage":28,"enemies":"Gremlin Nob","floor":7,"turns":5},{"damage":8,"enemies":"Lagavulin","floor":11,"turns":8},{"damage":1,"enemies":"Large Slime","floor":12,"turns":7},{"damage":32,"enemies":"The Guardian","floor":16,"turns":13},{"damage":6,"enemies":"3 Byrds","floor":18,"turns":5},{"damage":1,"enemies":"Shell Parasite","floor":22,"turns":5},{"damage":15,"enemies":"Book of Stabbing","floor":23,"turns":7},{"damage":26,"enemies":"Snecko","floor":24,"turns":5},{"damage":17,"enemies":"Slavers","floor":30,"turns":6},{"damage":9,"enemies":"Sentry and Sphere","floor":31,"turns":6},{"damage":37,"enemies":"Collector","floor":33,"turns":7},{"damage":40,"enemies":"3 Darklings","floor":35,"turns":7},{"damage":6,"enemies":"Orb Walker","floor":36,"turns":5},{"damage":17,"enemies":"Sphere and 2 Shapes","floor":38,"turns":7},{"damage":37,"enemies":"4 Shapes","floor":39,"turns":3}],"seed_played":"7895173347325862161","potions_obtained":[{"floor":1,"key":"GamblersBrew"},{"floor":7,"key":"Weak Potion"},{"floor":12,"key":"SkillPotion"},{"floor":18,"key":"FearPotion"},{"floor":22,"key":"SteroidPotion"},{"floor":35,"key":"FearPotion"}],"is_trial":false,"path_per_floor":["M","?","?","M","M","R","E","R","T","R","E","M","$","?","R","B",null,"M","?","?","$","M","E","M","R","T","R","?","R","E","M","R","B",null,"M","M","$","M"],"character_chosen":"THE_SILENT","items_purchased":["Mercury Hourglass","Cloak And Dagger","Footwork","After Image","Dagger Spray"],"campfire_rested":4,"item_purchase_floors":[13,21,21,37,37],"current_hp_per_floor":[77,70,51,51,51,51,23,46,46,46,38,39,39,28,51,21,77,71,71,71,71,77,67,48,48,48,48,48,71,61,59,77,45,77,42,43,43,33,0],"gold":90,"neow_bonus":"RANDOM_COMMON_RELIC","is_prod":false,"is_daily":false,"chose_seed":false,"campfire_upgraded":4,"win_rate":0.0,"timestamp":1531075736,"path_taken":["M","?","?","M","M","R","E","R","T","R","E","M","$","?","R","BOSS","M","?","?","?","M","E","M","R","T","R","?","R","E","M","R","BOSS","M","M","$","M","M"],"build_version":"2018-07-05","purchased_purges":1,"victory":false,"max_hp_per_floor":[77,77,77,77,77,77,77,77,77,77,77,77,77,77,77,77,77,77,77,77,77,77,77,77,77,77,77,77,77,77,77,77,77,77,77,77,77,77,77],"card_choices":[{"not_picked":["Crippling Poison","Distraction"],"picked":"Dodge and Roll","floor":1},{"not_picked":["Deflect","Choke"],"picked":"Dodge and Roll","floor":4},{"not_picked":["Flying Knee","Cloak And Dagger"],"picked":"Poisoned Stab","floor":5},{"not_picked":["Blade Dance","Well Laid Plans"],"picked":"Infinite Blades","floor":7},{"not_picked":["Blade Dance","Dodge and Roll"],"picked":"Poisoned Stab","floor":11},{"not_picked":["Acrobatics","Distraction"],"picked":"Cloak And Dagger","floor":12},{"not_picked":["A Thousand Cuts","Tools of the Trade"],"picked":"Adrenaline","floor":16},{"not_picked":["Underhanded Strike","Outmaneuver"],"picked":"Deadly Poison+1","floor":18},{"not_picked":["Acrobatics","Dagger Spray"],"picked":"Poisoned Stab+1","floor":22},{"not_picked":["Dagger Throw+1","Finisher+1","Phantasmal Killer"],"picked":"SKIP","floor":23},{"not_picked":["Endless Agony","Heel Hook+1"],"picked":"Bane","floor":24},{"not_picked":["All Out Attack","Dodge and Roll"],"picked":"A Thousand Cuts","floor":30},{"not_picked":["Riddle With Holes","Dash"],"picked":"Poisoned Stab","floor":31},{"not_picked":["Burst","Wraith Form v2"],"picked":"Storm of Steel","floor":33},{"not_picked":["Escape Plan+1","Poisoned Stab"],"picked":"Backflip+1","floor":35},{"not_picked":["Flechettes+1","Dodge and Roll"],"picked":"Prepared+1","floor":36},{"not_picked":["Tools of the Trade","Dodge and Roll"],"picked":"Deflect","floor":38}],"player_experience":93947,"relics_obtained":[{"floor":7,"key":"Torii"},{"floor":9,"key":"Girya"},{"floor":11,"key":"Blood Vial"},{"floor":23,"key":"Gambling Chip"},{"floor":26,"key":"Centennial Puzzle"},{"floor":30,"key":"Kunai"}],"event_choices":[{"event_name":"Golden Wing","player_choice":"Card Removal","floor":2,"damage_taken":0},{"event_name":"Golden Idol","player_choice":"Take Damage","floor":3,"damage_taken":0},{"event_name":"World of Goop","player_choice":"Gather Gold","floor":14,"damage_taken":0},{"event_name":"Forgotten Altar","player_choice":"Gave Idol","floor":19,"damage_taken":0},{"event_name":"Upgrade Shrine","player_choice":"Upgraded","floor":20,"damage_taken":0},{"event_name":"Back to Basics","player_choice":"Elegance","floor":28,"damage_taken":0}],"boss_relics":[{"not_picked":["Calling Bell","Busted Crown"],"picked":"Runic Pyramid"},{"not_picked":["Velvet Choker","Fusion Hammer"],"picked":"Empty Cage"}],"items_purged_floors":[21],"is_endless":false,"potions_floor_spawned":[1,7,12,18,22,35],"killed_by":"4 Shapes","ascension_level":0}