{"gold_per_floor":[116,116,116,136,136,168,190,209,234,234,41,56,75,96,96,225,225,245,259,3,16,37,37,37,37,110,149,174,190,190,190,190,316,316,332,14,32,157,157,157,197,197,197,210,0,19,37,52,52,52,52,52,52,52],"floor_reached":54,"playtime":2023,"items_purged":["Regret","Strike_B"],"score":889,"play_id":"444ece7d-9e71-4117-afe8-4abc68a214fb","local_time":"20190510094153","is_ascension_mode":true,"campfire_choices":[{"floor":15,"key":"REST"},{"floor":23,"key":"REST"},{"floor":25,"key":"REST"},{"floor":32,"key":"REST"},{"floor":40,"key":"REST"},{"floor":42,"key":"RECALL"},{"floor":49,"key":"REST"},{"floor":52,"key":"REST"}],"neow_cost":"NONE","seed_source_timestamp":2124649538629741,"circlet_count":0,"master_deck":["Strike_B","Defend_B+1","Defend_B","Defend_B","Defend_B","Zap","Dualcast+1","Ball Lightning","Coolheaded","Chaos","Streamline+1","Cold Snap+1","Conserve Battery","Defragment+1","Loop+1","Meteor Strike","Defragment+1","Conserve Battery","Apotheosis","BootSequence+1","Hologram","Panacea","Go for the Eyes","Core Surge","Defragment+1","Leap","Biased Cognition+1","Loop+1","Undo+1","Turbo+1","Coolheaded+1","Core Surge","Hologram+1"],"relics":["Cracked Core","NeowsBlessing","Oddly Smooth Stone","Frozen Egg 2","Odd Mushroom","War Paint","Golden Idol","Runic Capacitor","Fusion Hammer","Matryoshka","Whetstone","Nilry\u0027s Codex","Sozu","Omamori","Emotion Chip","Pen Nib","PreservedInsect","Red Mask"],"potions_floor_usage":[33,33,33],"damage_taken":[{"damage":0,"enemies":"Jaw Worm","floor":1,"turns":1},{"damage":0,"enemies":"2 Louse","floor":4,"turns":1},{"damage":0,"enemies":"Lagavulin","floor":6,"turns":1},{"damage":32,"enemies":"The Mushroom Lair","floor":7,"turns":5},{"damage":2,"enemies":"Cultist","floor":8,"turns":3},{"damage":2,"enemies":"Blue Slaver","floor":12,"turns":3},{"damage":1,"enemies":"2 Fungi Beasts","floor":13,"turns":2},{"damage":2,"enemies":"Large Slime","floor":14,"turns":4},{"damage":8,"enemies":"The Guardian","floor":16,"turns":7},{"damage":13,"enemies":"3 Byrds","floor":18,"turns":3},{"damage":15,"enemies":"Spheric Guardian","floor":19,"turns":4},{"damage":15,"enemies":"Chosen and Byrds","floor":21,"turns":6},{"damage":18,"enemies":"Centurion and Healer","floor":22,"turns":5},{"damage":4,"enemies":"Book of Stabbing","floor":27,"turns":4},{"damage":8,"enemies":"3 Cultists","floor":28,"turns":5},{"damage":5,"enemies":"Sentry and Sphere","floor":29,"turns":5},{"damage":40,"enemies":"Automaton","floor":33,"turns":10},{"damage":0,"enemies":"3 Shapes","floor":35,"turns":5},{"damage":37,"enemies":"3 Darklings","floor":37,"turns":5},{"damage":0,"enemies":"Mind Bloom Boss Battle","floor":38,"turns":5},{"damage":0,"enemies":"Giant Head","floor":41,"turns":10},{"damage":16,"enemies":"Writhing Mass","floor":44,"turns":6},{"damage":0,"enemies":"Spire Growth","floor":46,"turns":5},{"damage":2,"enemies":"4 Shapes","floor":47,"turns":4},{"damage":12,"enemies":"Sphere and 2 Shapes","floor":48,"turns":5},{"damage":16,"enemies":"Time Eater","floor":50,"turns":13},{"damage":75,"enemies":"Shield and Spear","floor":54,"turns":3}],"seed_played":"-6838790697091919886","potions_obtained":[{"floor":6,"key":"Dexterity Potion"},{"floor":7,"key":"Ancient Potion"},{"floor":8,"key":"Strength Potion"},{"floor":12,"key":"FocusPotion"},{"floor":29,"key":"PowerPotion"},{"floor":33,"key":"Energy Potion"}],"is_trial":false,"path_per_floor":["M","?","?","M","?","E","?","M","T","?","$","M","M","M","R","B",null,"M","M","$","M","M","R","?","R","T","E","M","M","?","?","R","B",null,"M","$","M","?","?","R","E","R","T","M","?","M","M","M","R","B",null,"R","$","E"],"character_chosen":"DEFECT","items_purchased":["Runic Capacitor","Apotheosis","Loop+1","Omamori"],"campfire_rested":7,"item_purchase_floors":[11,20,36,36],"current_hp_per_floor":[75,75,75,75,75,75,43,41,41,23,23,21,20,18,40,32,75,62,47,47,32,14,36,36,58,58,54,46,41,25,25,47,7,75,75,75,38,38,38,60,60,60,60,44,44,44,42,30,52,36,75,75,75,0],"gold":52,"neow_bonus":"THREE_ENEMY_KILL","is_prod":false,"is_daily":false,"chose_seed":false,"campfire_upgraded":0,"win_rate":0,"timestamp":1557438113,"path_taken":["M","?","?","?","?","E","?","M","T","?","$","M","M","M","R","BOSS","M","M","$","M","M","R","?","R","T","E","M","?","?","?","R","BOSS","M","$","M","?","?","R","E","R","T","M","?","M","M","M","R","BOSS","R","$","E"],"build_version":"2019-01-23","purchased_purges":2,"victory":false,"max_hp_per_floor":[75,75,75,75,75,75,75,75,75,75,75,75,75,75,75,75,75,75,75,75,75,75,75,75,75,75,75,75,75,75,75,75,75,75,75,75,75,75,75,75,75,75,75,75,75,75,75,75,75,75,75,75,75,75],"card_choices":[{"not_picked":["Compile Driver","Aggregate"],"picked":"Ball Lightning","floor":1},{"not_picked":["Darkness","Conserve Battery"],"picked":"Coolheaded","floor":4},{"not_picked":["Coolheaded","Blizzard"],"picked":"Chaos","floor":6},{"not_picked":["Rebound","Tempest"],"picked":"Streamline","floor":7},{"not_picked":["Beam Cell","Blizzard"],"picked":"Cold Snap","floor":8},{"not_picked":["Rebound","Sweeping Beam"],"picked":"Conserve Battery","floor":12},{"not_picked":["Consume","Coolheaded"],"picked":"Defragment+1","floor":13},{"not_picked":["Hyperbeam","Consume"],"picked":"Loop+1","floor":14},{"not_picked":["Multi-Cast","Echo Form+1"],"picked":"Meteor Strike","floor":16},{"not_picked":["Hello World+1","Sweeping Beam"],"picked":"Defragment+1","floor":18},{"not_picked":["Sweeping Beam","Barrage"],"picked":"Conserve Battery","floor":19},{"not_picked":["Beam Cell","Scrape+1"],"picked":"BootSequence+1","floor":21},{"not_picked":["Rebound","Reprogram+1"],"picked":"Hologram","floor":22},{"not_picked":["Machine Learning+1","Reprogram"],"picked":"Core Surge","floor":27},{"not_picked":["FTL","Streamline"],"picked":"Defragment+1","floor":28},{"not_picked":["Sweeping Beam","Rebound"],"picked":"Leap","floor":29},{"not_picked":["Electrodynamics+1","Hyperbeam"],"picked":"Biased Cognition+1","floor":33},{"not_picked":["Steam+1","Cold Snap+1","Recycle+1"],"picked":"SKIP","floor":35},{"not_picked":["Tempest","Cold Snap"],"picked":"Undo+1","floor":37},{"not_picked":["Rebound","Sweeping Beam"],"picked":"Turbo+1","floor":38},{"not_picked":["Sweeping Beam+1","Barrage+1"],"picked":"Coolheaded+1","floor":41},{"not_picked":["Genetic Algorithm","Steam Power","Leap"],"picked":"SKIP","floor":44},{"not_picked":["Gash","Tempest+1"],"picked":"Core Surge","floor":46},{"not_picked":["Double Energy+1","Ball Lightning+1"],"picked":"Hologram+1","floor":47},{"not_picked":["Scrape+1","Beam Cell","Leap"],"picked":"SKIP","floor":48}],"player_experience":218655,"relics_obtained":[{"floor":6,"key":"Frozen Egg 2"},{"floor":7,"key":"Odd Mushroom"},{"floor":9,"key":"War Paint"},{"floor":26,"key":"Matryoshka"},{"floor":27,"key":"Whetstone"},{"floor":30,"key":"Nilry\u0027s Codex"},{"floor":38,"key":"Emotion Chip"},{"floor":41,"key":"Pen Nib"},{"floor":43,"key":"PreservedInsect"}],"event_choices":[{"damage_healed":0,"gold_gain":0,"player_choice":"Ignored","damage_taken":0,"max_hp_gain":0,"max_hp_loss":0,"event_name":"Golden Wing","floor":2,"gold_loss":0},{"cards_removed":["Strike_B"],"damage_healed":0,"gold_gain":0,"player_choice":"Offered Basic","damage_taken":0,"max_hp_gain":0,"max_hp_loss":0,"event_name":"Bonfire Elementals","floor":3,"gold_loss":0},{"damage_healed":0,"gold_gain":0,"player_choice":"Box","damage_taken":0,"relics_obtained":["Oddly Smooth Stone"],"max_hp_gain":0,"max_hp_loss":0,"event_name":"Big Fish","floor":5,"gold_loss":0,"cards_obtained":["Regret"]},{"damage_healed":0,"gold_gain":0,"player_choice":"Fought Mushrooms","damage_taken":0,"max_hp_gain":0,"max_hp_loss":0,"event_name":"Mushrooms","floor":7,"gold_loss":0},{"damage_healed":0,"gold_gain":0,"player_choice":"Take Damage","damage_taken":18,"relics_obtained":["Golden Idol"],"max_hp_gain":0,"max_hp_loss":0,"event_name":"Golden Idol","floor":10,"gold_loss":0},{"damage_healed":0,"gold_gain":0,"player_choice":"2 cards matched","damage_taken":0,"max_hp_gain":0,"max_hp_loss":0,"event_name":"Match and Keep!","floor":24,"gold_loss":0,"cards_obtained":["Panacea","Go for the Eyes"]},{"damage_healed":0,"gold_gain":0,"player_choice":"Obtained Book","damage_taken":16,"max_hp_gain":0,"max_hp_loss":0,"event_name":"Cursed Tome","floor":30,"gold_loss":0},{"cards_removed":["Strike_B"],"damage_healed":0,"gold_gain":0,"player_choice":"Elegance","damage_taken":0,"max_hp_gain":0,"max_hp_loss":0,"event_name":"Back to Basics","floor":31,"gold_loss":0},{"damage_healed":0,"gold_gain":0,"player_choice":"Fight","damage_taken":0,"max_hp_gain":0,"max_hp_loss":0,"event_name":"MindBloom","floor":38,"gold_loss":0},{"damage_healed":0,"gold_gain":0,"player_choice":"Ignored","damage_taken":0,"max_hp_gain":0,"max_hp_loss":0,"event_name":"Mysterious Sphere","floor":39,"gold_loss":0},{"damage_healed":0,"gold_gain":0,"player_choice":"Paid","damage_taken":0,"relics_obtained":["Red Mask"],"max_hp_gain":0,"max_hp_loss":0,"event_name":"Tomb of Lord Red Mask","floor":45,"gold_loss":210}],"is_beta":false,"boss_relics":[{"not_picked":["Busted Crown","Calling Bell"],"picked":"Fusion Hammer"},{"not_picked":["Snecko Eye","FrozenCore"],"picked":"Sozu"}],"items_purged_floors":[20,36],"is_endless":false,"potions_floor_spawned":[6,7,8,12,13,18,21,28,29,33,35,41,48],"killed_by":"Shield and Spear","ascension_level":4}