{"gold_per_floor":[113,123,135,155,165,165,22,86,86,86,105,105,125,141,141,241,241,261,261,11,23,23,23,40,40,40,40,52,52,70,95,95,95],"floor_reached":33,"playtime":1663,"items_purged":["Bash"],"score":266,"play_id":"7c1c4ac0-8341-4884-a6e3-cda404cce16a","local_time":"20180708003918","is_ascension_mode":false,"campfire_choices":[{"data":"Perfected Strike","floor":6,"key":"SMITH"},{"data":"Shrug It Off","floor":10,"key":"SMITH"},{"data":"Body Slam","floor":12,"key":"SMITH"},{"floor":15,"key":"REST"},{"data":"Twin Strike","floor":23,"key":"SMITH"},{"data":"Perfected Strike","floor":25,"key":"SMITH"},{"data":"Perfected Strike","floor":27,"key":"SMITH"},{"data":"Perfected Strike","floor":29,"key":"SMITH"},{"data":"Armaments","floor":32,"key":"SMITH"}],"neow_cost":"NONE","seed_source_timestamp":97529678757241,"circlet_count":0,"master_deck":["Strike_R","Strike_R","Strike_R","Strike_R","Strike_R","Defend_R","Defend_R","Defend_R","Defend_R","Cleave","Perfected Strike+1","Body Slam+1","Shrug It Off+1","Perfected Strike+1","Rampage+1","Armaments+1","Immolate","Armaments+1","Perfected Strike+1","Twin Strike+1","Perfected Strike+1","Perfected Strike+1","Pommel Strike"],"relics":["Burning Blood","Happy Flower","Frozen Egg 2","Dodecahedron","Vajra","Gremlin Horn","Whetstone"],"potions_floor_usage":[8,8,8,33],"damage_taken":[{"damage":2,"enemies":"2 Louse","floor":1,"turns":3},{"damage":2,"enemies":"Small Slimes","floor":2,"turns":4},{"damage":6,"enemies":"Jaw Worm","floor":3,"turns":3},{"damage":8,"enemies":"Lots of Slimes","floor":4,"turns":3},{"damage":9,"enemies":"Blue Slaver","floor":5,"turns":4},{"damage":21,"enemies":"Lagavulin Event","floor":8,"turns":5},{"damage":7,"enemies":"Gremlin Gang","floor":11,"turns":4},{"damage":17,"enemies":"3 Louse","floor":13,"turns":3},{"damage":0,"enemies":"Exordium Wildlife","floor":14,"turns":3},{"damage":80,"enemies":"Hexaghost","floor":16,"turns":11},{"damage":14,"enemies":"Spheric Guardian","floor":18,"turns":4},{"damage":5,"enemies":"Chosen","floor":21,"turns":4},{"damage":16,"enemies":"Snake Plant","floor":24,"turns":4},{"damage":10,"enemies":"Snecko","floor":28,"turns":4},{"damage":0,"enemies":"Cultist and Chosen","floor":30,"turns":3},{"damage":83,"enemies":"Automaton","floor":33,"turns":6}],"seed_played":"978832149768679851","potions_obtained":[{"floor":2,"key":"Ancient Potion"},{"floor":3,"key":"Fire Potion"},{"floor":5,"key":"Poison Potion"},{"floor":16,"key":"Ancient Potion"},{"floor":21,"key":"Swift Potion"},{"floor":30,"key":"GamblersBrew"}],"is_trial":false,"path_per_floor":["M","M","M","M","M","R","$","?","T","R","M","R","M","M","R","B",null,"M","?","$","M","$","R","M","R","T","R","M","R","M","T","R"],"character_chosen":"IRONCLAD","items_purchased":["Happy Flower","Perfected Strike","Vajra"],"campfire_rested":1,"item_purchase_floors":[7,20,20],"current_hp_per_floor":[88,88,88,86,83,83,83,68,68,68,67,67,56,62,88,14,88,80,80,80,81,81,81,71,71,71,71,67,67,73,73,73,0],"gold":95,"neow_bonus":"TEN_PERCENT_HP_BONUS","is_prod":false,"is_daily":false,"chose_seed":false,"campfire_upgraded":8,"win_rate":0.0,"timestamp":1530977958,"path_taken":["M","M","M","M","M","R","$","?","T","R","M","R","M","M","R","BOSS","M","?","$","M","$","R","M","R","T","R","M","R","M","?","R","BOSS"],"build_version":"2018-07-05","purchased_purges":1,"victory":false,"max_hp_per_floor":[88,88,88,88,88,88,88,88,88,88,88,88,88,88,88,88,88,88,88,88,88,88,88,88,88,88,88,88,88,88,88,88,88],"card_choices":[{"not_picked":["Clash","Feel No Pain"],"picked":"Cleave","floor":1},{"not_picked":["Flex","Anger"],"picked":"Perfected Strike","floor":2},{"not_picked":["Fire Breathing","Cleave","Juggernaut"],"picked":"SKIP","floor":3},{"not_picked":["Intimidate","Thunderclap"],"picked":"Body Slam","floor":4},{"not_picked":["Anger","Combust"],"picked":"Shrug It Off","floor":5},{"not_picked":["Combust","Thunderclap"],"picked":"Perfected Strike","floor":8},{"not_picked":["Anger","Headbutt"],"picked":"Rampage","floor":11},{"not_picked":["Disarm","Perfected Strike"],"picked":"Armaments","floor":13},{"not_picked":["Anger","Dual Wield","Thunderclap"],"picked":"SKIP","floor":14},{"not_picked":["Impervious","Limit Break"],"picked":"Immolate","floor":16},{"not_picked":["Shrug It Off+1","Rampage"],"picked":"Armaments+1","floor":18},{"not_picked":["Combust+1","Reckless Charge"],"picked":"Twin Strike","floor":21},{"not_picked":["Body Slam","Bloodletting"],"picked":"Perfected Strike","floor":24},{"not_picked":["Intimidate","Clash"],"picked":"Perfected Strike","floor":28},{"not_picked":["Pummel","Clash+1"],"picked":"Pommel Strike","floor":30}],"player_experience":62060,"relics_obtained":[{"floor":8,"key":"Frozen Egg 2"},{"floor":9,"key":"Dodecahedron"},{"floor":26,"key":"Gremlin Horn"},{"floor":31,"key":"Whetstone"}],"event_choices":[{"event_name":"Dead Adventurer","player_choice":"Searched \u00273\u0027 times","floor":8,"damage_taken":0},{"event_name":"The Woman in Blue","player_choice":"Bought 0 Potions","floor":19,"damage_taken":0}],"boss_relics":[{"not_picked":["Philosopher\u0027s Stone","Runic Dome","Cursed Key"]}],"items_purged_floors":[20],"is_endless":false,"potions_floor_spawned":[2,3,5,16,21,30],"killed_by":"Automaton","ascension_level":0}