{"gold_per_floor":[219,235,410,5,5,5,48,48,48,109,109,109],"floor_reached":12,"playtime":291,"items_purged":["Doubt"],"score":118,"play_id":"f2610387-8ffe-42df-9b23-03a26bf4130c","local_time":"20190517223458","is_ascension_mode":true,"campfire_choices":[{"data":"Zap","floor":6,"key":"SMITH"},{"floor":8,"key":"REST"}],"neow_cost":"NONE","seed_source_timestamp":2777574781604010,"circlet_count":0,"master_deck":["Strike_B","Strike_B","Strike_B","Strike_B","Defend_B","Defend_B","Defend_B","Defend_B","Zap+1","Dualcast","Sweeping Beam","Hologram","Storm","Injury","Echo Form"],"relics":["Cracked Core","Cables","Golden Idol","Juzu Bracelet","Symbiotic Virus","Tiny Chest","Lantern"],"potions_floor_usage":[12],"damage_taken":[{"damage":4,"enemies":"Small Slimes","floor":1,"turns":3},{"damage":2,"enemies":"2 Louse","floor":2,"turns":2},{"damage":39,"enemies":"Lagavulin","floor":7,"turns":6},{"damage":32,"enemies":"Gremlin Nob","floor":10,"turns":4},{"damage":15,"enemies":"3 Sentries","floor":12,"turns":3}],"seed_played":"-3962120163320851405","potions_obtained":[{"floor":1,"key":"Block Potion"},{"floor":10,"key":"EssenceOfSteel"}],"is_trial":false,"path_per_floor":["M","M","?","$","?","R","E","R","T","E","?","?"],"character_chosen":"DEFECT","items_purchased":["Cables","Storm"],"campfire_rested":1,"item_purchase_floors":[4,4],"current_hp_per_floor":[64,62,62,62,62,62,23,45,45,13,13,0],"gold":109,"neow_bonus":"HUNDRED_GOLD","is_prod":false,"is_daily":false,"chose_seed":false,"campfire_upgraded":1,"win_rate":0,"timestamp":1558089298,"path_taken":["M","M","?","$","?","R","E","R","T","E","?","?"],"build_version":"2019-01-23","purchased_purges":1,"victory":false,"max_hp_per_floor":[75,75,75,75,75,75,75,75,75,75,75,75],"card_choices":[{"not_picked":["Recycle","Go for the Eyes"],"picked":"Sweeping Beam","floor":1},{"not_picked":["Tempest","Redo"],"picked":"Hologram","floor":2},{"not_picked":["Gash","Steam","Hyperbeam"],"picked":"SKIP","floor":7},{"not_picked":["Go for the Eyes","Cold Snap"],"picked":"Echo Form","floor":10}],"player_experience":290390,"relics_obtained":[{"floor":7,"key":"Juzu Bracelet"},{"floor":9,"key":"Symbiotic Virus"},{"floor":10,"key":"Tiny Chest"}],"event_choices":[{"damage_healed":0,"gold_gain":175,"player_choice":"AGREE","damage_taken":0,"max_hp_gain":0,"max_hp_loss":0,"event_name":"Liars Game","floor":3,"gold_loss":0,"cards_obtained":["Doubt"]},{"damage_healed":0,"gold_gain":0,"player_choice":"Take Wound","damage_taken":0,"relics_obtained":["Golden Idol"],"max_hp_gain":0,"max_hp_loss":0,"event_name":"Golden Idol","floor":5,"gold_loss":0,"cards_obtained":["Injury"]},{"damage_healed":0,"gold_gain":0,"player_choice":"Gave Potion","damage_taken":0,"relics_obtained":["Lantern"],"max_hp_gain":0,"max_hp_loss":0,"event_name":"WeMeetAgain","floor":11,"gold_loss":0},{"damage_healed":0,"gold_gain":0,"player_choice":"Searched \u00271\u0027 times","damage_taken":0,"max_hp_gain":0,"max_hp_loss":0,"event_name":"Dead Adventurer","floor":12,"gold_loss":0}],"is_beta":false,"boss_relics":[],"items_purged_floors":[4],"is_endless":false,"potions_floor_spawned":[1,10],"killed_by":"3 Sentries","ascension_level":8}