{"gold_per_floor":[214,214,214,232,252,252,33,44,97,123,123,138,65,90,90,194,194,210,210,228,248,248,248,266,293,293,293,307,307,15,25,25,128,128,138,153,2,2,14,14],"floor_reached":40,"playtime":2519,"items_purged":["Regret","Strike_R+1"],"score":485,"play_id":"0b547d55-a0c8-4c09-bcb1-a836f8fe9f6b","local_time":"20180831025853","is_ascension_mode":true,"campfire_choices":[{"data":"Pommel Strike","floor":6,"key":"SMITH"},{"data":"Bash","floor":11,"key":"SMITH"},{"floor":15,"key":"REST"},{"data":"Fiend Fire","floor":23,"key":"SMITH"},{"data":"Shrug It Off","floor":27,"key":"SMITH"},{"data":"Whirlwind","floor":29,"key":"SMITH"},{"floor":32,"key":"REST"}],"neow_cost":"NONE","seed_source_timestamp":976341620257203,"circlet_count":0,"master_deck":["Strike_R+1","Strike_R+1","Strike_R+1","Defend_R+1","Defend_R+1","Defend_R+1","Defend_R+1","Bash+1","Pommel Strike+1","Warcry","Rage+1","Whirlwind+1","Fiend Fire+1","Ghostly Armor","Seeing Red","Fire Breathing+1","Shrug It Off+1","Armaments+1","Shrug It Off","Offering","Shrug It Off","Fire Breathing+1","Combust+1","Warcry+1","Whirlwind+1","Pommel Strike+1","Inflame+1","Wild Strike+1"],"relics":["Burning Blood","Strawberry","Frozen Egg 2","Happy Flower","War Paint","Pear","Red Skull","Runic Pyramid","Blood Vial","Molten Egg 2","Oddly Smooth Stone","Bag of Marbles","Orrery"],"potions_floor_usage":[5,10,10,12,18,33,35,39,40],"damage_taken":[{"damage":6,"enemies":"Cultist","floor":1,"turns":4},{"damage":11,"enemies":"2 Louse","floor":4,"turns":2},{"damage":10,"enemies":"Jaw Worm","floor":5,"turns":4},{"damage":11,"enemies":"Looter","floor":8,"turns":3},{"damage":26,"enemies":"Lagavulin","floor":10,"turns":7},{"damage":0,"enemies":"3 Louse","floor":12,"turns":1},{"damage":18,"enemies":"3 Sentries","floor":14,"turns":6},{"damage":61,"enemies":"Hexaghost","floor":16,"turns":11},{"damage":4,"enemies":"Shell Parasite","floor":18,"turns":2},{"damage":0,"enemies":"Spheric Guardian","floor":20,"turns":3},{"damage":23,"enemies":"Centurion and Healer","floor":21,"turns":7},{"damage":4,"enemies":"Snecko","floor":24,"turns":4},{"damage":5,"enemies":"Book of Stabbing","floor":25,"turns":5},{"damage":24,"enemies":"Cultist and Chosen","floor":28,"turns":5},{"damage":7,"enemies":"Shelled Parasite and Fungi","floor":31,"turns":5},{"damage":75,"enemies":"Automaton","floor":33,"turns":14},{"damage":20,"enemies":"3 Darklings","floor":35,"turns":2},{"damage":6,"enemies":"Orb Walker","floor":36,"turns":4},{"damage":21,"enemies":"3 Darklings","floor":39,"turns":2},{"damage":133,"enemies":"Giant Head","floor":40,"turns":10}],"seed_played":"-8873189197893743082","potions_obtained":[{"floor":4,"key":"BloodPotion"},{"floor":5,"key":"LiquidBronze"},{"floor":8,"key":"Poison Potion"},{"floor":10,"key":"Explosive Potion"},{"floor":16,"key":"Fire Potion"},{"floor":24,"key":"Energy Potion"},{"floor":25,"key":"Strength Potion"},{"floor":31,"key":"PowerPotion"},{"floor":33,"key":"Regen Potion"},{"floor":36,"key":"Poison Potion"}],"is_trial":false,"path_per_floor":["M","?","?","M","M","R","$","M","T","E","R","M","$","E","R","B",null,"M","?","M","M","?","R","M","E","T","R","M","R","$","M","R","B",null,"M","M","$","?","M"],"character_chosen":"IRONCLAD","items_purchased":["Happy Flower","Whirlwind","Oddly Smooth Stone","Bag of Marbles","Pommel Strike+1"],"campfire_rested":2,"item_purchase_floors":[7,13,30,30,37],"current_hp_per_floor":[80,87,69,64,68,68,68,63,63,53,53,59,59,47,76,21,97,97,97,97,80,80,80,82,83,83,83,67,67,67,68,97,28,97,83,85,85,85,81,0],"gold":14,"neow_bonus":"HUNDRED_GOLD","is_prod":false,"is_daily":false,"chose_seed":false,"campfire_upgraded":5,"win_rate":0,"timestamp":1535651933,"path_taken":["M","?","?","M","M","R","$","M","T","E","R","M","$","E","R","BOSS","M","?","?","M","?","R","M","E","T","R","M","R","$","M","R","BOSS","M","?","$","?","M","E"],"build_version":"2018-08-23v2","purchased_purges":2,"victory":false,"max_hp_per_floor":[80,87,87,87,87,87,87,87,87,97,97,97,97,97,97,97,97,97,97,97,97,97,97,97,97,97,97,97,97,97,97,97,97,97,97,97,97,97,97,97],"card_choices":[{"not_picked":["Sword Boomerang","Cleave"],"picked":"Pommel Strike","floor":1},{"not_picked":["Flex","Sword Boomerang"],"picked":"Warcry","floor":4},{"not_picked":["Battle Trance","Burning Pact"],"picked":"Rage","floor":5},{"not_picked":["Headbutt","Exhume","Blood for Blood"],"picked":"SKIP","floor":8},{"not_picked":["Cleave","Sword Boomerang","Headbutt"],"picked":"SKIP","floor":10},{"not_picked":["Anger","Clothesline","Clash"],"picked":"SKIP","floor":12},{"not_picked":["Warcry","True Grit","Bloodletting"],"picked":"SKIP","floor":14},{"not_picked":["Impervious","Immolate"],"picked":"Fiend Fire","floor":16},{"not_picked":["Dual Wield","Warcry"],"picked":"Ghostly Armor","floor":18},{"not_picked":["Wild Strike","Heavy Blade+1"],"picked":"Seeing Red","floor":20},{"not_picked":["Feel No Pain+1","Cleave+1"],"picked":"Fire Breathing+1","floor":21},{"not_picked":["Armaments","Twin Strike"],"picked":"Shrug It Off","floor":24},{"not_picked":["Whirlwind","Perfected Strike"],"picked":"Armaments+1","floor":25},{"not_picked":["Exhume","Disarm+1"],"picked":"Shrug It Off","floor":28},{"not_picked":["Havoc","Corruption+1","Headbutt+1"],"picked":"SKIP","floor":31},{"not_picked":["Bludgeon+1","Fiend Fire+1"],"picked":"Offering","floor":33},{"not_picked":["Thunderclap+1","Body Slam+1"],"picked":"Shrug It Off","floor":34},{"not_picked":["Havoc+1","Twin Strike+1"],"picked":"Fire Breathing+1","floor":34},{"not_picked":["Shockwave","Spot Weakness"],"picked":"Combust+1","floor":34},{"not_picked":["Disarm+1","Dropkick+1"],"picked":"Warcry+1","floor":35},{"not_picked":["Flex+1","Offering"],"picked":"Whirlwind+1","floor":36},{"not_picked":["True Grit","Disarm+1"],"picked":"Wild Strike+1","floor":39}],"player_experience":171522,"relics_obtained":[{"floor":9,"key":"War Paint"},{"floor":10,"key":"Pear"},{"floor":14,"key":"Red Skull"},{"floor":25,"key":"Blood Vial"},{"floor":26,"key":"Molten Egg 2"}],"event_choices":[{"event_name":"Big Fish","player_choice":"Box","floor":2,"damage_taken":0},{"event_name":"Scrap Ooze","player_choice":"success","floor":3,"damage_taken":18},{"event_name":"Back to Basics","player_choice":"Simplicity","floor":19,"damage_taken":0},{"event_name":"Vampires","player_choice":"Ignored","floor":22,"damage_taken":0},{"event_name":"Transmorgrifier","player_choice":"Transform","floor":38,"damage_taken":0}],"is_beta":false,"boss_relics":[{"not_picked":["Lizard Tail","Runic Dome"],"picked":"Runic Pyramid"},{"not_picked":["Astrolabe","Fusion Hammer"],"picked":"Orrery"}],"items_purged_floors":[7,37],"is_endless":false,"potions_floor_spawned":[4,5,8,10,16,24,25,31,33,36],"killed_by":"Giant Head","ascension_level":2}