{"gold_per_floor":[113,126,301,251,270,270,270,270,270,303,5,20,20,33,33,164,164,179,129,150,163,186,186,211,211,260,0,0,0,0,39,39,39],"floor_reached":33,"playtime":1262,"items_purged":[],"score":411,"play_id":"57dc54a6-5ff4-43e4-9530-041637ded376","local_time":"20190515130625","is_ascension_mode":true,"campfire_choices":[{"data":"Neutralize","floor":6,"key":"SMITH"},{"floor":8,"key":"REST"},{"floor":15,"key":"REST"},{"floor":23,"key":"REST"},{"floor":25,"key":"REST"},{"floor":28,"key":"REST"},{"data":"Footwork","floor":30,"key":"SMITH"},{"floor":32,"key":"REST"}],"neow_cost":"NONE","seed_source_timestamp":2569686403889380,"circlet_count":0,"master_deck":["AscendersBane","Defend_G+1","Defend_G+1","Defend_G+1","Defend_G+1","Defend_G+1","Strike_G+1","Strike_G+1","Strike_G+1","Strike_G+1","Strike_G+1","Survivor","Neutralize+1","Poisoned Stab","PiercingWail","Deadly Poison","Adrenaline","Dodge and Roll","After Image","Die Die Die","Footwork+1","Backflip","PiercingWail","Poisoned Stab","PiercingWail","Flying Knee","Deadly Poison","Poisoned Stab+1","Dodge and Roll","Heel Hook","Prepared+1","Deflect+1","Envenom","Bane"],"relics":["Ring of the Snake","NeowsBlessing","Golden Idol","War Paint","Shuriken","Anchor","Orrery","Dream Catcher","Potion Belt"],"potions_floor_usage":[10,21,21,31],"damage_taken":[{"damage":0,"enemies":"2 Louse","floor":1,"turns":1},{"damage":0,"enemies":"Small Slimes","floor":2,"turns":1},{"damage":0,"enemies":"Jaw Worm","floor":5,"turns":1},{"damage":25,"enemies":"Lagavulin","floor":10,"turns":8},{"damage":0,"enemies":"Looter","floor":12,"turns":4},{"damage":0,"enemies":"3 Louse","floor":14,"turns":3},{"damage":29,"enemies":"The Guardian","floor":16,"turns":14},{"damage":23,"enemies":"Chosen","floor":18,"turns":9},{"damage":13,"enemies":"Shell Parasite","floor":20,"turns":7},{"damage":11,"enemies":"Chosen and Byrds","floor":21,"turns":7},{"damage":13,"enemies":"Centurion and Healer","floor":22,"turns":14},{"damage":14,"enemies":"Cultist and Chosen","floor":24,"turns":8},{"damage":25,"enemies":"Book of Stabbing","floor":31,"turns":7},{"damage":56,"enemies":"Automaton","floor":33,"turns":8}],"seed_played":"6542237844729623228","potions_obtained":[{"floor":2,"key":"AttackPotion"},{"floor":10,"key":"GhostInAJar"},{"floor":16,"key":"Block Potion"},{"floor":24,"key":"SkillPotion"}],"is_trial":false,"path_per_floor":["M","M","?","?","M","R","?","R","T","E","$","M","$","M","R","B",null,"M","$","M","M","M","R","M","R","T","?","R","?","R","E","R","B"],"character_chosen":"THE_SILENT","items_purchased":["Adrenaline","Anchor","Deadly Poison"],"campfire_rested":6,"item_purchase_floors":[11,11,19],"current_hp_per_floor":[63,63,63,63,63,63,46,67,67,42,42,42,42,42,63,34,61,38,38,25,14,1,22,8,29,29,29,50,50,50,25,46,0],"gold":39,"neow_bonus":"THREE_ENEMY_KILL","is_prod":false,"is_daily":false,"chose_seed":false,"campfire_upgraded":2,"win_rate":0,"timestamp":1557882385,"path_taken":["M","M","?","?","M","R","?","R","T","E","$","M","?","M","R","BOSS","M","$","M","M","M","R","M","R","T","?","R","?","R","E","R","BOSS"],"build_version":"2019-01-23","purchased_purges":0,"victory":false,"max_hp_per_floor":[70,70,70,70,70,70,70,70,70,70,70,70,70,70,70,70,70,70,70,70,70,70,70,70,70,70,70,70,70,70,70,70,70],"card_choices":[{"not_picked":["Blade Dance","Reflex","Bane"],"picked":"SKIP","floor":1},{"not_picked":["Dash","Dagger Throw"],"picked":"Poisoned Stab","floor":2},{"not_picked":["Blade Dance","Terror"],"picked":"PiercingWail","floor":5},{"not_picked":["Dagger Throw","Bane"],"picked":"Deadly Poison","floor":10},{"not_picked":["Expertise","Deflect"],"picked":"Dodge and Roll","floor":12},{"not_picked":["Deflect","Underhanded Strike"],"picked":"After Image","floor":14},{"not_picked":["Bullet Time","Doppelganger"],"picked":"Die Die Die","floor":16},{"not_picked":["Deflect","Dodge and Roll"],"picked":"Footwork","floor":17},{"not_picked":["Dodge and Roll","Choke"],"picked":"Backflip","floor":17},{"not_picked":["Deflect","Bane"],"picked":"PiercingWail","floor":17},{"not_picked":["Tactician","Grand Finale"],"picked":"Poisoned Stab","floor":17},{"not_picked":["Blade Dance","Backstab"],"picked":"PiercingWail","floor":17},{"not_picked":["Deflect+1","Underhanded Strike"],"picked":"Flying Knee","floor":18},{"not_picked":["Deadly Poison","Setup+1"],"picked":"Poisoned Stab+1","floor":20},{"not_picked":["Slice","Underhanded Strike"],"picked":"Dodge and Roll","floor":21},{"not_picked":["Acrobatics","Slice"],"picked":"Heel Hook","floor":22},{"not_picked":["Envenom","Eviscerate"],"picked":"Prepared+1","floor":24},{"not_picked":["Riddle With Holes","Blade Dance"],"picked":"Deflect+1","floor":28},{"not_picked":["Dagger Throw","Masterful Stab"],"picked":"Envenom","floor":31},{"not_picked":["Cloak And Dagger","Deadly Poison+1"],"picked":"Bane","floor":32}],"player_experience":262710,"relics_obtained":[{"floor":9,"key":"War Paint"},{"floor":10,"key":"Shuriken"},{"floor":26,"key":"Dream Catcher"},{"floor":31,"key":"Potion Belt"}],"event_choices":[{"damage_healed":0,"gold_gain":175,"player_choice":"AGREE","damage_taken":0,"max_hp_gain":0,"max_hp_loss":0,"event_name":"Liars Game","floor":3,"gold_loss":0,"cards_obtained":["Doubt"]},{"cards_removed":["Doubt"],"damage_healed":0,"gold_gain":0,"player_choice":"Card Removal","damage_taken":0,"max_hp_gain":0,"max_hp_loss":0,"event_name":"The Cleric","floor":4,"gold_loss":50},{"damage_healed":0,"gold_gain":0,"player_choice":"Take Damage","damage_taken":17,"relics_obtained":["Golden Idol"],"max_hp_gain":0,"max_hp_loss":0,"event_name":"Golden Idol","floor":7,"gold_loss":0},{"damage_healed":0,"gold_gain":0,"player_choice":"Paid Fearfully","damage_taken":0,"max_hp_gain":0,"max_hp_loss":0,"event_name":"Masked Bandits","floor":27,"gold_loss":260},{"damage_healed":0,"gold_gain":0,"player_choice":"Simplicity","damage_taken":0,"max_hp_gain":0,"max_hp_loss":0,"event_name":"Back to Basics","floor":29,"gold_loss":0,"cards_upgraded":["Defend_G","Defend_G","Defend_G","Strike_G","Strike_G","Strike_G","Strike_G","Strike_G"]}],"is_beta":false,"boss_relics":[{"not_picked":["Eternal Feather","Runic Pyramid"],"picked":"Orrery"}],"items_purged_floors":[],"is_endless":false,"potions_floor_spawned":[2,10,16,18,24],"killed_by":"Automaton","ascension_level":11}