{"gold_per_floor":[119,139,139,158,183,183,197,51,51,51,76,26,67,67,67,191,191,210,226,251,251,251],"floor_reached":22,"playtime":686,"items_purged":[],"score":291,"play_id":"4a2b5a35-2e33-4327-9a59-655f70f20530","local_time":"20190514153521","is_ascension_mode":true,"campfire_choices":[{"floor":6,"key":"REST"},{"data":"Well Laid Plans","floor":10,"key":"SMITH"},{"floor":15,"key":"REST"}],"neow_cost":"NONE","seed_source_timestamp":2492797844122030,"circlet_count":0,"master_deck":["AscendersBane","Defend_G","Defend_G","Defend_G","Defend_G","Defend_G","Strike_G","Strike_G","Strike_G","Survivor","Neutralize","Bouncing Flask","PiercingWail","Deadly Poison","Backflip","Well Laid Plans+1","Noxious Fumes","Bouncing Flask","Catalyst","Blur","Adrenaline","Bane","Backflip","Adrenaline","Dash","Quick Slash"],"relics":["Ring of the Snake","Juzu Bracelet","Golden Idol","Pantograph","Boot","Lizard Tail"],"potions_floor_usage":[13],"damage_taken":[{"damage":1,"enemies":"Small Slimes","floor":1,"turns":5},{"damage":4,"enemies":"2 Louse","floor":2,"turns":2},{"damage":2,"enemies":"Jaw Worm","floor":4,"turns":4},{"damage":14,"enemies":"Blue Slaver","floor":5,"turns":4},{"damage":6,"enemies":"2 Fungi Beasts","floor":7,"turns":4},{"damage":23,"enemies":"3 Louse","floor":11,"turns":4},{"damage":12,"enemies":"Gremlin Nob","floor":13,"turns":3},{"damage":29,"enemies":"The Guardian","floor":16,"turns":9},{"damage":0,"enemies":"Chosen","floor":18,"turns":4},{"damage":0,"enemies":"Spheric Guardian","floor":19,"turns":3},{"damage":83,"enemies":"3 Cultists","floor":20,"turns":8},{"damage":17,"enemies":"Centurion and Healer","floor":22,"turns":2}],"seed_played":"-5107785654641710477","potions_obtained":[{"floor":1,"key":"LiquidBronze"},{"floor":2,"key":"GhostInAJar"},{"floor":16,"key":"Strength Potion"},{"floor":19,"key":"LiquidBronze"}],"is_trial":false,"path_per_floor":["M","M","?","M","M","R","M","$","T","R","M","?","E","$","R","B",null,"M","M","M","?","M"],"character_chosen":"THE_SILENT","items_purchased":["Noxious Fumes","Bouncing Flask"],"campfire_rested":2,"item_purchase_floors":[8,8],"current_hp_per_floor":[62,58,41,39,25,46,40,40,40,40,17,17,5,5,26,22,58,58,58,16,16,0],"gold":251,"neow_bonus":"RANDOM_COMMON_RELIC","is_prod":false,"is_daily":false,"chose_seed":false,"campfire_upgraded":1,"win_rate":0,"timestamp":1557804921,"path_taken":["M","M","?","M","M","R","M","$","T","R","M","?","E","$","R","BOSS","M","M","M","?","M"],"build_version":"2019-01-23","purchased_purges":0,"victory":false,"max_hp_per_floor":[70,70,70,70,70,70,70,70,70,70,70,70,70,70,70,70,70,70,70,70,70,70],"card_choices":[{"not_picked":["Eviscerate","Outmaneuver"],"picked":"Bouncing Flask","floor":1},{"not_picked":["Deadly Poison","Bane"],"picked":"PiercingWail","floor":2},{"not_picked":["Choke","Underhanded Strike"],"picked":"Deadly Poison","floor":4},{"not_picked":["Acrobatics","Dagger Throw"],"picked":"Backflip","floor":5},{"not_picked":["Backflip","Flying Knee"],"picked":"Well Laid Plans","floor":7},{"not_picked":["Dagger Throw","Doppelganger"],"picked":"Catalyst","floor":11},{"not_picked":["Finisher","Dagger Throw"],"picked":"Blur","floor":13},{"not_picked":["After Image","Wraith Form v2"],"picked":"Adrenaline","floor":16},{"not_picked":["Masterful Stab+1","Dagger Spray"],"picked":"Bane","floor":18},{"not_picked":["Escape Plan","Terror"],"picked":"Backflip","floor":19},{"not_picked":["Flechettes","Poisoned Stab"],"picked":"Adrenaline","floor":20}],"player_experience":244773,"relics_obtained":[{"floor":9,"key":"Pantograph"},{"floor":13,"key":"Boot"}],"event_choices":[{"damage_healed":0,"gold_gain":0,"player_choice":"Take Damage","damage_taken":17,"relics_obtained":["Golden Idol"],"max_hp_gain":0,"max_hp_loss":0,"event_name":"Golden Idol","floor":3,"gold_loss":0},{"damage_healed":0,"gold_gain":0,"player_choice":"Left Gold","damage_taken":0,"max_hp_gain":0,"max_hp_loss":0,"event_name":"World of Goop","floor":12,"gold_loss":50},{"damage_healed":0,"gold_gain":0,"cards_transformed":["Strike_G","Strike_G"],"player_choice":"Became Test Subject","damage_taken":0,"max_hp_gain":0,"max_hp_loss":0,"event_name":"Drug Dealer","floor":21,"gold_loss":0,"cards_obtained":["Dash","Quick Slash"]}],"is_beta":false,"boss_relics":[{"not_picked":["Black Star","WristBlade"],"picked":"Lizard Tail"}],"items_purged_floors":[],"is_endless":false,"potions_floor_spawned":[1,2,11,16,19],"killed_by":"Centurion and Healer","ascension_level":11}