{"gold_per_floor":[112,112,126,145,162,162,187,187,187,187,187,203,203,222,222,319,319,337,354,354],"floor_reached":20,"playtime":932,"items_purged":[],"score":194,"play_id":"2d1145ea-741e-44fd-b18e-0b07d07668dc","local_time":"20190427164816","is_ascension_mode":true,"campfire_choices":[{"floor":6,"key":"REST"},{"data":"Noxious Fumes","floor":8,"key":"SMITH"},{"floor":13,"key":"REST"},{"data":"Caltrops","floor":15,"key":"SMITH"}],"neow_cost":"PERCENT_DAMAGE","seed_source_timestamp":1028127023846290,"circlet_count":0,"master_deck":["Defend_G","Defend_G","Defend_G","Defend_G","Defend_G","Strike_G","Strike_G","Strike_G","Strike_G","Survivor","Neutralize","Noxious Fumes+1","Cloak And Dagger","Acrobatics","Deadly Poison","After Image","Caltrops+1","A Thousand Cuts","Acrobatics","Backflip"],"relics":["Ring of the Snake","Pocketwatch","Blue Candle","Ninja Scroll","Black Star"],"potions_floor_usage":[],"damage_taken":[{"damage":1,"enemies":"Small Slimes","floor":1,"turns":4},{"damage":1,"enemies":"Cultist","floor":3,"turns":4},{"damage":2,"enemies":"2 Louse","floor":4,"turns":3},{"damage":3,"enemies":"Looter","floor":5,"turns":4},{"damage":17,"enemies":"Lagavulin","floor":7,"turns":8},{"damage":5,"enemies":"Gremlin Gang","floor":12,"turns":6},{"damage":16,"enemies":"Exordium Thugs","floor":14,"turns":4},{"damage":45,"enemies":"Slime Boss","floor":16,"turns":12},{"damage":35,"enemies":"3 Byrds","floor":18,"turns":5},{"damage":16,"enemies":"Chosen","floor":19,"turns":5},{"damage":29,"enemies":"Centurion and Healer","floor":20,"turns":6}],"seed_played":"4417781383326472626","potions_obtained":[{"floor":4,"key":"Swift Potion"},{"floor":7,"key":"FearPotion"},{"floor":12,"key":"LiquidBronze"},{"floor":16,"key":"Swift Potion"}],"is_trial":false,"path_per_floor":["M","?","M","M","M","R","E","R","T","?","?","M","R","M","R","B",null,"M","M","M"],"character_chosen":"THE_SILENT","items_purchased":[],"campfire_rested":2,"item_purchase_floors":[],"current_hp_per_floor":[48,48,47,45,42,63,46,46,46,51,51,46,68,52,52,7,75,40,24,0],"gold":354,"neow_bonus":"ONE_RARE_RELIC","is_prod":false,"is_daily":false,"chose_seed":false,"campfire_upgraded":2,"win_rate":0,"timestamp":1556340496,"path_taken":["M","?","M","M","?","R","E","R","T","?","?","M","R","M","R","BOSS","M","M","?"],"build_version":"2019-01-23","purchased_purges":0,"victory":false,"max_hp_per_floor":[70,70,70,70,70,70,70,70,70,75,75,75,75,75,75,75,75,75,75,75],"card_choices":[{"not_picked":["Outmaneuver","Acrobatics"],"picked":"Noxious Fumes","floor":1},{"not_picked":["Bane","Dagger Throw"],"picked":"Cloak And Dagger","floor":3},{"not_picked":["Crippling Poison","Distraction"],"picked":"Acrobatics","floor":4},{"not_picked":["Dash","Acrobatics"],"picked":"Deadly Poison","floor":5},{"not_picked":["All Out Attack","Distraction"],"picked":"After Image","floor":7},{"not_picked":["Outmaneuver","Bane","Riddle With Holes"],"picked":"SKIP","floor":12},{"not_picked":["Calculated Gamble","Flying Knee"],"picked":"Caltrops","floor":14},{"not_picked":["Burst","Adrenaline"],"picked":"A Thousand Cuts","floor":16},{"not_picked":["Tactician","Setup"],"picked":"Acrobatics","floor":18},{"not_picked":["Concentrate+1","Quick Slash"],"picked":"Backflip","floor":19}],"player_experience":97719,"relics_obtained":[{"floor":7,"key":"Blue Candle"},{"floor":9,"key":"Ninja Scroll"}],"event_choices":[{"damage_healed":0,"gold_gain":0,"player_choice":"Bought 0 Potions","damage_taken":0,"max_hp_gain":0,"max_hp_loss":0,"event_name":"The Woman in Blue","floor":2,"gold_loss":0},{"damage_healed":0,"gold_gain":0,"player_choice":"Donut","damage_taken":0,"max_hp_gain":5,"max_hp_loss":0,"event_name":"Big Fish","floor":10,"gold_loss":0},{"cards_removed":["Strike_G"],"damage_healed":0,"gold_gain":0,"player_choice":"Offered Basic","damage_taken":0,"max_hp_gain":0,"max_hp_loss":0,"event_name":"Bonfire Elementals","floor":11,"gold_loss":0}],"is_beta":false,"boss_relics":[{"not_picked":["WristBlade","Astrolabe"],"picked":"Black Star"}],"items_purged_floors":[],"is_endless":false,"potions_floor_spawned":[4,7,12,16],"killed_by":"Centurion and Healer","ascension_level":2}