{"gold_per_floor":[112,128,147,48,58,58,78,78,103,103,122,186,186,205,205,304,304,324,29,128,53,53,53,53,53,53,66,66,86,104,104,104,104],"floor_reached":33,"playtime":1254,"items_purged":["Defend_R"],"score":237,"play_id":"b05a82de-e7a0-4771-a393-9cad16a647c6","local_time":"20190510202053","is_ascension_mode":false,"campfire_choices":[{"data":"Perfected Strike","floor":6.0,"key":"SMITH"},{"floor":10.0,"key":"REST"},{"data":"Armaments","floor":13.0,"key":"SMITH"},{"data":"Flex","floor":15.0,"key":"SMITH"},{"data":"J.A.X.","floor":23.0,"key":"SMITH"},{"data":"Twin Strike","floor":25.0,"key":"SMITH"},{"floor":28.0,"key":"REST"},{"floor":32,"key":"REST"}],"neow_cost":"NONE","seed_source_timestamp":695116353181212,"circlet_count":0,"master_deck":["Strike_R","Strike_R","Strike_R","Strike_R","Strike_R","Defend_R","Defend_R","Bash+1","Perfected Strike+1","Armaments+1","Iron Wave","Flex+1","Cleave","Pommel Strike","Twin Strike+1","J.A.X.+1","Twin Strike","Shrug It Off"],"special_seed":0,"relics":["Burning Blood","Smiling Mask","Strawberry","Black Star","Paper Frog","Charon\u0027s Ashes"],"potions_floor_usage":[31],"damage_taken":[{"damage":8.0,"enemies":"Small Slimes","floor":1.0,"turns":4.0},{"damage":3.0,"enemies":"Jaw Worm","floor":2.0,"turns":3.0},{"damage":5.0,"enemies":"2 Louse","floor":3.0,"turns":3.0},{"damage":7.0,"enemies":"2 Fungi Beasts","floor":5.0,"turns":4.0},{"damage":3.0,"enemies":"3 Louse","floor":7.0,"turns":3.0},{"damage":9.0,"enemies":"Blue Slaver","floor":11.0,"turns":3.0},{"damage":11.0,"enemies":"Large Slime","floor":14.0,"turns":4.0},{"damage":20.0,"enemies":"The Guardian","floor":16.0,"turns":9.0},{"damage":5.0,"enemies":"Chosen","floor":18.0,"turns":4.0},{"damage":35.0,"enemies":"Shell Parasite","floor":27.0,"turns":5.0},{"damage":38.0,"enemies":"Centurion and Healer","floor":29.0,"turns":4.0},{"damage":19.0,"enemies":"Snake Plant","floor":30.0,"turns":3.0},{"damage":28,"enemies":"Colosseum Slavers","floor":31,"turns":3},{"damage":45,"enemies":"Champ","floor":33,"turns":3}],"seed_played":"-6714991561956242331","potions_obtained":[{"floor":1.0,"key":"SpeedPotion"},{"floor":5.0,"key":"PowerPotion"},{"floor":7.0,"key":"SkillPotion"},{"floor":30.0,"key":"Explosive Potion"}],"is_trial":false,"path_per_floor":["M","M","M","$","M","R","M","?","T","R","M","?","R","M","R","B",null,"M","$","?","?","?","R","$","R","T","M","R","M","M","?","R","B"],"character_chosen":"IRONCLAD","items_purchased":["Iron Wave","Paper Frog","Twin Strike"],"campfire_rested":3,"item_purchase_floors":[4,19,19],"current_hp_per_floor":[78,80,80,80,79,79,80,47,54,80,77,77,77,72,72,58,87,87,87,87,87,87,87,87,87,87,58,84,52,39,17,43,0],"gold":104,"neow_bonus":"UPGRADE_CARD","is_prod":false,"is_daily":false,"chose_seed":false,"campfire_upgraded":5,"win_rate":0,"timestamp":1557537653,"path_taken":["M","M","M","$","M","R","M","?","T","R","M","?","R","M","R","BOSS","M","$","?","?","?","R","?","R","T","M","R","M","M","?","R","BOSS"],"build_version":"2019-01-23","purchased_purges":1,"victory":false,"max_hp_per_floor":[80,80,80,80,80,80,80,80,87,87,87,87,87,87,87,87,87,87,87,87,87,87,87,87,87,87,87,87,87,87,87,87,87],"card_choices":[{"not_picked":["Uppercut","Pummel"],"picked":"Perfected Strike","floor":1.0},{"not_picked":["Headbutt","Sentinel"],"picked":"Armaments","floor":2.0},{"not_picked":["Dual Wield","Metallicize","Bloodletting"],"picked":"SKIP","floor":3.0},{"not_picked":["Evolve","Ghostly Armor","True Grit"],"picked":"SKIP","floor":5.0},{"not_picked":["True Grit","Infernal Blade"],"picked":"Flex","floor":7.0},{"not_picked":["Body Slam","Disarm","Metallicize"],"picked":"SKIP","floor":11.0},{"not_picked":["Body Slam","Disarm","Metallicize"],"picked":"SKIP","floor":11.0},{"not_picked":["Burning Pact","Feel No Pain"],"picked":"Cleave","floor":14.0},{"not_picked":["Cleave+1","Anger"],"picked":"Pommel Strike","floor":18.0},{"not_picked":["Battle Trance","True Grit+1"],"picked":"Twin Strike","floor":27.0},{"not_picked":["Sentinel+1","Seeing Red","Perfected Strike"],"picked":"SKIP","floor":29.0},{"not_picked":["Rupture","Searing Blow"],"picked":"Shrug It Off","floor":30.0}],"player_experience":517700,"relics_obtained":[{"floor":9.0,"key":"Strawberry"},{"floor":26.0,"key":"Charon\u0027s Ashes"}],"event_choices":[{"damage_healed":0.0,"max_hp_gain":0.0,"max_hp_loss":0.0,"gold_gain":0.0,"event_name":"Scrap Ooze","player_choice":"Success","floor":8.0,"gold_loss":0.0,"damage_taken":33.0,"relics_obtained":["Smiling Mask"]},{"damage_healed":0.0,"max_hp_gain":0.0,"max_hp_loss":0.0,"gold_gain":64.0,"event_name":"Golden Wing","player_choice":"Gained Gold","floor":12.0,"gold_loss":0.0,"damage_taken":0.0},{"damage_healed":0.0,"max_hp_gain":0.0,"max_hp_loss":0.0,"gold_gain":99.0,"event_name":"Nest","player_choice":"Stole From Cult","floor":20.0,"gold_loss":0.0,"damage_taken":0.0},{"cards_removed":["Defend_R"],"damage_healed":0.0,"max_hp_gain":0.0,"max_hp_loss":0.0,"gold_gain":0.0,"event_name":"Beggar","player_choice":"Gave Gold","floor":21.0,"gold_loss":75.0,"damage_taken":0.0},{"damage_healed":0.0,"max_hp_gain":0.0,"max_hp_loss":0.0,"gold_gain":0.0,"event_name":"Drug Dealer","player_choice":"Obtain J.A.X.","floor":22.0,"gold_loss":0.0,"damage_taken":0.0,"cards_obtained":["J.A.X."]},{"damage_healed":0,"gold_gain":0,"player_choice":"Fight","damage_taken":0,"max_hp_gain":0,"max_hp_loss":0,"event_name":"Colosseum","floor":31,"gold_loss":0},{"damage_healed":0,"gold_gain":0,"player_choice":"Fled From Nobs","damage_taken":0,"max_hp_gain":0,"max_hp_loss":0,"event_name":"Colosseum","floor":31,"gold_loss":0}],"is_beta":false,"boss_relics":[{"not_picked":["Fusion Hammer","Lizard Tail"],"picked":"Black Star"}],"items_purged_floors":[4],"is_endless":false,"potions_floor_spawned":[1,5,7,30],"killed_by":"Champ","ascension_level":0}