{"gold_per_floor":[115,131,149,49,62,62,89,89,113,113,132,165,185,185,185,288,288],"floor_reached":17,"playtime":1895,"items_purged":[],"score":250,"play_id":"0d32891c-7f6c-4e4e-8f9d-09c304aaf0f4","local_time":"20190515104654","is_ascension_mode":true,"campfire_choices":[{"data":"True Grit","floor":6.0,"key":"SMITH"},{"data":"Shockwave","floor":8.0,"key":"SMITH"},{"data":"Bash","floor":10.0,"key":"SMITH"},{"data":"Ghostly Armor","floor":15.0,"key":"SMITH"}],"neow_cost":"NONE","seed_source_timestamp":0,"circlet_count":0,"master_deck":["Strike_R","Strike_R","Strike_R","Strike_R","Strike_R","Defend_R","Defend_R","Defend_R","Defend_R","Bash+1","Juggernaut","Shockwave+1","Clothesline","Inflame","True Grit+1","Feel No Pain","Barricade","Havoc","Shrug It Off","Ghostly Armor+1","Parasite","Offering"],"special_seed":0,"relics":["Burning Blood","Ancient Tea Set","Lantern","Bag of Marbles","Velvet Choker"],"potions_floor_usage":[],"damage_taken":[{"damage":1.0,"enemies":"Small Slimes","floor":1.0,"turns":4.0},{"damage":0.0,"enemies":"2 Louse","floor":2.0,"turns":3.0},{"damage":4.0,"enemies":"Jaw Worm","floor":3.0,"turns":5.0},{"damage":9.0,"enemies":"Looter","floor":5.0,"turns":3.0},{"damage":28.0,"enemies":"Gremlin Nob","floor":7.0,"turns":5.0},{"damage":3.0,"enemies":"Lots of Slimes","floor":11.0,"turns":4.0},{"damage":32.0,"enemies":"3 Sentries","floor":12.0,"turns":11.0},{"damage":15.0,"enemies":"Exordium Thugs","floor":13.0,"turns":5.0},{"damage":0.0,"enemies":"Slime Boss","floor":16.0,"turns":14.0}],"seed_played":"-6833270792122636980","potions_obtained":[{"floor":2.0,"key":"GamblersBrew"},{"floor":3.0,"key":"FearPotion"},{"floor":13.0,"key":"GamblersBrew"}],"is_trial":false,"path_per_floor":["M","M","M","$","M","R","E","R","T","R","M","E","M","?","R","B",null],"character_chosen":"IRONCLAD","items_purchased":["Inflame","True Grit"],"campfire_rested":0,"item_purchase_floors":[4,4],"current_hp_per_floor":[80,80,80,80,77,77,55,55,55,55,58,32,23,43,43,49,80],"gold":288,"neow_bonus":"ONE_RANDOM_RARE_CARD","is_prod":false,"is_daily":false,"chose_seed":false,"campfire_upgraded":4,"win_rate":0,"timestamp":1557931614,"path_taken":["M","M","M","$","M","R","E","R","T","R","M","E","M","?","R","BOSS"],"build_version":"2019-01-23","purchased_purges":0,"victory":false,"max_hp_per_floor":[80,80,80,80,80,80,80,80,80,80,80,80,80,80,80,80,80],"card_choices":[{"not_picked":["Warcry","Flex","Corruption"],"picked":"SKIP","floor":1.0},{"not_picked":["Cleave","Battle Trance"],"picked":"Shockwave","floor":2.0},{"not_picked":["Heavy Blade","Clash"],"picked":"Clothesline","floor":3.0},{"not_picked":["Thunderclap","Rampage"],"picked":"Feel No Pain","floor":5.0},{"not_picked":["Pummel","Dual Wield"],"picked":"Barricade","floor":7.0},{"not_picked":["Dual Wield","Heavy Blade"],"picked":"Havoc","floor":11.0},{"not_picked":["Seeing Red","Inflame"],"picked":"Shrug It Off","floor":12.0},{"not_picked":["Pommel Strike","Thunderclap"],"picked":"Ghostly Armor","floor":13.0},{"not_picked":["Berserk","Juggernaut"],"picked":"Offering","floor":16.0}],"player_experience":252923,"relics_obtained":[{"floor":7.0,"key":"Ancient Tea Set"},{"floor":9.0,"key":"Lantern"},{"floor":12.0,"key":"Bag of Marbles"}],"event_choices":[{"damage_healed":20.0,"max_hp_gain":0.0,"max_hp_loss":0.0,"gold_gain":0.0,"event_name":"Mushrooms","player_choice":"Healed and dodged fight","floor":14.0,"gold_loss":0.0,"damage_taken":0.0,"cards_obtained":["Parasite"]}],"is_beta":false,"boss_relics":[{"not_picked":["Mark of Pain","Orrery"],"picked":"Velvet Choker"}],"items_purged_floors":[],"is_endless":false,"potions_floor_spawned":[2,3,13],"ascension_level":3}