{"gold_per_floor":[212,212,56,75,75,75,104,104,127,158,158,158],"floor_reached":12,"playtime":743,"items_purged":["Strike_G"],"score":92,"play_id":"098d0e66-6de6-4b50-b538-0b0d21fb9e5e","local_time":"20190517040227","is_ascension_mode":true,"campfire_choices":[{"data":"Infinite Blades","floor":6,"key":"SMITH"},{"floor":8,"key":"REST"}],"neow_cost":"NONE","seed_source_timestamp":248561334700,"circlet_count":0,"master_deck":["Defend_G","Defend_G","Defend_G","Defend_G","Strike_G","Strike_G","Strike_G","Survivor","Neutralize","Catalyst","Infinite Blades+1","Leg Sweep","PiercingWail"],"relics":["Ring of the Snake","Anchor","PreservedInsect","Potion Belt"],"potions_floor_usage":[],"damage_taken":[{"damage":0,"enemies":"Small Slimes","floor":1,"turns":3},{"damage":0,"enemies":"2 Louse","floor":4,"turns":5},{"damage":54,"enemies":"Gremlin Nob","floor":7,"turns":7},{"damage":21,"enemies":"3 Sentries","floor":10,"turns":9},{"damage":14,"enemies":"Lagavulin","floor":12,"turns":9}],"seed_played":"-8989936580005025853","potions_obtained":[],"is_trial":false,"path_per_floor":["M","?","$","M","$","R","E","R","T","E","?","E"],"character_chosen":"THE_SILENT","items_purchased":["Infinite Blades"],"campfire_rested":1,"item_purchase_floors":[3],"current_hp_per_floor":[70,63,63,63,63,63,9,30,30,9,9,0],"gold":158,"neow_bonus":"HUNDRED_GOLD","is_prod":false,"is_daily":false,"chose_seed":false,"campfire_upgraded":1,"win_rate":0,"timestamp":1558036947,"path_taken":["M","?","$","M","$","R","E","R","T","E","?","E"],"build_version":"2019-01-17","purchased_purges":1,"victory":false,"max_hp_per_floor":[70,70,70,70,70,70,70,70,70,70,70,70],"card_choices":[{"not_picked":["Prepared","Underhanded Strike"],"picked":"Catalyst","floor":1},{"not_picked":["Sucker Punch","Phantasmal Killer","Underhanded Strike"],"picked":"SKIP","floor":4},{"not_picked":["Expertise","Flying Knee","Setup"],"picked":"SKIP","floor":7},{"not_picked":["Flying Knee","PiercingWail"],"picked":"Leg Sweep","floor":10}],"player_experience":140132,"relics_obtained":[{"floor":7,"key":"Anchor"},{"floor":9,"key":"PreservedInsect"},{"floor":10,"key":"Potion Belt"}],"event_choices":[{"cards_removed":["Strike_G"],"damage_healed":0,"gold_gain":0,"player_choice":"Card Removal","damage_taken":7,"max_hp_gain":0,"max_hp_loss":0,"event_name":"Golden Wing","floor":2,"gold_loss":0},{"damage_healed":0,"gold_gain":0,"cards_transformed":["Defend_G"],"player_choice":"Transformed","damage_taken":0,"max_hp_gain":0,"max_hp_loss":0,"event_name":"Transmorgrifier","floor":11,"gold_loss":0,"cards_obtained":["PiercingWail"]}],"is_beta":false,"boss_relics":[],"items_purged_floors":[3],"is_endless":false,"potions_floor_spawned":[],"killed_by":"Lagavulin","ascension_level":2}