{"gold_per_floor":[209,209,229,47,47,47,64,64,110,110,120,131,144,156,156,156],"floor_reached":16,"playtime":802,"items_purged":[],"score":99,"play_id":"6b1783db-7c32-4245-9f0b-7f8d284ff736","local_time":"20180905015320","is_ascension_mode":true,"campfire_choices":[{"data":"Poisoned Stab","floor":6,"key":"SMITH"},{"data":"Neutralize","floor":8,"key":"SMITH"},{"data":"Survivor","floor":10,"key":"SMITH"},{"floor":15,"key":"REST"}],"neow_cost":"NONE","seed_source_timestamp":1406126878741587,"circlet_count":0,"master_deck":["Defend_G","Defend_G","Defend_G","Defend_G","Strike_G","Strike_G","Strike_G","Strike_G","Strike_G","Survivor+1","Neutralize+1","Poisoned Stab+1","Crippling Poison","PiercingWail","PiercingWail","Backflip"],"relics":["Ring of the Snake","Blood Vial","Omamori"],"potions_floor_usage":[16,16],"damage_taken":[{"damage":10,"enemies":"Cultist","floor":1,"turns":6},{"damage":0,"enemies":"Jaw Worm","floor":3,"turns":5},{"damage":0,"enemies":"Small Slimes","floor":7,"turns":3},{"damage":16,"enemies":"Exordium Wildlife","floor":11,"turns":5},{"damage":0,"enemies":"Blue Slaver","floor":12,"turns":4},{"damage":13,"enemies":"Large Slime","floor":13,"turns":7},{"damage":3,"enemies":"2 Fungi Beasts","floor":14,"turns":3},{"damage":43,"enemies":"Slime Boss","floor":16,"turns":11}],"seed_played":"1994889640662777026","potions_obtained":[{"floor":11,"key":"FearPotion"},{"floor":12,"key":"PowerPotion"},{"floor":14,"key":"Poison Potion"}],"is_trial":false,"path_per_floor":["M","?","M","$","$","R","M","R","T","R","M","M","M","M","R"],"character_chosen":"THE_SILENT","items_purchased":["Crippling Poison","Blood Vial"],"campfire_rested":1,"item_purchase_floors":[4,4],"current_hp_per_floor":[60,53,53,53,53,53,55,55,55,55,41,43,32,31,52,11],"gold":156,"neow_bonus":"HUNDRED_GOLD","is_prod":false,"is_daily":false,"chose_seed":false,"campfire_upgraded":3,"win_rate":0,"timestamp":1536080000,"path_taken":["M","?","?","?","$","R","M","R","T","R","M","?","?","M","R","BOSS"],"build_version":"2018-08-30","purchased_purges":0,"victory":false,"max_hp_per_floor":[70,70,70,70,70,70,70,70,70,70,70,70,70,70,70,70],"card_choices":[{"not_picked":["Prepared","Dagger Throw","Endless Agony"],"picked":"SKIP","floor":1},{"not_picked":["Underhanded Strike","Bane"],"picked":"Poisoned Stab","floor":3},{"not_picked":["Dodge and Roll","Endless Agony","Malaise"],"picked":"SKIP","floor":7},{"not_picked":["Heel Hook","Slice"],"picked":"PiercingWail","floor":11},{"not_picked":["Sucker Punch","Dagger Spray","Flying Knee"],"picked":"SKIP","floor":12},{"not_picked":["Infinite Blades","Dagger Spray"],"picked":"PiercingWail","floor":13},{"not_picked":["Tactician","Infinite Blades"],"picked":"Backflip","floor":14}],"player_experience":226501,"relics_obtained":[{"floor":9,"key":"Omamori"}],"event_choices":[{"event_name":"Golden Wing","player_choice":"Card Removal","floor":2,"damage_taken":0}],"is_beta":false,"boss_relics":[],"items_purged_floors":[],"is_endless":false,"potions_floor_spawned":[11,12,14],"killed_by":"Slime Boss","ascension_level":1}