{"gold_per_floor":[119,194,208,208,208,208,208,223,271,271,309,309,352,128,128,248,248,272,290,306,306,157,157,169,180,206,206,234,234,254,288,288,387,387,405,405],"floor_reached":36,"playtime":2432,"items_purged":["Strike_R","Strike_R"],"score":457,"play_id":"d0c9bf27-896d-4e56-aa2d-cf2e2b9cc4c6","local_time":"20181013154721","is_ascension_mode":true,"campfire_choices":[{"data":"Second Wind","floor":6,"key":"SMITH"},{"data":"Inflame","floor":10,"key":"SMITH"},{"data":"Bash","floor":12,"key":"SMITH"},{"data":"Immolate","floor":15,"key":"SMITH"},{"data":"Armaments","floor":23,"key":"SMITH"},{"data":"True Grit","floor":27,"key":"SMITH"},{"data":"Battle Trance","floor":29,"key":"SMITH"},{"data":"Demon Form","floor":32,"key":"SMITH"}],"neow_cost":"NONE","seed_source_timestamp":29759283364913,"circlet_count":0,"master_deck":["Strike_R","Strike_R","Defend_R","Defend_R","Defend_R","Bash+1","Second Wind+1","Inflame+1","Battle Trance+1","Immolate+1","Rage","Demon Form+1","True Grit+1","Evolve","Armaments+1","Whirlwind+1","Berserk","Shrug It Off"],"relics":["Burning Blood","Bloody Idol","Ancient Tea Set","Gremlin Horn","Bottled Lightning","Runic Cube","Smiling Mask","Red Mask","Vajra","Black Star"],"potions_floor_usage":[11,16,20,28,31,31],"damage_taken":[{"damage":6,"enemies":"Cultist","floor":1,"turns":3},{"damage":0,"enemies":"Small Slimes","floor":3,"turns":3},{"damage":7,"enemies":"2 Louse","floor":8,"turns":3},{"damage":37,"enemies":"3 Sentries","floor":11,"turns":12},{"damage":15,"enemies":"Lagavulin","floor":13,"turns":5},{"damage":28,"enemies":"Hexaghost","floor":16,"turns":8},{"damage":9,"enemies":"3 Byrds","floor":18,"turns":3},{"damage":16,"enemies":"Shell Parasite","floor":19,"turns":6},{"damage":33,"enemies":"Snecko","floor":20,"turns":6},{"damage":15,"enemies":"Centurion and Healer","floor":24,"turns":5},{"damage":2,"enemies":"3 Cultists","floor":25,"turns":3},{"damage":0,"enemies":"Masked Bandits","floor":28,"turns":1},{"damage":9,"enemies":"Snecko","floor":30,"turns":5},{"damage":0,"enemies":"Gremlin Leader","floor":31,"turns":5},{"damage":25,"enemies":"Champ","floor":33,"turns":10},{"damage":59,"enemies":"3 Shapes","floor":35,"turns":6},{"damage":12,"enemies":"Orb Walker","floor":36,"turns":3}],"seed_played":"8720783938941120971","potions_obtained":[{"floor":3,"key":"Energy Potion"},{"floor":8,"key":"GamblersBrew"},{"floor":13,"key":"Strength Potion"},{"floor":18,"key":"LiquidBronze"},{"floor":19,"key":"SkillPotion"},{"floor":24,"key":"GamblersBrew"},{"floor":28,"key":"Fire Potion"}],"is_trial":false,"path_per_floor":["M","?","M","?","?","R","?","M","T","R","E","R","E","$","R","B",null,"M","M","M","?","$","R","M","M","T","R","?","R","M","E","R","B",null,"M"],"character_chosen":"IRONCLAD","items_purchased":["Immolate","Rage","Armaments"],"campfire_rested":0,"item_purchase_floors":[14,14,22],"current_hp_per_floor":[80,69,75,80,79,79,79,78,78,78,47,47,38,38,38,16,79,76,66,39,39,39,39,35,44,49,49,60,60,62,73,73,59,79,31,19],"gold":405,"neow_bonus":"REMOVE_CARD","is_prod":false,"is_daily":false,"chose_seed":false,"campfire_upgraded":8,"win_rate":0,"timestamp":1539413241,"path_taken":["M","?","?","?","?","R","?","M","T","R","E","R","E","$","R","BOSS","M","M","M","?","?","R","M","?","T","R","?","R","M","E","R","BOSS","M","M"],"build_version":"2018-10-11","purchased_purges":2,"victory":false,"max_hp_per_floor":[80,80,80,85,79,79,79,79,79,79,79,79,79,79,79,79,79,79,79,79,79,79,79,79,79,79,79,79,79,79,79,79,79,79,79,79],"card_choices":[{"not_picked":["Headbutt","Sword Boomerang","Bloodletting"],"picked":"SKIP","floor":1},{"not_picked":["Flex","Corruption"],"picked":"Second Wind","floor":3},{"not_picked":["Seeing Red","Flex"],"picked":"Inflame","floor":8},{"not_picked":["Clothesline","Iron Wave"],"picked":"Battle Trance","floor":11},{"not_picked":["Disarm","Corruption","Dropkick"],"picked":"SKIP","floor":13},{"not_picked":["Dark Embrace","Immolate"],"picked":"Demon Form","floor":16},{"not_picked":["Infernal Blade","Armaments"],"picked":"True Grit","floor":18},{"not_picked":["Corruption","Body Slam"],"picked":"Evolve","floor":19},{"not_picked":["Corruption+1","Carnage+1","Barricade"],"picked":"SKIP","floor":20},{"not_picked":["Sword Boomerang","Shockwave","Clash"],"picked":"SKIP","floor":24},{"not_picked":["Hemokinesis","Intimidate+1","Dual Wield"],"picked":"SKIP","floor":25},{"not_picked":["Battle Trance","Iron Wave","Flame Barrier"],"picked":"SKIP","floor":30},{"not_picked":["Evolve+1","Inflame+1"],"picked":"Whirlwind+1","floor":31},{"not_picked":["Reaper","Juggernaut"],"picked":"Berserk","floor":33},{"not_picked":["Cleave+1","Ghostly Armor+1"],"picked":"Shrug It Off","floor":35}],"player_experience":392570,"relics_obtained":[{"floor":9,"key":"Ancient Tea Set"},{"floor":11,"key":"Gremlin Horn"},{"floor":13,"key":"Bottled Lightning"},{"floor":26,"key":"Smiling Mask"},{"floor":28,"key":"Red Mask"},{"floor":31,"key":"Vajra"}],"event_choices":[{"event_name":"World of Goop","player_choice":"Gather Gold","floor":2,"damage_taken":0},{"event_name":"Big Fish","player_choice":"Donut","floor":4,"damage_taken":0},{"event_name":"Golden Idol","player_choice":"Lose Max HP","floor":5,"damage_taken":0},{"event_name":"Purifier","player_choice":"One Purge","floor":7,"damage_taken":0},{"event_name":"Forgotten Altar","player_choice":"Gave Idol","floor":21,"damage_taken":0},{"event_name":"Masked Bandits","player_choice":"Fought Bandits","floor":28,"damage_taken":0}],"is_beta":false,"boss_relics":[{"not_picked":["Snecko Eye","Coffee Dripper"],"picked":"Runic Cube"},{"not_picked":["Lizard Tail","Pandora\u0027s Box"],"picked":"Black Star"}],"items_purged_floors":[14,22],"is_endless":false,"potions_floor_spawned":[3,8,13,18,19,24,28],"killed_by":"Orb Walker","ascension_level":2}