{"gold_per_floor":[117,137,137,137,149,149,167,202,202,202,79,89,106,106,106,106],"floor_reached":16,"playtime":727,"items_purged":["Defend_G"],"score":107,"play_id":"6f40ed95-0c13-443a-990b-5bba3457fe87","local_time":"20180908043600","is_ascension_mode":true,"campfire_choices":[{"data":"Noxious Fumes","floor":6,"key":"SMITH"},{"floor":10,"key":"REST"},{"data":"Neutralize","floor":15,"key":"SMITH"}],"neow_cost":"","seed_source_timestamp":1675159109820453,"circlet_count":0,"master_deck":["Defend_G","Defend_G","Defend_G","Defend_G","Strike_G","Strike_G","Strike_G","Strike_G","Survivor","Neutralize+1","Deadly Poison","Grand Finale","Noxious Fumes+1","Infinite Blades","Backflip","Poisoned Stab","PiercingWail"],"relics":["Ring of the Snake","Nunchaku","Girya"],"potions_floor_usage":[2,8,9],"damage_taken":[{"damage":0,"enemies":"Cultist","floor":1,"turns":4},{"damage":0,"enemies":"Jaw Worm","floor":2,"turns":3},{"damage":0,"enemies":"Small Slimes","floor":5,"turns":4},{"damage":14,"enemies":"Red Slaver","floor":7,"turns":5},{"damage":38,"enemies":"Gremlin Nob","floor":8,"turns":6},{"damage":4,"enemies":"Exordium Thugs","floor":12,"turns":5},{"damage":29,"enemies":"Gremlin Gang","floor":13,"turns":5},{"damage":33,"enemies":"Slime Boss","floor":16,"turns":6}],"seed_played":"-3797036420445967289","potions_obtained":[{"floor":1,"key":"Poison Potion"},{"floor":2,"key":"Ancient Potion"},{"floor":8,"key":"Fruit Juice"}],"is_trial":false,"path_per_floor":["M","M","?","?","M","R","M","E","T","R","$","M","M","?","R"],"character_chosen":"THE_SILENT","items_purchased":["Backflip"],"campfire_rested":1,"item_purchase_floors":[11],"current_hp_per_floor":[70,70,70,63,63,63,49,11,16,38,38,34,5,30,30,0],"gold":106,"neow_bonus":"","is_prod":false,"is_daily":false,"chose_seed":false,"campfire_upgraded":2,"win_rate":0,"timestamp":1536348960,"path_taken":["M","?","?","?","M","R","M","E","T","R","$","?","?","?","R","BOSS"],"build_version":"2018-09-06","purchased_purges":1,"victory":false,"max_hp_per_floor":[70,70,70,70,70,70,70,70,75,75,75,75,75,75,75,75],"card_choices":[{"not_picked":["Riddle With Holes","Setup","Choke"],"picked":"SKIP","floor":1},{"not_picked":["Backflip","Dagger Throw"],"picked":"Deadly Poison","floor":2},{"not_picked":["Bouncing Flask","Dagger Throw"],"picked":"Noxious Fumes","floor":5},{"not_picked":["Prepared","Setup"],"picked":"Infinite Blades","floor":7},{"not_picked":["Endless Agony","Slice","Blade Dance"],"picked":"SKIP","floor":8},{"not_picked":["Bane","Underhanded Strike"],"picked":"Poisoned Stab","floor":12},{"not_picked":["Prepared","Dagger Spray"],"picked":"PiercingWail","floor":13}],"player_experience":235058,"relics_obtained":[{"floor":8,"key":"Nunchaku"},{"floor":9,"key":"Girya"}],"event_choices":[{"event_name":"Transmorgrifier","player_choice":"Transform","floor":3,"damage_taken":0},{"event_name":"Wheel of Change","player_choice":"Damage","floor":4,"damage_taken":0},{"event_name":"Big Fish","player_choice":"Banana","floor":14,"damage_taken":0}],"is_beta":false,"boss_relics":[],"items_purged_floors":[11],"is_endless":false,"potions_floor_spawned":[1,2,8],"killed_by":"Slime Boss","ascension_level":1}