{"gold_per_floor":[115,115,115,131,131,131,175,175,199,217,217,237,237,280,280,403,403,417,332,347,347,94,130,130,58,107,107,32,32,71,84,84,215,215,236,257,257,281,146,186,204,247,247,247,267,287,287,323,323,323],"floor_reached":51,"playtime":2328,"items_purged":["Writhe","All For One"],"score":1073,"play_id":"3c909273-4679-4a6a-960b-7096314426f9","local_time":"20190518151947","is_ascension_mode":true,"campfire_choices":[{"floor":6,"key":"REST"},{"floor":8,"key":"REST"},{"floor":15,"key":"REST"},{"floor":24,"key":"REST"},{"data":"Echo Form","floor":27,"key":"SMITH"},{"data":"Defragment","floor":29,"key":"SMITH"},{"floor":32,"key":"REST"},{"floor":44,"key":"REST"},{"data":"Loop","floor":47,"key":"SMITH"},{"floor":49,"key":"REST"}],"neow_cost":"NONE","seed_source_timestamp":2835814502008884,"circlet_count":0,"master_deck":["Zap","Dualcast","Consume+1","Self Repair","Heatsinks","Loop+1","Echo Form+1","Cold Snap","Electrodynamics","Reinforced Body","Turbo+1","Hologram","Defragment+1","Loop","Cold Snap","Buffer","Steam Power","Beam Cell","Double Energy","Turbo","Multi-Cast","Reprogram","Ball Lightning+1","Hologram+1","Redo+1","Sunder","Self Repair+1","Hologram","Conserve Battery+1"],"relics":["Cracked Core","Orichalcum","Golden Idol","Mummified Hand","Bag of Marbles","Lantern","Bronze Scales","Juzu Bracelet","Inserter","Calipers","Shuriken","Omamori","Regal Pillow","Potion Belt","Anchor","Pandora\u0027s Box","Smiling Mask","Boot","Bottled Tornado"],"potions_floor_usage":[14,23,30,40],"damage_taken":[{"damage":0,"enemies":"2 Louse","floor":1,"turns":2},{"damage":8,"enemies":"Jaw Worm","floor":4,"turns":4},{"damage":50,"enemies":"3 Sentries","floor":7,"turns":10},{"damage":0,"enemies":"Small Slimes","floor":10,"turns":3},{"damage":18,"enemies":"3 Louse","floor":12,"turns":4},{"damage":24,"enemies":"Lagavulin","floor":14,"turns":7},{"damage":31,"enemies":"The Guardian","floor":16,"turns":12},{"damage":18,"enemies":"Shell Parasite","floor":18,"turns":5},{"damage":11,"enemies":"3 Byrds","floor":20,"turns":3},{"damage":25,"enemies":"Slavers","floor":23,"turns":4},{"damage":24,"enemies":"Gremlin Leader","floor":30,"turns":5},{"damage":13,"enemies":"Centurion and Healer","floor":31,"turns":5},{"damage":28,"enemies":"Automaton","floor":33,"turns":7},{"damage":18,"enemies":"3 Shapes","floor":35,"turns":4},{"damage":0,"enemies":"Orb Walker","floor":36,"turns":4},{"damage":0,"enemies":"Sphere and 2 Shapes","floor":38,"turns":4},{"damage":54,"enemies":"Reptomancer","floor":40,"turns":6},{"damage":15,"enemies":"Spire Growth","floor":41,"turns":4},{"damage":21,"enemies":"Nemesis","floor":42,"turns":9},{"damage":30,"enemies":"Jaw Worm Horde","floor":45,"turns":4},{"damage":4,"enemies":"Sphere and 2 Shapes","floor":46,"turns":7},{"damage":45,"enemies":"Giant Head","floor":48,"turns":9},{"damage":19,"enemies":"Awakened One","floor":50,"turns":18}],"seed_played":"-7036339777673509725","potions_obtained":[{"floor":7,"key":"GamblersBrew"},{"floor":10,"key":"FocusPotion"},{"floor":14,"key":"FearPotion"},{"floor":18,"key":"FocusPotion"},{"floor":20,"key":"LiquidBronze"},{"floor":23,"key":"SteroidPotion"},{"floor":38,"key":"Regen Potion"},{"floor":41,"key":"SmokeBomb"},{"floor":42,"key":"Swift Potion"},{"floor":46,"key":"Block Potion"},{"floor":48,"key":"Explosive Potion"}],"is_trial":false,"path_per_floor":["M","?","?","M","T","R","E","R","T","M","?","M","?","E","R","B",null,"M","?","M","?","$","E","R","$","T","R","?","R","E","M","R","B",null,"M","M","?","M","$","E","M","E","T","R","M","M","R","E","R","B",null],"character_chosen":"DEFECT","items_purchased":["Hologram","Omamori","Loop","Sunder"],"campfire_rested":7,"item_purchase_floors":[22,22,25,39],"current_hp_per_floor":[68,68,50,42,42,64,21,43,43,50,55,44,44,27,51,34,69,58,58,54,54,54,36,75,75,75,75,75,75,65,59,80,59,75,57,64,64,71,71,39,38,34,34,73,50,63,63,35,74,72],"gold":323,"neow_bonus":"RANDOM_COMMON_RELIC","is_prod":false,"is_daily":false,"chose_seed":false,"campfire_upgraded":3,"win_rate":0,"timestamp":1558149587,"path_taken":["M","?","?","?","?","R","E","R","T","M","?","?","?","E","R","BOSS","M","?","M","?","$","E","R","$","T","R","?","R","E","M","R","BOSS","M","M","?","M","$","E","M","E","T","R","M","M","R","E","R","BOSS"],"build_version":"2019-01-23","purchased_purges":2,"victory":true,"max_hp_per_floor":[75,75,75,75,75,75,75,75,75,75,80,80,80,80,80,80,80,80,80,80,80,80,80,80,80,80,80,80,80,80,80,80,80,80,80,80,80,80,80,80,80,80,80,80,80,80,80,80,80,80],"card_choices":[{"not_picked":["Go for the Eyes","Cold Snap"],"picked":"Consume","floor":1},{"not_picked":["Cold Snap","Skim"],"picked":"Self Repair","floor":4},{"not_picked":["Auto Shields","Aggregate"],"picked":"Heatsinks","floor":7},{"not_picked":["Leap","Steam"],"picked":"Loop","floor":10},{"not_picked":["Chill","Leap"],"picked":"Echo Form","floor":12},{"not_picked":["Sunder","Compile Driver"],"picked":"Cold Snap","floor":14},{"not_picked":["Core Surge","All For One"],"picked":"Electrodynamics","floor":16},{"not_picked":["Beam Cell","Stack"],"picked":"Reinforced Body","floor":18},{"not_picked":["Rebound","Conserve Battery"],"picked":"Turbo+1","floor":20},{"not_picked":["Rebound+1","Cold Snap"],"picked":"Defragment","floor":23},{"not_picked":["Beam Cell","Storm"],"picked":"Cold Snap","floor":30},{"not_picked":["Redo","Gash","Barrage+1"],"picked":"SKIP","floor":31},{"not_picked":["Machine Learning","Hyperbeam"],"picked":"Buffer","floor":33},{"not_picked":["Beam Cell+1","Sweeping Beam"],"picked":"Ball Lightning+1","floor":35},{"not_picked":["Rip and Tear+1","Sweeping Beam"],"picked":"Hologram+1","floor":36},{"not_picked":["Cold Snap","Turbo"],"picked":"Redo+1","floor":38},{"not_picked":["Go for the Eyes","Gash+1","Rebound"],"picked":"SKIP","floor":40},{"not_picked":["Rebound","Fusion"],"picked":"Self Repair+1","floor":41},{"not_picked":["Sweeping Beam","Heatsinks"],"picked":"Hologram","floor":42},{"not_picked":["Ball Lightning","Scrape"],"picked":"Conserve Battery+1","floor":45},{"not_picked":["Stack","Sweeping Beam+1","Reprogram+1"],"picked":"SKIP","floor":46},{"not_picked":["Rebound+1","Hello World","Echo Form"],"picked":"SKIP","floor":48}],"player_experience":302492,"relics_obtained":[{"floor":5,"key":"Mummified Hand"},{"floor":7,"key":"Bag of Marbles"},{"floor":9,"key":"Lantern"},{"floor":14,"key":"Juzu Bracelet"},{"floor":23,"key":"Regal Pillow"},{"floor":26,"key":"Potion Belt"},{"floor":30,"key":"Anchor"},{"floor":40,"key":"Smiling Mask"},{"floor":42,"key":"Boot"},{"floor":48,"key":"Bottled Tornado"}],"event_choices":[{"damage_healed":0,"gold_gain":0,"player_choice":"Grow","damage_taken":0,"max_hp_gain":0,"max_hp_loss":0,"event_name":"Living Wall","floor":2,"gold_loss":0,"cards_upgraded":["Consume"]},{"damage_healed":0,"gold_gain":0,"player_choice":"Take Damage","damage_taken":18,"relics_obtained":["Golden Idol"],"max_hp_gain":0,"max_hp_loss":0,"event_name":"Golden Idol","floor":3,"gold_loss":0},{"damage_healed":0,"gold_gain":0,"player_choice":"Donut","damage_taken":0,"max_hp_gain":5,"max_hp_loss":0,"event_name":"Big Fish","floor":11,"gold_loss":0},{"damage_healed":0,"gold_gain":0,"player_choice":"Searched \u00271\u0027 times","damage_taken":0,"relics_obtained":["Bronze Scales"],"max_hp_gain":0,"max_hp_loss":0,"event_name":"Dead Adventurer","floor":13,"gold_loss":0},{"damage_healed":0,"gold_gain":0,"player_choice":"Obtained Relic","damage_taken":0,"relics_obtained":["Calipers"],"max_hp_gain":0,"max_hp_loss":0,"event_name":"Addict","floor":19,"gold_loss":85},{"damage_healed":0,"gold_gain":0,"player_choice":"Opened","damage_taken":0,"relics_obtained":["Shuriken"],"max_hp_gain":0,"max_hp_loss":0,"event_name":"The Mausoleum","floor":21,"gold_loss":0,"cards_obtained":["Writhe"]},{"cards_removed":["Strike_B"],"damage_healed":0,"gold_gain":0,"player_choice":"Gave Gold","damage_taken":0,"max_hp_gain":0,"max_hp_loss":0,"event_name":"Beggar","floor":28,"gold_loss":75},{"damage_healed":0,"gold_gain":0,"player_choice":"Memory 1","damage_taken":0,"max_hp_gain":0,"max_hp_loss":0,"event_name":"SensoryStone","floor":37,"gold_loss":0}],"is_beta":false,"boss_relics":[{"not_picked":["Astrolabe","Velvet Choker"],"picked":"Inserter"},{"not_picked":["Empty Cage","Nuclear Battery"],"picked":"Pandora\u0027s Box"}],"items_purged_floors":[22,39],"is_endless":false,"potions_floor_spawned":[7,10,14,18,20,23,38,41,42,46,48],"ascension_level":8}