{"gold_per_floor":[113,131,151,169,215,215,248,248,302,302,302,321,331,6,6,105,105,125,125,140,155,80,92,92,119,119,130,130,143,93,93,93,193,193,211,230,37,56,0,31,31,131,177,177,195,228,243,256,256,256,256,256,37,66,66],"floor_reached":55,"playtime":2984,"items_purged":["Eviscerate+1"],"score":1016,"play_id":"5ac5559b-997f-4293-b3af-2dd209ecf35a","local_time":"20190507123311","is_ascension_mode":true,"campfire_choices":[{"data":"Glass Knife","floor":6,"key":"SMITH"},{"floor":8,"key":"REST"},{"floor":10,"key":"REST"},{"data":"Well Laid Plans","floor":15,"key":"SMITH"},{"floor":28,"key":"REST"},{"floor":32,"key":"REST"},{"floor":41,"key":"REST"},{"floor":44,"key":"RECALL"},{"floor":49,"key":"REST"},{"floor":52,"key":"REST"}],"neow_cost":"NONE","seed_source_timestamp":1874751171521237,"circlet_count":0,"master_deck":["Survivor","Neutralize","Dodge and Roll+1","Glass Knife+1","Dagger Spray","Flying Knee+1","Leg Sweep","Well Laid Plans+1","Burst","All Out Attack+1","Malaise","Quick Slash+1","Acrobatics","Backstab+1","Bullet Time","Dagger Spray+1","A Thousand Cuts","Backflip","Well Laid Plans","Infinite Blades","Dodge and Roll","Storm of Steel","Dodge and Roll+1","Corpse Explosion+1","Blur+1","After Image","PiercingWail+1","Well Laid Plans","Escape Plan+1","Distraction+1","Backflip+1","Adrenaline+1","Calculated Gamble+1","Heel Hook+1"],"relics":["Ring of the Snake","PreservedInsect","War Paint","Oddly Smooth Stone","Regal Pillow","Molten Egg 2","Thread and Needle","Pandora\u0027s Box","Toxic Egg 2","Fusion Hammer","Red Mask","Bottled Tornado","Turnip","Orichalcum","Vajra","Bronze Scales","Boot"],"potions_floor_usage":[16,33,33,33],"damage_taken":[{"damage":2,"enemies":"Cultist","floor":1,"turns":4},{"damage":0,"enemies":"2 Louse","floor":2,"turns":4},{"damage":3,"enemies":"Jaw Worm","floor":3,"turns":4},{"damage":24,"enemies":"Gremlin Gang","floor":4,"turns":10},{"damage":10,"enemies":"3 Sentries","floor":7,"turns":7},{"damage":2,"enemies":"2 Fungi Beasts","floor":12,"turns":3},{"damage":8,"enemies":"Lots of Slimes","floor":13,"turns":3},{"damage":41,"enemies":"Slime Boss","floor":16,"turns":18},{"damage":0,"enemies":"Chosen","floor":18,"turns":5},{"damage":0,"enemies":"3 Byrds","floor":20,"turns":2},{"damage":8,"enemies":"Cultist and Chosen","floor":21,"turns":5},{"damage":8,"enemies":"3 Cultists","floor":23,"turns":4},{"damage":15,"enemies":"Gremlin Leader","floor":25,"turns":6},{"damage":8,"enemies":"Centurion and Healer","floor":27,"turns":6},{"damage":14,"enemies":"Cultist and Chosen","floor":29,"turns":6},{"damage":67,"enemies":"Collector","floor":33,"turns":12},{"damage":0,"enemies":"3 Darklings","floor":35,"turns":3},{"damage":0,"enemies":"Orb Walker","floor":36,"turns":3},{"damage":5,"enemies":"3 Darklings","floor":38,"turns":5},{"damage":26,"enemies":"Giant Head","floor":40,"turns":10},{"damage":0,"enemies":"Mind Bloom Boss Battle","floor":42,"turns":7},{"damage":1,"enemies":"Jaw Worm Horde","floor":45,"turns":2},{"damage":12,"enemies":"Nemesis","floor":46,"turns":7},{"damage":6,"enemies":"Sphere and 2 Shapes","floor":47,"turns":3},{"damage":0,"enemies":"Spire Growth","floor":48,"turns":5},{"damage":59,"enemies":"Donu and Deca","floor":50,"turns":9},{"damage":35,"enemies":"Shield and Spear","floor":54,"turns":6},{"damage":42,"enemies":"The Heart","floor":55,"turns":2}],"seed_played":"-8343354490695134128","potions_obtained":[{"floor":3,"key":"AttackPotion"},{"floor":4,"key":"Explosive Potion"},{"floor":16,"key":"AttackPotion"},{"floor":18,"key":"SteroidPotion"},{"floor":21,"key":"GhostInAJar"},{"floor":23,"key":"PowerPotion"},{"floor":36,"key":"Strength Potion"},{"floor":40,"key":"Explosive Potion"},{"floor":48,"key":"SpeedPotion"}],"is_trial":false,"path_per_floor":["M","M","M","M","T","R","E","R","T","R","?","M","M","$","R","B",null,"M","?","M","M","$","M","?","E","T","M","R","M","$","?","R","B",null,"M","M","$","M","?","E","R","?","T","R","M","E","M","M","R","B",null,"R","$","E","B"],"character_chosen":"THE_SILENT","items_purchased":["Well Laid Plans","Thread and Needle","Dexterity Potion","Well Laid Plans","Energy Potion","Escape Plan+1","Bronze Scales","Ancient Potion"],"campfire_rested":7,"item_purchase_floors":[14,14,30,37,37,37,53,53],"current_hp_per_floor":[61,61,58,34,34,34,24,45,45,70,63,61,53,53,53,12,56,56,56,56,48,48,40,40,25,25,17,53,39,39,32,68,1,53,53,53,53,48,48,22,58,58,58,58,57,45,39,39,70,11,55,70,70,35,0],"gold":66,"neow_bonus":"RANDOM_COMMON_RELIC","is_prod":false,"is_daily":false,"chose_seed":false,"campfire_upgraded":2,"win_rate":0,"timestamp":1557189191,"path_taken":["M","?","M","M","?","R","E","R","T","R","?","M","M","$","R","BOSS","M","?","?","M","$","M","?","E","T","M","R","?","$","?","R","BOSS","M","?","$","M","?","E","R","?","T","R","?","E","M","M","R","BOSS","R","$","E","BOSS"],"build_version":"2019-01-23","purchased_purges":1,"victory":false,"max_hp_per_floor":[70,70,70,70,70,70,70,70,70,70,70,70,70,70,70,70,70,70,70,70,70,70,70,70,70,70,70,70,70,70,70,70,70,70,70,70,70,70,70,70,70,70,70,70,70,70,70,70,70,70,70,70,70,70,70],"card_choices":[{"not_picked":["Quick Slash","Cloak And Dagger"],"picked":"Dodge and Roll","floor":1},{"not_picked":["Blade Dance","Quick Slash"],"picked":"Setup","floor":2},{"not_picked":["Slice","Tactician","Dagger Throw"],"picked":"SKIP","floor":3},{"not_picked":["Deadly Poison","Sucker Punch"],"picked":"Glass Knife","floor":4},{"not_picked":["Deadly Poison","Poisoned Stab"],"picked":"Dagger Spray","floor":7},{"not_picked":["Sucker Punch+1","Choke+1"],"picked":"Flying Knee+1","floor":12},{"not_picked":["Poisoned Stab+1","Caltrops"],"picked":"Leg Sweep","floor":13},{"not_picked":["Tools of the Trade","Night Terror"],"picked":"Burst","floor":16},{"not_picked":["Sucker Punch+1","Choke+1"],"picked":"Backflip","floor":18},{"not_picked":["Outmaneuver+1","Bane+1"],"picked":"Well Laid Plans","floor":20},{"not_picked":["Quick Slash+1","Acrobatics"],"picked":"Infinite Blades","floor":21},{"not_picked":["All Out Attack+1","Backflip"],"picked":"Dodge and Roll","floor":23},{"not_picked":["Infinite Blades+1","Flying Knee+1"],"picked":"Dodge and Roll","floor":25},{"not_picked":["Dagger Spray+1","Sucker Punch+1"],"picked":"Corpse Explosion+1","floor":27},{"not_picked":["Accuracy","Deadly Poison+1"],"picked":"Blur+1","floor":29},{"not_picked":["Grand Finale+1","Corpse Explosion+1"],"picked":"After Image","floor":33},{"not_picked":["Dagger Throw+1","Outmaneuver+1"],"picked":"PiercingWail+1","floor":35},{"not_picked":["Blade Dance+1","Acrobatics+1","Deadly Poison+1"],"picked":"SKIP","floor":36},{"not_picked":["Choke+1","Accuracy","Outmaneuver+1"],"picked":"SKIP","floor":38},{"not_picked":["Skewer+1","Quick Slash+1"],"picked":"Distraction+1","floor":40},{"not_picked":["Endless Agony+1","Crippling Poison+1"],"picked":"Backflip+1","floor":45},{"not_picked":["Backflip+1","Dagger Spray+1"],"picked":"Adrenaline+1","floor":46},{"not_picked":["Cloak And Dagger+1","Predator+1","Flying Knee+1"],"picked":"SKIP","floor":47},{"not_picked":["Bane+1","Prepared+1"],"picked":"Calculated Gamble+1","floor":48},{"not_picked":["Flechettes+1","Deadly Poison+1"],"picked":"Heel Hook+1","floor":54}],"player_experience":202276,"relics_obtained":[{"floor":5,"key":"War Paint"},{"floor":7,"key":"Oddly Smooth Stone"},{"floor":9,"key":"Regal Pillow"},{"floor":25,"key":"Toxic Egg 2"},{"floor":40,"key":"Bottled Tornado"},{"floor":42,"key":"Turnip"},{"floor":43,"key":"Orichalcum"},{"floor":46,"key":"Vajra"},{"floor":54,"key":"Boot"}],"event_choices":[{"damage_healed":0,"gold_gain":0,"player_choice":"Success","damage_taken":7,"relics_obtained":["Molten Egg 2"],"max_hp_gain":0,"max_hp_loss":0,"event_name":"Scrap Ooze","floor":11,"gold_loss":0},{"cards_removed":["Bullet Time"],"damage_healed":0,"gold_gain":0,"player_choice":"Purged","damage_taken":0,"max_hp_gain":0,"max_hp_loss":0,"event_name":"Purifier","floor":19,"gold_loss":0},{"damage_healed":0,"gold_gain":0,"cards_transformed":["Setup"],"player_choice":"Transformed","damage_taken":0,"max_hp_gain":0,"max_hp_loss":0,"event_name":"Transmorgrifier","floor":24,"gold_loss":0,"cards_obtained":["Storm of Steel"]},{"damage_healed":0,"gold_gain":0,"player_choice":"","damage_taken":7,"max_hp_gain":0,"max_hp_loss":0,"event_name":"Knowing Skull","floor":31,"potions_obtained":[],"gold_loss":0,"cards_obtained":[]},{"damage_healed":0,"gold_gain":0,"player_choice":"Paid","damage_taken":0,"relics_obtained":["Red Mask"],"max_hp_gain":0,"max_hp_loss":0,"event_name":"Tomb of Lord Red Mask","floor":39,"gold_loss":56},{"damage_healed":0,"gold_gain":0,"player_choice":"Fight","damage_taken":0,"max_hp_gain":0,"max_hp_loss":0,"event_name":"MindBloom","floor":42,"gold_loss":0}],"is_beta":false,"boss_relics":[{"not_picked":["Ring of the Serpent","Tiny House"],"picked":"Pandora\u0027s Box"},{"not_picked":["Philosopher\u0027s Stone","Empty Cage"],"picked":"Fusion Hammer"}],"items_purged_floors":[22],"is_endless":false,"potions_floor_spawned":[3,4,16,18,21,23,29,36,40,45,48],"killed_by":"The Heart","ascension_level":8}