{"gold_per_floor":[217,392,392,159,177,177,191,211,288,288,302,302,330,330,330,460,460,484,235,235,255,276,276,310,310,333,333,358,381,11,11,11,11],"floor_reached":33,"playtime":1371,"items_purged":["Doubt","Strike_B","Strike_B"],"score":378,"play_id":"1c6af4e2-1cc3-48bc-b1ac-6b2dc50ec7f6","local_time":"20180911121344","is_ascension_mode":true,"campfire_choices":[{"data":"Zap","floor":6,"key":"SMITH"},{"data":"Redo","floor":12,"key":"SMITH"},{"data":"Sunder","floor":15,"key":"SMITH"},{"data":"Conserve Battery","floor":23,"key":"SMITH"},{"data":"Thunder Strike","floor":27,"key":"SMITH"},{"floor":32,"key":"REST"}],"neow_cost":"NONE","seed_source_timestamp":1961177813930497,"circlet_count":0,"master_deck":["Strike_B","Defend_B","Defend_B","Defend_B","Defend_B","Zap+1","Dualcast+1","Ball Lightning","Sunder+1","Seek","Redo+1","Ball Lightning","Conserve Battery+1","Turbo+1","Double Energy+1","Thunder Strike+1","Stack+1","White Noise+1","Hologram+1","Auto Shields+1","Steam+1","Defragment"],"relics":["Cracked Core","Toxic Egg 2","PreservedInsect","Bloody Idol","Sozu","DataDisk","Strawberry","Omamori","Runic Capacitor"],"potions_floor_usage":[16,22,22],"damage_taken":[{"damage":0,"enemies":"Small Slimes","floor":1,"turns":3},{"damage":0,"enemies":"2 Louse","floor":5,"turns":1},{"damage":0,"enemies":"Cultist","floor":7,"turns":2},{"damage":10,"enemies":"2 Fungi Beasts","floor":8,"turns":3},{"damage":0,"enemies":"Large Slime","floor":11,"turns":3},{"damage":18,"enemies":"3 Sentries","floor":13,"turns":4},{"damage":0,"enemies":"Slime Boss","floor":16,"turns":4},{"damage":0,"enemies":"Chosen","floor":18,"turns":3},{"damage":4,"enemies":"Spheric Guardian","floor":21,"turns":3},{"damage":11,"enemies":"Snake Plant","floor":22,"turns":2},{"damage":15,"enemies":"Gremlin Leader","floor":24,"turns":5},{"damage":0,"enemies":"Chosen and Byrds","floor":28,"turns":4},{"damage":19,"enemies":"Cultist and Chosen","floor":29,"turns":6},{"damage":90,"enemies":"Collector","floor":33,"turns":7}],"seed_played":"2312547554647452615","potions_obtained":[{"floor":5,"key":"Swift Potion"},{"floor":8,"key":"LiquidBronze"},{"floor":16,"key":"Weak Potion"}],"is_trial":false,"path_per_floor":["M","?","?","$","M","R","M","M","T","?","M","R","E","?","R","B",null,"M","$","?","M","M","R","E","?","T","R","M","M","$","?","R"],"character_chosen":"DEFECT","items_purchased":["Seek","DataDisk","Defragment","Runic Capacitor"],"campfire_rested":1,"item_purchase_floors":[4,19,30,30],"current_hp_per_floor":[75,75,75,75,75,75,75,65,65,65,65,65,47,29,29,29,75,75,75,75,71,60,60,52,52,52,52,52,33,33,33,57,0],"gold":11,"neow_bonus":"HUNDRED_GOLD","is_prod":false,"is_daily":false,"chose_seed":false,"campfire_upgraded":5,"win_rate":0,"timestamp":1536635624,"path_taken":["M","?","?","$","M","R","M","M","T","?","M","R","E","?","R","BOSS","M","$","?","M","?","R","E","?","T","R","M","M","$","?","R","BOSS"],"build_version":"2018-09-06","purchased_purges":3,"victory":false,"max_hp_per_floor":[75,75,75,75,75,75,75,75,75,75,75,75,75,75,75,75,75,75,75,75,75,75,75,82,82,82,82,82,82,82,82,82,82],"card_choices":[{"not_picked":["Defragment","Conserve Battery"],"picked":"Ball Lightning","floor":1},{"not_picked":["Barrage","Melter"],"picked":"Redo","floor":5},{"not_picked":["Hologram","Sweeping Beam"],"picked":"Ball Lightning","floor":7},{"not_picked":["Aggregate","Go for the Eyes"],"picked":"Conserve Battery","floor":8},{"not_picked":["Meteor Strike","Recycle+1"],"picked":"Turbo+1","floor":11},{"not_picked":["Blizzard","Beam Cell"],"picked":"Double Energy+1","floor":13},{"not_picked":["Creative AI","Multi-Cast+1"],"picked":"Thunder Strike","floor":16},{"not_picked":["Steam Power+1","Compile Driver+1"],"picked":"Stack+1","floor":18},{"not_picked":["Reprogram+1","Turbo+1"],"picked":"White Noise+1","floor":21},{"not_picked":["Doom and Gloom","Barrage+1"],"picked":"Hologram+1","floor":22},{"not_picked":["Gash","FTL+1"],"picked":"Auto Shields+1","floor":24},{"not_picked":["Beam Cell","Melter","Heatsinks"],"picked":"SKIP","floor":28},{"not_picked":["Go for the Eyes+1","Doom and Gloom+1"],"picked":"Steam+1","floor":29}],"player_experience":246534,"relics_obtained":[{"floor":9,"key":"Toxic Egg 2"},{"floor":13,"key":"PreservedInsect"},{"floor":24,"key":"Strawberry"},{"floor":26,"key":"Omamori"}],"event_choices":[{"event_name":"Liars Game","player_choice":"agreed","floor":2,"damage_taken":0},{"event_name":"Transmorgrifier","player_choice":"Transform","floor":3,"damage_taken":0},{"event_name":"Upgrade Shrine","player_choice":"Upgraded","floor":10,"damage_taken":0},{"event_name":"Golden Idol","player_choice":"Take Damage","floor":14,"damage_taken":0},{"event_name":"The Woman in Blue","player_choice":"Bought 0 Potions","floor":20,"damage_taken":0},{"event_name":"Vampires","player_choice":"Ignored","floor":25,"damage_taken":0},{"event_name":"Forgotten Altar","player_choice":"Gave Idol","floor":31,"damage_taken":0}],"is_beta":false,"boss_relics":[{"not_picked":["Orrery","Calling Bell"],"picked":"Sozu"}],"items_purged_floors":[4,19,30],"is_endless":false,"potions_floor_spawned":[5,8,16,28],"killed_by":"Collector","ascension_level":4}