{"gold_per_floor":[214,214,58,233,246,246,264,339,339,339,354,398,398,398,398,398],"floor_reached":16,"playtime":392,"items_purged":["Injury"],"score":157,"play_id":"e764ced4-bc18-4888-8235-c63b5da7269a","local_time":"20190517005759","is_ascension_mode":true,"campfire_choices":[{"data":"Bouncing Flask","floor":6,"key":"SMITH"},{"floor":10,"key":"REST"},{"floor":13,"key":"REST"},{"data":"Noxious Fumes","floor":15,"key":"SMITH"}],"neow_cost":"NONE","seed_source_timestamp":2699656689601199,"circlet_count":0,"master_deck":["AscendersBane","Defend_G","Defend_G","Defend_G","Defend_G","Defend_G","Strike_G","Strike_G","Strike_G","Strike_G","Strike_G","Survivor","Neutralize","Cloak And Dagger","Noxious Fumes+1","Doubt","Bouncing Flask+1","Skewer","Distraction","Distraction+1"],"relics":["Ring of the Snake","Golden Idol","Tingsha","Toxic Egg 2"],"potions_floor_usage":[16,16],"damage_taken":[{"damage":1,"enemies":"Jaw Worm","floor":1,"turns":6},{"damage":7,"enemies":"Small Slimes","floor":5,"turns":5},{"damage":6,"enemies":"2 Louse","floor":7,"turns":3},{"damage":3,"enemies":"2 Fungi Beasts","floor":11,"turns":3},{"damage":22,"enemies":"Gremlin Nob","floor":12,"turns":4},{"damage":60,"enemies":"Slime Boss","floor":16,"turns":9}],"seed_played":"6046610397111135947","potions_obtained":[{"floor":7,"key":"SkillPotion"},{"floor":12,"key":"AttackPotion"}],"is_trial":false,"path_per_floor":["M","?","$","?","M","R","M","?","T","R","M","E","R","?","R","B"],"character_chosen":"THE_SILENT","items_purchased":["Noxious Fumes"],"campfire_rested":2,"item_purchase_floors":[3],"current_hp_per_floor":[62,62,62,62,55,55,49,38,38,59,56,34,55,60,60,0],"gold":398,"neow_bonus":"HUNDRED_GOLD","is_prod":false,"is_daily":false,"chose_seed":false,"campfire_upgraded":2,"win_rate":0,"timestamp":1558011479,"path_taken":["M","?","$","?","M","R","M","?","T","R","M","E","R","?","R","BOSS"],"build_version":"2019-01-23","purchased_purges":1,"victory":false,"max_hp_per_floor":[70,70,70,70,70,70,70,70,70,70,70,70,70,75,75,75],"card_choices":[{"not_picked":["Underhanded Strike","Outmaneuver"],"picked":"Cloak And Dagger","floor":1},{"not_picked":["Acrobatics","Heel Hook"],"picked":"Bouncing Flask","floor":5},{"not_picked":["Prepared","Outmaneuver"],"picked":"Skewer","floor":7},{"not_picked":["Cloak And Dagger","Grand Finale"],"picked":"Distraction","floor":11},{"not_picked":["Outmaneuver","Cloak And Dagger"],"picked":"Distraction","floor":12}],"player_experience":273977,"relics_obtained":[{"floor":9,"key":"Tingsha"},{"floor":12,"key":"Toxic Egg 2"}],"event_choices":[{"damage_healed":0,"gold_gain":0,"player_choice":"Take Wound","damage_taken":0,"relics_obtained":["Golden Idol"],"max_hp_gain":0,"max_hp_loss":0,"event_name":"Golden Idol","floor":2,"gold_loss":0,"cards_obtained":["Injury"]},{"damage_healed":0,"gold_gain":175,"player_choice":"AGREE","damage_taken":0,"max_hp_gain":0,"max_hp_loss":0,"event_name":"Liars Game","floor":4,"gold_loss":0,"cards_obtained":["Doubt"]},{"damage_healed":0,"gold_gain":75,"player_choice":"Gather Gold","damage_taken":11,"max_hp_gain":0,"max_hp_loss":0,"event_name":"World of Goop","floor":8,"gold_loss":0},{"damage_healed":0,"gold_gain":0,"player_choice":"Donut","damage_taken":0,"max_hp_gain":5,"max_hp_loss":0,"event_name":"Big Fish","floor":14,"gold_loss":0}],"is_beta":false,"boss_relics":[],"items_purged_floors":[3],"is_endless":false,"potions_floor_spawned":[7,12],"killed_by":"Slime Boss","ascension_level":12}