{"gold_per_floor":[142,153,171,121,121,121,152,152,201,30,56,66,19,19],"floor_reached":14,"playtime":745,"items_purged":["Defend_B"],"score":103,"play_id":"a299c4c1-ad14-4c20-9c1c-e3431552f0c5","local_time":"20180830195322","is_ascension_mode":true,"campfire_choices":[{"data":"Zap","floor":6,"key":"SMITH"},{"floor":8,"key":"REST"}],"neow_cost":"NONE","seed_source_timestamp":952585499141013,"circlet_count":0,"master_deck":["Strike_B+1","Strike_B+1","Strike_B+1","Defend_B","Defend_B","Defend_B","Zap+1","Dualcast","Steam","Go for the Eyes+1","Capacitor","Self Repair","Turbo","Steam Power","Barrage","Conserve Battery"],"relics":["Cracked Core","Tiny Chest","Lantern","Orichalcum","Whetstone"],"potions_floor_usage":[12,14],"damage_taken":[{"damage":5,"enemies":"Jaw Worm","floor":1,"turns":4},{"damage":1,"enemies":"2 Louse","floor":2,"turns":3},{"damage":1,"enemies":"Cultist","floor":3,"turns":4},{"damage":35,"enemies":"3 Sentries","floor":7,"turns":8},{"damage":25,"enemies":"Lagavulin","floor":11,"turns":8},{"damage":12,"enemies":"Exordium Thugs","floor":12,"turns":4},{"damage":14,"enemies":"3 Sentries","floor":14,"turns":4}],"seed_played":"6120350952454810449","potions_obtained":[{"floor":1,"key":"Strength Potion"},{"floor":7,"key":"AttackPotion"}],"is_trial":false,"path_per_floor":["M","M","M","?","?","R","E","R","T","$","E","M","$"],"character_chosen":"DEFECT","items_purchased":["Self Repair","Turbo","Conserve Battery"],"campfire_rested":1,"item_purchase_floors":[10,10,13],"current_hp_per_floor":[70,69,68,68,53,53,18,40,40,40,22,17,17,3],"gold":19,"neow_bonus":"RANDOM_COMMON_RELIC","is_prod":false,"is_daily":false,"chose_seed":false,"campfire_upgraded":1,"win_rate":0,"timestamp":1535626402,"path_taken":["M","M","M","?","?","R","E","R","T","?","E","?","?","E"],"build_version":"2018-08-23v2","purchased_purges":1,"victory":false,"max_hp_per_floor":[75,75,75,75,75,75,75,75,75,75,75,75,75,75],"card_choices":[{"not_picked":["Recycle","Sweeping Beam","Steam"],"picked":"SKIP","floor":1},{"not_picked":["Cold Snap","Sweeping Beam"],"picked":"Steam","floor":2},{"not_picked":["Darkness","Beam Cell"],"picked":"Go for the Eyes","floor":3},{"not_picked":["Steam","Compile Driver"],"picked":"Capacitor","floor":7},{"not_picked":["Streamline","Chaos"],"picked":"Steam Power","floor":11},{"not_picked":["Multi-Cast","Chaos"],"picked":"Barrage","floor":12}],"player_experience":168465,"relics_obtained":[{"floor":7,"key":"Lantern"},{"floor":9,"key":"Orichalcum"},{"floor":11,"key":"Whetstone"}],"event_choices":[{"event_name":"The Cleric","player_choice":"Card Removal","floor":4,"damage_taken":0},{"event_name":"Shining Light","player_choice":"Entered Light","floor":5,"damage_taken":0}],"is_beta":false,"boss_relics":[],"items_purged_floors":[10],"is_endless":false,"potions_floor_spawned":[1,7],"killed_by":"3 Sentries","ascension_level":1}