{"gold_per_floor":[109,127,52,64,80,105,105,115,115,115,145,158,168,184,184,288,288,307,307,26,26,26,26,26,26,26,26,1,16,29,59,59,159,159,171,171,226,176,187,187,212,212,236,256,256,272,272,272,272,272],"floor_reached":50,"playtime":3795,"items_purged":["Defend_R","Writhe","Strike_R"],"score":490,"play_id":"a831447d-e20d-4c3c-b6c7-625f14e6ac4f","local_time":"20180707222953","is_ascension_mode":false,"campfire_choices":[{"data":"Armaments","floor":7,"key":"SMITH"},{"floor":10,"key":"REST"},{"data":"Rampage","floor":15,"key":"SMITH"},{"data":"Apotheosis","floor":23,"key":"SMITH"},{"data":"Warcry","floor":25,"key":"SMITH"},{"data":"Shrug It Off","floor":27,"key":"SMITH"},{"data":"Warcry","floor":32,"key":"SMITH"},{"data":"Reckless Charge","floor":40,"key":"SMITH"},{"data":"Madness","floor":45,"key":"SMITH"},{"floor":47,"key":"REST"},{"floor":49,"key":"REST"}],"neow_cost":"NONE","seed_source_timestamp":87631255424221,"circlet_count":0,"master_deck":["Strike_R","Strike_R","Strike_R","Defend_R","Defend_R","Bash","Armaments+1","Headbutt","Rampage","Shrug It Off+1","Warcry+1","Rampage+1","Juggernaut","Cleave","Apotheosis+1","Shrug It Off","Warcry+1","Metallicize","Clothesline+1","Impervious","Madness+1","Madness","Reckless Charge+1","Whirlwind+1"],"relics":["Burning Blood","Blood Vial","Dodecahedron","Thread and Needle","Charon\u0027s Ashes","Velvet Choker","Smiling Mask","Kunai","Vajra","White Beast Statue","Gambling Chip","Bottled Flame","Anchor"],"potions_floor_usage":[31,31,31,41,41,46,46,50,50],"damage_taken":[{"damage":5,"enemies":"Jaw Worm","floor":1,"turns":6},{"damage":4,"enemies":"Small Slimes","floor":2,"turns":4},{"damage":1,"enemies":"Cultist","floor":4,"turns":3},{"damage":18,"enemies":"Lots of Slimes","floor":5,"turns":8},{"damage":45,"enemies":"Lagavulin","floor":6,"turns":8},{"damage":10,"enemies":"Looter","floor":8,"turns":3},{"damage":0,"enemies":"3 Louse","floor":12,"turns":7},{"damage":0,"enemies":"Gremlin Gang","floor":13,"turns":5},{"damage":7,"enemies":"Blue Slaver","floor":14,"turns":5},{"damage":21,"enemies":"Slime Boss","floor":16,"turns":12},{"damage":6,"enemies":"Spheric Guardian","floor":18,"turns":4},{"damage":0,"enemies":"Shell Parasite","floor":29,"turns":4},{"damage":6,"enemies":"Centurion and Healer","floor":30,"turns":6},{"damage":22,"enemies":"Gremlin Leader","floor":31,"turns":6},{"damage":53,"enemies":"Collector","floor":33,"turns":11},{"damage":2,"enemies":"Orb Walker","floor":35,"turns":3},{"damage":14,"floor":37,"turns":4},{"damage":2,"enemies":"3 Darklings","floor":39,"turns":5},{"damage":79,"enemies":"Giant Head","floor":41,"turns":11},{"damage":0,"enemies":"Maw","floor":44,"turns":8},{"damage":16,"enemies":"Sphere and 2 Shapes","floor":46,"turns":4},{"damage":72,"enemies":"Time Eater","floor":50,"turns":12}],"seed_played":"-3139588474742463425","potions_obtained":[{"floor":2,"key":"SpeedPotion"},{"floor":6,"key":"Weak Potion"},{"floor":8,"key":"Poison Potion"},{"floor":13,"key":"LiquidBronze"},{"floor":14,"key":"BloodPotion"},{"floor":18,"key":"Regen Potion"},{"floor":33,"key":"PowerPotion"},{"floor":35,"key":"BloodPotion"},{"floor":37,"key":"Strength Potion"},{"floor":39,"key":"BloodPotion"},{"floor":41,"key":"Dexterity Potion"},{"floor":44,"key":"Swift Potion"},{"floor":46,"key":"GamblersBrew"}],"is_trial":false,"path_per_floor":["M","M","$","M","M","E","R","M","T","R","?","M","M","M","R","B",null,"M","?","$","$","?","R","$","R","T","R","$","M","M","E","R","B",null,"M","?","?","$","M","R","E","?","T","M","R","M","R","?","R"],"character_chosen":"IRONCLAD","items_purchased":["Apotheosis","Shrug It Off","Warcry"],"campfire_rested":3,"item_purchase_floors":[20,20,28],"current_hp_per_floor":[80,80,80,80,68,31,31,29,29,53,53,61,69,70,70,57,80,80,80,80,80,65,65,65,65,65,65,65,73,75,76,76,31,85,85,74,68,68,74,74,11,11,11,19,19,19,44,44,69,0],"gold":272,"neow_bonus":"RANDOM_COMMON_RELIC","is_prod":false,"is_daily":false,"chose_seed":false,"campfire_upgraded":8,"win_rate":0.0,"timestamp":1530970193,"path_taken":["M","M","$","M","M","E","R","M","T","R","?","M","M","M","R","BOSS","M","?","?","$","?","R","$","R","T","R","$","?","?","E","R","BOSS","M","?","?","$","?","R","E","?","T","M","R","M","R","?","R","BOSS"],"build_version":"2018-07-05","purchased_purges":3,"victory":false,"max_hp_per_floor":[80,80,80,80,80,80,80,80,80,80,80,80,80,80,80,80,80,80,80,80,80,85,85,85,85,85,85,85,85,85,85,85,85,85,85,85,85,85,85,85,85,85,85,85,85,85,85,85,85,85],"card_choices":[{"not_picked":["Corruption","Heavy Blade"],"picked":"Armaments","floor":1},{"not_picked":["Clothesline","Second Wind","Thunderclap"],"picked":"SKIP","floor":2},{"not_picked":["Pummel","Clothesline"],"picked":"Headbutt","floor":4},{"not_picked":["Clash","Clothesline"],"picked":"Rampage","floor":5},{"not_picked":["Bludgeon","Iron Wave"],"picked":"Shrug It Off","floor":6},{"not_picked":["Carnage","Spot Weakness","Clothesline"],"picked":"SKIP","floor":8},{"not_picked":["Carnage","Entrench"],"picked":"Warcry","floor":12},{"not_picked":["Clothesline","Bloodletting","Second Wind"],"picked":"SKIP","floor":13},{"not_picked":["Heavy Blade","True Grit"],"picked":"Rampage","floor":14},{"not_picked":["Berserk","Impervious"],"picked":"Juggernaut","floor":16},{"not_picked":["Seeing Red","Whirlwind"],"picked":"Cleave","floor":18},{"not_picked":["Hemokinesis","Fire Breathing","Second Wind"],"picked":"SKIP","floor":29},{"not_picked":["Rage","Bloodletting"],"picked":"Metallicize","floor":30},{"not_picked":["Seeing Red","Headbutt"],"picked":"Clothesline+1","floor":31},{"not_picked":["Brutality","Barricade"],"picked":"Impervious","floor":33},{"not_picked":["Searing Blow+1","Uppercut","Flex"],"picked":"SKIP","floor":35},{"not_picked":["Corruption","Thunderclap+1"],"picked":"Reckless Charge","floor":39},{"not_picked":["Combust+1","Armaments","True Grit"],"picked":"SKIP","floor":41},{"not_picked":["Bludgeon","Burning Pact+1"],"picked":"Whirlwind+1","floor":44},{"not_picked":["Anger","Sever Soul+1","Heavy Blade+1"],"picked":"SKIP","floor":46}],"player_experience":56441,"relics_obtained":[{"floor":6,"key":"Dodecahedron"},{"floor":9,"key":"Thread and Needle"},{"floor":26,"key":"Kunai"},{"floor":31,"key":"Vajra"},{"floor":37,"key":"Gambling Chip"},{"floor":41,"key":"Bottled Flame"},{"floor":43,"key":"Anchor"}],"event_choices":[{"event_name":"Dead Adventurer","player_choice":"Searched \u00273\u0027 times","floor":11,"damage_taken":0},{"event_name":"The Mausoleum","player_choice":"Yes","floor":19,"damage_taken":0},{"event_name":"Forgotten Altar","player_choice":"Shed Blood","floor":22,"damage_taken":0},{"event_name":"Winding Halls","player_choice":"Embrace Madness","floor":36,"damage_taken":0},{"event_name":"Mysterious Sphere","player_choice":"Fight","floor":37,"damage_taken":0},{"event_name":"Falling","player_choice":"Removed Attack","floor":42,"damage_taken":0},{"event_name":"Bonfire Elementals","player_choice":"BASIC","floor":48,"damage_taken":0}],"boss_relics":[{"not_picked":["Coffee Dripper","Runic Pyramid"],"picked":"Velvet Choker"},{"not_picked":["Mark of Pain","Busted Crown"],"picked":"White Beast Statue"}],"items_purged_floors":[3,20,38],"is_endless":false,"potions_floor_spawned":[2,6,8,13,14,18,33,35,37,39,41,44,46],"killed_by":"Time Eater","ascension_level":0}