{"gold_per_floor":[117,128,128,145,110,110,136,161,161,177,177,177],"floor_reached":12,"playtime":207,"items_purged":[],"score":101,"play_id":"85855e94-448f-41b3-98b9-bb6565d4cf0d","local_time":"20190516105605","is_ascension_mode":true,"campfire_choices":[{"data":"Zap","floor":6,"key":"SMITH"}],"neow_cost":"NONE","seed_source_timestamp":2649322199532722,"circlet_count":0,"master_deck":["Strike_B","Strike_B","Strike_B","Strike_B","Defend_B","Defend_B","Defend_B","Zap+1","Dualcast","Rebound","Defragment","FTL","FTL","Conserve Battery","Streamline"],"relics":["Lizard Tail","Bottled Tornado","Odd Mushroom"],"potions_floor_usage":[8],"damage_taken":[{"damage":11,"enemies":"2 Louse","floor":1,"turns":2},{"damage":3,"enemies":"Small Slimes","floor":2,"turns":3},{"damage":6,"enemies":"Cultist","floor":4,"turns":3},{"damage":31,"enemies":"Gremlin Nob","floor":7,"turns":4},{"damage":31,"enemies":"The Mushroom Lair","floor":8,"turns":4},{"damage":22,"enemies":"Looter","floor":10,"turns":3},{"damage":15,"enemies":"Gremlin Gang","floor":12,"turns":1}],"seed_played":"-6025827405412663339","potions_obtained":[{"floor":7,"key":"PowerPotion"},{"floor":8,"key":"Energy Potion"},{"floor":10,"key":"Fire Potion"}],"is_trial":false,"path_per_floor":["M","M","?","M","?","R","E","?","T","M","?","M"],"character_chosen":"DEFECT","items_purchased":[],"campfire_rested":0,"item_purchase_floors":[],"current_hp_per_floor":[57,54,47,41,59,59,28,37,37,15,15,0],"gold":177,"neow_bonus":"BOSS_RELIC","is_prod":false,"is_daily":false,"chose_seed":false,"campfire_upgraded":1,"win_rate":0,"timestamp":1557960965,"path_taken":["M","M","?","M","?","R","E","?","T","M","?","M"],"build_version":"2019-01-23","purchased_purges":0,"victory":false,"max_hp_per_floor":[75,75,75,75,75,75,75,75,75,75,75,75],"card_choices":[{"not_picked":["Barrage","Steam"],"picked":"Rebound","floor":1},{"not_picked":["FTL","Loop"],"picked":"Defragment","floor":2},{"not_picked":["Ball Lightning","Beam Cell"],"picked":"FTL","floor":4},{"not_picked":["Hello World","Conserve Battery"],"picked":"FTL","floor":7},{"not_picked":["Redo","Barrage"],"picked":"Conserve Battery","floor":8},{"not_picked":["Redo","Beam Cell"],"picked":"Streamline","floor":10}],"player_experience":271117,"relics_obtained":[{"floor":7,"key":"Bottled Tornado"},{"floor":8,"key":"Odd Mushroom"}],"event_choices":[{"cards_removed":["Defend_B"],"damage_healed":0,"gold_gain":0,"player_choice":"Card Removal","damage_taken":7,"max_hp_gain":0,"max_hp_loss":0,"event_name":"Golden Wing","floor":3,"gold_loss":0},{"damage_healed":18,"gold_gain":0,"player_choice":"Healed","damage_taken":0,"max_hp_gain":0,"max_hp_loss":0,"event_name":"The Cleric","floor":5,"gold_loss":35},{"damage_healed":0,"gold_gain":0,"player_choice":"Fought Mushrooms","damage_taken":0,"max_hp_gain":0,"max_hp_loss":0,"event_name":"Mushrooms","floor":8,"gold_loss":0},{"damage_healed":0,"gold_gain":0,"player_choice":"Ignored","damage_taken":0,"max_hp_gain":0,"max_hp_loss":0,"event_name":"Shining Light","floor":11,"gold_loss":0}],"is_beta":false,"boss_relics":[],"items_purged_floors":[],"is_endless":false,"potions_floor_spawned":[7,8,10],"killed_by":"Gremlin Gang","ascension_level":6}