{"gold_per_floor":[212,387,387,401,401,429,429,463,486,513,29,46,46,64,64,167,167,180,180,180,27,45,45,76,76],"floor_reached":25,"playtime":1402,"items_purged":["Defend_B"],"score":249,"play_id":"b5d2c567-2c92-49c1-a3ee-feb70075271e","local_time":"20180831222215","is_ascension_mode":true,"campfire_choices":[{"floor":7,"key":"REST"},{"floor":15,"key":"REST"},{"data":"Zap","floor":23,"key":"SMITH"}],"neow_cost":"NONE","seed_source_timestamp":1047259908348269,"circlet_count":0,"master_deck":["Strike_B","Strike_B","Strike_B","Defend_B","Defend_B","Defend_B","Zap+1","Dualcast","Defragment","Doubt","Undo","Double Energy","Beam Cell","Conserve Battery","Stack","Defragment","Ball Lightning","Buffer","Leap+1","Auto Shields","Static Discharge","Capacitor"],"relics":["Cracked Core","Happy Flower","Orichalcum","Pen Nib","Bronze Scales","Gremlin Horn","Bottled Tornado","Anchor","Black Star","Juzu Bracelet","Bag of Preparation"],"potions_floor_usage":[6,6,16,24],"damage_taken":[{"damage":7,"enemies":"2 Louse","floor":1,"turns":3},{"damage":9,"enemies":"Small Slimes","floor":4,"turns":3},{"damage":8,"enemies":"Lagavulin","floor":6,"turns":6},{"damage":10,"enemies":"3 Sentries","floor":8,"turns":10},{"damage":16,"enemies":"Lagavulin","floor":10,"turns":9},{"damage":0,"enemies":"Jaw Worm","floor":12,"turns":4},{"damage":4,"enemies":"Blue Slaver","floor":14,"turns":3},{"damage":15,"enemies":"The Guardian","floor":16,"turns":10},{"damage":16,"enemies":"3 Byrds","floor":18,"turns":4},{"damage":0,"enemies":"Chosen","floor":22,"turns":6},{"damage":23,"enemies":"Slavers","floor":24,"turns":5},{"damage":22,"enemies":"Shelled Parasite and Fungi","floor":25,"turns":5}],"seed_played":"4587672117484582494","potions_obtained":[{"floor":1,"key":"PowerPotion"},{"floor":4,"key":"Dexterity Potion"},{"floor":10,"key":"SkillPotion"},{"floor":18,"key":"FocusPotion"}],"is_trial":false,"path_per_floor":["M","?","?","M","?","E","R","E","T","E","$","M","$","M","R","B",null,"M","?","?","$","M","R","E"],"character_chosen":"DEFECT","items_purchased":["Conserve Battery","Bottled Tornado","Anchor","Stack","Static Discharge"],"campfire_rested":2,"item_purchase_floors":[11,11,11,11,21],"current_hp_per_floor":[68,68,35,26,26,18,40,30,30,14,14,14,14,10,32,17,75,59,59,45,45,45,45,22,0],"gold":76,"neow_bonus":"HUNDRED_GOLD","is_prod":false,"is_daily":false,"chose_seed":false,"campfire_upgraded":1,"win_rate":0,"timestamp":1535721735,"path_taken":["M","?","?","?","?","E","R","E","T","E","$","M","?","M","R","BOSS","M","?","?","$","?","R","E","M"],"build_version":"2018-08-30","purchased_purges":1,"victory":false,"max_hp_per_floor":[75,75,75,75,75,75,75,75,75,75,75,75,75,75,75,75,75,75,75,80,80,80,80,80,80],"card_choices":[{"not_picked":["Reinforced Body","Barrage"],"picked":"Defragment","floor":1},{"not_picked":["Reprogram","Tempest"],"picked":"Undo","floor":4},{"not_picked":["Aggregate","Stack"],"picked":"Double Energy","floor":6},{"not_picked":["Cold Snap","Stack"],"picked":"Beam Cell","floor":8},{"not_picked":["Skim","Steam","Force Field"],"picked":"SKIP","floor":10},{"not_picked":["Leap","Go for the Eyes"],"picked":"Defragment","floor":12},{"not_picked":["Aggregate","Meteor Strike"],"picked":"Ball Lightning","floor":14},{"not_picked":["Thunder Strike","Core Surge"],"picked":"Buffer","floor":16},{"not_picked":["Compile Driver+1","Sweeping Beam+1"],"picked":"Leap+1","floor":18},{"not_picked":["Go for the Eyes","Loop"],"picked":"Capacitor","floor":22},{"not_picked":["Gash","Stack","Barrage"],"picked":"SKIP","floor":24}],"player_experience":184969,"relics_obtained":[{"floor":6,"key":"Orichalcum"},{"floor":8,"key":"Pen Nib"},{"floor":9,"key":"Bronze Scales"},{"floor":10,"key":"Gremlin Horn"},{"floor":24,"key":"Juzu Bracelet"},{"floor":24,"key":"Bag of Preparation"}],"event_choices":[{"event_name":"Liars Game","player_choice":"agreed","floor":2,"damage_taken":0},{"event_name":"Scrap Ooze","player_choice":"success","floor":3,"damage_taken":33},{"event_name":"Living Wall","player_choice":"Forget","floor":5,"damage_taken":0},{"event_name":"The Library","player_choice":"Read","floor":19,"damage_taken":0},{"event_name":"Forgotten Altar","player_choice":"Shed Blood","floor":20,"damage_taken":0}],"is_beta":false,"boss_relics":[{"not_picked":["Calling Bell","Astrolabe"],"picked":"Black Star"}],"items_purged_floors":[21],"is_endless":false,"potions_floor_spawned":[1,4,10,18],"killed_by":"Shelled Parasite and Fungi","ascension_level":1}