{"gold_per_floor":[109,125,125,125,136,162,162,178,203,203,222,44,59,86,86,182,182,195,95,95,109,120,120,140,140,165,217,217,217,12,26,26,26],"floor_reached":33,"playtime":2889,"items_purged":["Defend_R","Defend_R"],"score":257,"play_id":"0f83fe59-c49d-4aa5-a986-9d22aa6acf23","local_time":"20190504131817","is_ascension_mode":false,"campfire_choices":[{"floor":7.0,"key":"REST"},{"data":"Shrug It Off","floor":10.0,"key":"SMITH"},{"data":"Perfected Strike","floor":15.0,"key":"SMITH"},{"data":"Iron Wave","floor":23.0,"key":"SMITH"},{"data":"Twin Strike","floor":29.0,"key":"SMITH"},{"floor":32.0,"key":"REST"}],"neow_cost":"NONE","seed_source_timestamp":149705062777219,"circlet_count":0,"master_deck":["Strike_R+1","Strike_R+1","Strike_R+1","Strike_R+1","Strike_R+1","Defend_R+1","Bash","Shrug It Off+1","Shrug It Off+1","Iron Wave","Flex+1","Perfected Strike+1","Iron Wave+1","Clash","Clash","Thunderclap","Twin Strike","Shrug It Off+1","Twin Strike+1","Armaments+1","Pommel Strike"],"special_seed":0,"relics":["Burning Blood","NeowsBlessing","Ancient Tea Set","Orichalcum","War Paint","Orrery","Centennial Puzzle","Strawberry","Boot"],"potions_floor_usage":[33],"damage_taken":[{"damage":0.0,"enemies":"2 Louse","floor":1.0,"turns":1.0},{"damage":0.0,"enemies":"Jaw Worm","floor":2.0,"turns":1.0},{"damage":0.0,"enemies":"Cultist","floor":5.0,"turns":1.0},{"damage":27.0,"enemies":"3 Sentries","floor":6.0,"turns":11.0},{"damage":9.0,"enemies":"2 Fungi Beasts","floor":8.0,"turns":4.0},{"damage":6.0,"enemies":"Exordium Wildlife","floor":11.0,"turns":8.0},{"damage":7.0,"enemies":"Blue Slaver","floor":13.0,"turns":3.0},{"damage":1.0,"enemies":"Gremlin Nob","floor":14.0,"turns":3.0},{"damage":37.0,"enemies":"Hexaghost","floor":16.0,"turns":7.0},{"damage":0.0,"enemies":"3 Byrds","floor":18.0,"turns":5.0},{"damage":4.0,"enemies":"Chosen","floor":21.0,"turns":3.0},{"damage":14.0,"enemies":"Centurion and Healer","floor":22.0,"turns":6.0},{"damage":7.0,"enemies":"3 Cultists","floor":24.0,"turns":5.0},{"damage":16.0,"enemies":"Snake Plant","floor":31.0,"turns":3.0},{"damage":125,"enemies":"Champ","floor":33,"turns":13}],"seed_played":"4999170963647490883","potions_obtained":[{"floor":1.0,"key":"SkillPotion"},{"floor":5.0,"key":"Strength Potion"},{"floor":6.0,"key":"Strength Potion"},{"floor":22.0,"key":"FairyPotion"},{"floor":24.0,"key":"PowerPotion"}],"is_trial":false,"path_per_floor":["M","M","?","?","M","E","R","M","T","R","M","$","M","E","R","B",null,"M","$","?","M","M","R","M","?","T","T","$","R","$","M","R","B"],"character_chosen":"IRONCLAD","items_purchased":["Perfected Strike","Iron Wave","Pommel Strike","Boot"],"campfire_rested":2,"item_purchase_floors":[12,12,30,30],"current_hp_per_floor":[80,80,80,64,70,49,73,70,70,70,70,70,69,74,74,43,80,80,80,80,80,72,72,71,71,71,78,78,78,78,68,87,0],"gold":26,"neow_bonus":"THREE_ENEMY_KILL","is_prod":false,"is_daily":false,"chose_seed":false,"campfire_upgraded":4,"win_rate":0,"timestamp":1556993897,"path_taken":["M","M","?","?","M","E","R","M","T","R","M","$","M","E","R","BOSS","M","$","?","M","?","R","M","?","T","?","?","R","?","?","R","BOSS"],"build_version":"2019-01-23","purchased_purges":2,"victory":false,"max_hp_per_floor":[80,80,80,80,80,80,80,80,80,80,80,80,80,80,80,80,80,80,80,80,80,80,80,80,80,80,87,87,87,87,87,87,87],"card_choices":[{"not_picked":["Flame Barrier","Evolve","Heavy Blade"],"picked":"SKIP","floor":1.0},{"not_picked":["Pummel","Reckless Charge"],"picked":"Shrug It Off","floor":2.0},{"not_picked":["Headbutt","Clothesline"],"picked":"Shrug It Off","floor":5.0},{"not_picked":["Warcry","Entrench","Offering"],"picked":"SKIP","floor":6.0},{"not_picked":["Body Slam","Flex"],"picked":"Iron Wave","floor":8.0},{"not_picked":["Clothesline","Carnage"],"picked":"Flex","floor":11.0},{"not_picked":["Offering","Blood for Blood"],"picked":"Clash","floor":13.0},{"not_picked":["True Grit","Fire Breathing"],"picked":"Clash","floor":14.0},{"not_picked":["Heavy Blade","Seeing Red"],"picked":"Thunderclap","floor":17.0},{"not_picked":["Sword Boomerang","Shrug It Off"],"picked":"Twin Strike","floor":17.0},{"not_picked":["Clash","Flame Barrier"],"picked":"Shrug It Off","floor":17.0},{"not_picked":["Dropkick+1","Perfected Strike","Thunderclap"],"picked":"SKIP","floor":18.0},{"not_picked":["Feel No Pain","Anger+1"],"picked":"Twin Strike","floor":21.0},{"not_picked":["Pommel Strike","Heavy Blade"],"picked":"Armaments+1","floor":22.0},{"not_picked":["Dual Wield","Flex","Sever Soul+1"],"picked":"SKIP","floor":24.0},{"not_picked":["Flex","Heavy Blade","Fiend Fire"],"picked":"SKIP","floor":31.0}],"player_experience":467439,"relics_obtained":[{"floor":6.0,"key":"Ancient Tea Set"},{"floor":9.0,"key":"Orichalcum"},{"floor":14.0,"key":"War Paint"},{"floor":26.0,"key":"Centennial Puzzle"},{"floor":27.0,"key":"Strawberry"}],"event_choices":[{"cards_removed":["Defend_R"],"damage_healed":0.0,"max_hp_gain":0.0,"max_hp_loss":0.0,"gold_gain":0.0,"event_name":"Living Wall","player_choice":"Forget","floor":3.0,"gold_loss":0.0,"damage_taken":0.0},{"damage_healed":0.0,"max_hp_gain":0.0,"max_hp_loss":0.0,"gold_gain":0.0,"event_name":"Shining Light","player_choice":"Entered Light","floor":4.0,"gold_loss":0.0,"damage_taken":16.0,"cards_upgraded":["Shrug It Off","Strike_R"]},{"damage_healed":0.0,"max_hp_gain":0.0,"max_hp_loss":0.0,"gold_gain":0.0,"event_name":"Upgrade Shrine","player_choice":"Upgraded","floor":20.0,"gold_loss":0.0,"damage_taken":0.0,"cards_upgraded":["Shrug It Off"]},{"damage_healed":0.0,"max_hp_gain":0.0,"max_hp_loss":0.0,"gold_gain":0.0,"event_name":"Back to Basics","player_choice":"Simplicity","floor":25.0,"gold_loss":0.0,"damage_taken":0.0,"cards_upgraded":["Strike_R","Strike_R","Strike_R","Strike_R"]}],"is_beta":false,"boss_relics":[{"not_picked":["Fusion Hammer","Mark of Pain"],"picked":"Orrery"}],"items_purged_floors":[12,19],"is_endless":false,"potions_floor_spawned":[1,5,6,22,24],"killed_by":"Champ","ascension_level":0}