{"gold_per_floor":[112,131,81,5,23,23,40,68,93,22,22,22,22,52,52,154,154,167,38,38,38,39,73,73,88,88,105,105,105,121,121,121,222,222,234,234,0,12,25,25,25,25,51,51,68,68,18,32,32,32],"floor_reached":50,"playtime":4468,"items_purged":["Strike_G","Defend_G"],"score":518,"play_id":"4d07109e-0c13-4070-8e68-ee15288d776b","local_time":"20180916192621","is_ascension_mode":false,"campfire_choices":[{"data":"Leg Sweep","floor":6,"key":"SMITH"},{"floor":11,"key":"REST"},{"floor":13,"key":"REST"},{"floor":15,"key":"REST"},{"data":"Cloak And Dagger","floor":24,"key":"SMITH"},{"data":"Cloak And Dagger","floor":29,"key":"SMITH"},{"floor":32,"key":"REST"},{"floor":40,"key":"REST"},{"data":"Cloak And Dagger","floor":44,"key":"SMITH"},{"data":"A Thousand Cuts","floor":49,"key":"SMITH"}],"neow_cost":"NONE","seed_source_timestamp":3224274815822,"circlet_count":0,"master_deck":["Defend_G","Defend_G","Defend_G","Survivor","Neutralize","Finisher","Leg Sweep+1","Accuracy","Cloak And Dagger+1","Deflect","Infinite Blades","After Image","Footwork","Accuracy","Bite","Bite","Bite","Bite","Blade Dance","Cloak And Dagger+1","Cloak And Dagger+1","Prepared+1","A Thousand Cuts+1","Deflect","Well Laid Plans","Blade Dance","Footwork"],"relics":["Ring of the Snake","Boot","Blood Vial","Smiling Mask","Bronze Scales","Black Star","Ninja Scroll","Matryoshka","Vajra","Bottled Tornado","Lizard Tail","Red Mask","Meat on the Bone","PreservedInsect","The Specimen"],"potions_floor_usage":[16,18,33,33,45,50],"damage_taken":[{"damage":0,"enemies":"Cultist","floor":1,"turns":4},{"damage":5,"enemies":"Small Slimes","floor":2,"turns":3},{"damage":0,"enemies":"2 Louse","floor":5,"turns":4},{"damage":0,"enemies":"Exordium Wildlife","floor":7,"turns":6},{"damage":46,"enemies":"3 Sentries","floor":8,"turns":13},{"damage":28,"enemies":"Gremlin Nob","floor":14,"turns":5},{"damage":50,"enemies":"Slime Boss","floor":16,"turns":12},{"damage":17,"enemies":"Chosen","floor":18,"turns":5},{"damage":30,"enemies":"2 Thieves","floor":22,"turns":4},{"damage":4,"enemies":"Book of Stabbing","floor":23,"turns":7},{"damage":7,"enemies":"Sentry and Sphere","floor":25,"turns":6},{"damage":8,"enemies":"3 Cultists","floor":27,"turns":5},{"damage":26,"enemies":"Centurion and Healer","floor":30,"turns":5},{"damage":7,"enemies":"Colosseum Slavers","floor":31,"turns":4},{"damage":28,"enemies":"Automaton","floor":33,"turns":14},{"damage":4,"enemies":"3 Shapes","floor":35,"turns":10},{"damage":16,"enemies":"3 Darklings","floor":38,"turns":6},{"damage":32,"enemies":"Spire Growth","floor":39,"turns":6},{"damage":2,"enemies":"Maw","floor":45,"turns":7},{"damage":0,"enemies":"4 Shapes","floor":48,"turns":8},{"damage":90,"enemies":"Awakened One","floor":50,"turns":5}],"seed_played":"-1492442149399110124","potions_obtained":[{"floor":2,"key":"SteroidPotion"},{"floor":14,"key":"FearPotion"},{"floor":22,"key":"SpeedPotion"},{"floor":30,"key":"Dexterity Potion"},{"floor":38,"key":"Strength Potion"},{"floor":45,"key":"Explosive Potion"}],"is_trial":false,"path_per_floor":["M","M","?","$","M","R","M","E","T","$","R","?","R","E","R","B",null,"M","$","?","?","M","E","R","M","T","M","?","R","M","?","R","B",null,"M","?","?","M","M","R","?","$","T","R","M","?","$","M","R"],"character_chosen":"THE_SILENT","items_purchased":["Accuracy","Infinite Blades","Accuracy"],"campfire_rested":5,"item_purchase_floors":[4,10,19],"current_hp_per_floor":[70,65,65,65,65,65,65,19,19,19,40,40,61,35,56,8,70,53,53,53,49,27,31,31,34,34,38,38,38,22,21,35,25,49,49,47,47,37,15,29,29,29,29,29,39,39,39,43,43,0],"gold":32,"neow_bonus":"RANDOM_COMMON_RELIC","is_prod":false,"is_daily":false,"chose_seed":false,"campfire_upgraded":5,"win_rate":0,"timestamp":1537097181,"path_taken":["M","?","?","$","M","R","M","E","T","$","R","?","R","E","R","BOSS","M","$","?","?","M","E","R","?","T","M","?","R","?","?","R","BOSS","M","?","?","M","?","R","?","?","T","R","M","?","$","M","R","BOSS"],"build_version":"2018-09-06","purchased_purges":2,"victory":false,"max_hp_per_floor":[70,70,70,70,70,70,70,70,70,70,70,70,70,70,70,70,70,70,70,70,49,49,49,49,49,49,49,49,49,49,49,49,49,49,49,47,47,47,47,47,47,47,47,47,47,47,47,47,47,47],"card_choices":[{"not_picked":["Deadly Poison","Reflex"],"picked":"Finisher","floor":1},{"not_picked":["Heel Hook","Acrobatics"],"picked":"Leg Sweep","floor":2},{"not_picked":["Dagger Throw","Sucker Punch","Bane"],"picked":"SKIP","floor":5},{"not_picked":["Deflect","Deadly Poison"],"picked":"Cloak And Dagger","floor":7},{"not_picked":["Bane","Noxious Fumes"],"picked":"Deflect","floor":8},{"not_picked":["Riddle With Holes","Venomology","Noxious Fumes"],"picked":"SKIP","floor":14},{"not_picked":["Wraith Form v2","Malaise"],"picked":"After Image","floor":16},{"not_picked":["Acrobatics","Endless Agony"],"picked":"Footwork","floor":18},{"not_picked":["Acrobatics","Backstab"],"picked":"Blade Dance","floor":22},{"not_picked":["Unload","Choke"],"picked":"Cloak And Dagger","floor":23},{"not_picked":["Bouncing Flask","Heel Hook","Outmaneuver+1"],"picked":"SKIP","floor":25},{"not_picked":["Quick Slash","Riddle With Holes"],"picked":"Cloak And Dagger","floor":27},{"not_picked":["Masterful Stab","Finisher"],"picked":"Prepared+1","floor":30},{"not_picked":["Tools of the Trade","Unload"],"picked":"A Thousand Cuts","floor":33},{"not_picked":["Quick Slash+1","Slice+1"],"picked":"Deflect","floor":35},{"not_picked":["Heel Hook+1","Flying Knee+1"],"picked":"Well Laid Plans","floor":38},{"not_picked":["Noxious Fumes","Escape Plan"],"picked":"Blade Dance","floor":39},{"not_picked":["Tactician","Acrobatics+1"],"picked":"Footwork","floor":45},{"not_picked":["Tactician+1","Quick Slash+1","Endless Agony"],"picked":"SKIP","floor":48}],"player_experience":47369,"relics_obtained":[{"floor":8,"key":"Blood Vial"},{"floor":9,"key":"Smiling Mask"},{"floor":14,"key":"Bronze Scales"},{"floor":23,"key":"Ninja Scroll"},{"floor":23,"key":"Matryoshka"},{"floor":26,"key":"Vajra"},{"floor":26,"key":"Bottled Tornado"},{"floor":43,"key":"Meat on the Bone"},{"floor":43,"key":"PreservedInsect"}],"event_choices":[{"event_name":"The Cleric","player_choice":"Card Removal","floor":3,"damage_taken":0},{"event_name":"Purifier","player_choice":"One Purge","floor":12,"damage_taken":0},{"event_name":"Beggar","player_choice":"Ignored","floor":20,"damage_taken":0},{"event_name":"Vampires","player_choice":"Became a vampire","floor":21,"damage_taken":0},{"event_name":"Ghosts","player_choice":"Ignored","floor":28,"damage_taken":0},{"event_name":"Colosseum","player_choice":"Fight","floor":31,"damage_taken":0},{"event_name":"Colosseum","player_choice":"Fled From Nobs","floor":31,"damage_taken":0},{"event_name":"Winding Halls","player_choice":"Max HP","floor":36,"damage_taken":0},{"event_name":"Tomb of Lord Red Mask","player_choice":"Paid","floor":37,"damage_taken":0},{"event_name":"SensoryStone","player_choice":"Memory 1","floor":41,"damage_taken":0},{"event_name":"WeMeetAgain","player_choice":"Card","floor":46,"damage_taken":0}],"is_beta":false,"boss_relics":[{"not_picked":["Cursed Key","Eternal Feather"],"picked":"Black Star"},{"not_picked":["Astrolabe","Runic Pyramid"],"picked":"Lizard Tail"}],"items_purged_floors":[19,47],"is_endless":false,"potions_floor_spawned":[2,14,22,30,31,38,45],"killed_by":"Awakened One","ascension_level":0}