{"gold_per_floor":[217,22,22,22,97,124,143,153,180,180,211,211,227,257,257,362,362,376,223,223,223,243,243,273,302,302,315,334,347,347,358,358,459,459,472,485,225,235,251,251,251,271,271,599,599],"floor_reached":45,"playtime":5001,"items_purged":[],"score":535,"play_id":"fec231ae-1bf1-421b-9404-083a53f9335a","local_time":"20180706005620","is_ascension_mode":false,"campfire_choices":[{"floor":10,"key":"REST"},{"floor":12,"key":"REST"},{"data":"Backstab","floor":15,"key":"SMITH"},{"floor":23,"key":"REST"},{"floor":30,"key":"REST"},{"data":"Tools of the Trade","floor":32,"key":"SMITH"},{"data":"Magnetism","floor":41,"key":"SMITH"}],"neow_cost":"NONE","seed_source_timestamp":102088486270432,"circlet_count":0,"master_deck":["Defend_G","Defend_G","Defend_G","Defend_G","Strike_G","Strike_G","Strike_G","Strike_G","Strike_G","Survivor","Neutralize","Dash","Magnetism+1","Dagger Throw","Crippling Poison","Heel Hook","Backstab+1","All Out Attack","Caltrops","Tools of the Trade+1","Blur","Flash of Steel","Flying Knee","Sucker Punch","Dagger Throw","Leg Sweep","PiercingWail","Blur+1","Predator","Dagger Spray+1","Adrenaline","Flechettes+1","Poisoned Stab+1","Poisoned Stab+1","Finisher+1","Quick Slash+1","Backflip+1"],"relics":["Ring of the Snake","Letter Opener","Mercury Hourglass","Lantern","Pen Nib","Happy Flower","Eternal Feather","Red Mask","Regal Pillow","Bag of Preparation","Black Star","Pear","Kunai","Calipers","Old Coin"],"potions_floor_usage":[6,27,29,45,45,45,45,45,45],"damage_taken":[{"damage":0,"enemies":"Cultist","floor":1,"turns":5},{"damage":37,"enemies":"Lagavulin","floor":6,"turns":12},{"damage":0,"enemies":"Small Slimes","floor":7,"turns":3},{"damage":0,"enemies":"2 Louse","floor":8,"turns":2},{"damage":2,"enemies":"3 Sentries","floor":11,"turns":7},{"damage":0,"enemies":"Blue Slaver","floor":13,"turns":2},{"damage":1,"enemies":"Gremlin Nob","floor":14,"turns":3},{"damage":43,"enemies":"Hexaghost","floor":16,"turns":10},{"damage":12,"enemies":"Chosen","floor":18,"turns":5},{"damage":10,"enemies":"3 Byrds","floor":22,"turns":3},{"damage":12,"floor":24,"turns":5},{"damage":17,"enemies":"Book of Stabbing","floor":25,"turns":6},{"damage":0,"enemies":"Slaver and Parasite","floor":27,"turns":7},{"damage":11,"enemies":"Centurion and Healer","floor":28,"turns":8},{"damage":14,"enemies":"Cultist and Chosen","floor":29,"turns":5},{"damage":6,"enemies":"Slaver and Parasite","floor":31,"turns":7},{"damage":41,"enemies":"Automaton","floor":33,"turns":10},{"damage":0,"enemies":"3 Shapes","floor":35,"turns":5},{"damage":1,"enemies":"Orb Walker","floor":36,"turns":3},{"damage":14,"enemies":"Sphere and 2 Shapes","floor":38,"turns":5},{"damage":7,"enemies":"3 Darklings","floor":39,"turns":4},{"damage":14,"enemies":"Maw","floor":42,"turns":8},{"damage":53,"enemies":"2 Orb Walkers","floor":44,"turns":5},{"damage":8,"enemies":"4 Shapes","floor":45,"turns":1}],"seed_played":"3682718095776900988","potions_obtained":[{"floor":1,"key":"SpeedPotion"},{"floor":8,"key":"EntropicBrew"},{"floor":13,"key":"Dexterity Potion"},{"floor":18,"key":"Explosive Potion"},{"floor":27,"key":"Weak Potion"},{"floor":33,"key":"LiquidBronze"}],"is_trial":false,"path_per_floor":["M","$","T","$","?","E","M","M","T","R","E","R","M","E","R","B",null,"M","$","?","$","M","R","?","E","T","M","M","M","R","M","R","B",null,"M","M","$","M","M","?","R","M","T","E"],"character_chosen":"THE_SILENT","items_purchased":["Magnetism","Flash of Steel","Flying Knee","Pear"],"campfire_rested":4,"item_purchase_floors":[2,19,19,37],"current_hp_per_floor":[70,70,70,70,59,22,22,22,22,43,41,62,62,61,61,18,70,58,58,58,58,48,70,58,41,41,41,30,16,64,58,70,29,70,70,69,79,65,58,58,72,58,58,5,0],"gold":599,"neow_bonus":"HUNDRED_GOLD","is_prod":false,"is_daily":false,"chose_seed":false,"campfire_upgraded":3,"win_rate":0.0,"timestamp":1530806180,"path_taken":["M","$","?","?","?","E","M","M","T","R","E","R","M","E","R","BOSS","M","$","?","$","M","R","?","E","T","?","?","M","R","M","R","BOSS","M","M","$","M","M","?","R","M","T","E","M"],"build_version":"2018-06-28","purchased_purges":0,"victory":false,"max_hp_per_floor":[70,70,70,70,70,70,70,70,70,70,70,70,70,70,70,70,70,70,70,70,70,70,70,70,70,70,70,70,70,70,70,70,70,70,70,70,80,80,80,80,80,80,80,80,80],"card_choices":[{"not_picked":["Flechettes","Deadly Poison"],"picked":"Dash","floor":1},{"not_picked":["Footwork","Expertise"],"picked":"Dagger Throw","floor":6},{"not_picked":["Terror","Deadly Poison"],"picked":"Crippling Poison","floor":7},{"not_picked":["Calculated Gamble","Crippling Poison"],"picked":"Heel Hook","floor":8},{"not_picked":["Terror","Underhanded Strike"],"picked":"Backstab","floor":11},{"not_picked":["Deflect","Outmaneuver"],"picked":"All Out Attack","floor":13},{"not_picked":["Flying Knee","Slice"],"picked":"Caltrops","floor":14},{"not_picked":["Envenom","Night Terror"],"picked":"Tools of the Trade","floor":16},{"not_picked":["Acrobatics","Backflip"],"picked":"Blur","floor":18},{"not_picked":["Reflex+1","Acrobatics"],"picked":"Sucker Punch","floor":22},{"not_picked":["Heel Hook","Prepared+1"],"picked":"Dagger Throw","floor":24},{"not_picked":["Underhanded Strike","Noxious Fumes"],"picked":"Leg Sweep","floor":25},{"not_picked":["Heel Hook","Caltrops"],"picked":"PiercingWail","floor":27},{"not_picked":["Masterful Stab+1","Calculated Gamble"],"picked":"Blur+1","floor":28},{"not_picked":["Finisher+1","Backflip"],"picked":"Predator","floor":29},{"not_picked":["Well Laid Plans","Prepared"],"picked":"Dagger Spray+1","floor":31},{"not_picked":["Envenom","Unload"],"picked":"Adrenaline","floor":33},{"not_picked":["Blade Dance","Deadly Poison+1"],"picked":"Flechettes+1","floor":35},{"not_picked":["Slice","Acrobatics+1"],"picked":"Poisoned Stab+1","floor":36},{"not_picked":["Acrobatics","Underhanded Strike"],"picked":"Poisoned Stab+1","floor":38},{"not_picked":["Outmaneuver+1","Sucker Punch"],"picked":"Finisher+1","floor":39},{"not_picked":["Doppelganger","Expertise"],"picked":"Quick Slash+1","floor":42},{"not_picked":["Phantasmal Killer","Quick Slash+1"],"picked":"Backflip+1","floor":44}],"player_experience":12008,"relics_obtained":[{"floor":3,"key":"Letter Opener"},{"floor":6,"key":"Mercury Hourglass"},{"floor":9,"key":"Lantern"},{"floor":11,"key":"Pen Nib"},{"floor":14,"key":"Happy Flower"},{"floor":24,"key":"Red Mask"},{"floor":25,"key":"Regal Pillow"},{"floor":26,"key":"Bag of Preparation"},{"floor":43,"key":"Kunai"},{"floor":44,"key":"Calipers"},{"floor":44,"key":"Old Coin"}],"event_choices":[{"event_name":"World of Goop","player_choice":"Gather Gold","floor":5,"damage_taken":0},{"event_name":"Drug Dealer","player_choice":"Ignored","floor":20,"damage_taken":0},{"event_name":"Masked Bandits","player_choice":"Fought over 243 gold","floor":24,"damage_taken":0},{"event_name":"Falling","player_choice":"Removed Skill","floor":40,"damage_taken":0}],"boss_relics":[{"not_picked":["Runic Dome","White Beast Statue"],"picked":"Eternal Feather"},{"not_picked":["Snecko Eye","Sozu"],"picked":"Black Star"}],"items_purged_floors":[],"is_endless":false,"potions_floor_spawned":[1,8,13,18,27,33,36,39,44],"killed_by":"4 Shapes","ascension_level":0}