{"gold_per_floor":[117,117,129,141,141,141,159,189,189,206,206,206,6,36,36,137,137,151,151,151,167,266,266,299,299,322,322,332,332,36,51,51,149,149,159,171,171],"floor_reached":37,"playtime":1311,"items_purged":[],"score":568,"play_id":"030aae01-cd90-4fbc-a275-c0eedafc43c6","local_time":"20190516112928","is_ascension_mode":true,"campfire_choices":[{"data":"Zap","floor":6,"key":"SMITH"},{"floor":11,"key":"REST"},{"floor":15,"key":"REST"},{"data":"Coolheaded","floor":23,"key":"SMITH"},{"floor":25,"key":"REST"},{"floor":27,"key":"REST"},{"data":"Apotheosis","floor":32,"key":"SMITH"}],"neow_cost":"NONE","seed_source_timestamp":2650219778843543,"circlet_count":0,"master_deck":["Strike_B","Strike_B","Defend_B","Defend_B","Defend_B","Zap+1","Dualcast","Ball Lightning","Buffer","Turbo","Cold Snap","Auto Shields","Cold Snap","Darkness","Biased Cognition","Coolheaded+1","Rebound","Hologram","Writhe","Stack","Redo+1","Decay","Self Repair","Glacier","Apotheosis+1","Leap","Machine Learning","Force Field+1","Undo+1"],"relics":["Cracked Core","NeowsBlessing","Bag of Marbles","Happy Flower","Incense Burner","Membership Card","Cursed Key","Ornamental Fan","Unceasing Top","Smiling Mask","Mango","Snecko Eye"],"potions_floor_usage":[],"damage_taken":[{"damage":0,"enemies":"Small Slimes","floor":1,"turns":1},{"damage":0,"enemies":"Cultist","floor":3,"turns":1},{"damage":0,"enemies":"Jaw Worm","floor":4,"turns":1},{"damage":7,"enemies":"3 Louse","floor":7,"turns":3},{"damage":27,"enemies":"3 Sentries","floor":8,"turns":8},{"damage":7,"enemies":"Looter","floor":10,"turns":3},{"damage":0,"enemies":"Slime Boss","floor":16,"turns":7},{"damage":17,"enemies":"Shell Parasite","floor":18,"turns":6},{"damage":10,"enemies":"3 Byrds","floor":21,"turns":5},{"damage":30,"enemies":"Book of Stabbing","floor":24,"turns":7},{"damage":29,"enemies":"Snake Plant","floor":28,"turns":4},{"damage":12,"enemies":"Colosseum Slavers","floor":29,"turns":5},{"damage":6,"enemies":"Cultist and Chosen","floor":31,"turns":7},{"damage":24,"enemies":"Collector","floor":33,"turns":14},{"damage":38,"enemies":"3 Darklings","floor":35,"turns":7},{"damage":30,"enemies":"Orb Walker","floor":36,"turns":6},{"damage":19,"enemies":"Sphere and 2 Shapes","floor":37,"turns":11}],"seed_played":"-8689150208541275574","potions_obtained":[{"floor":4,"key":"Energy Potion"},{"floor":7,"key":"Fire Potion"},{"floor":24,"key":"Energy Potion"},{"floor":28,"key":"LiquidBronze"}],"is_trial":false,"path_per_floor":["M","?","M","M","?","R","M","E","T","M","R","T","$","?","R","B",null,"M","?","?","M","?","R","E","R","T","R","M","?","$","M","R","B",null,"M","M","M"],"character_chosen":"DEFECT","items_purchased":["Membership Card","Self Repair","Glacier","Mango","Apotheosis"],"campfire_rested":4,"item_purchase_floors":[13,30,30,30,30],"current_hp_per_floor":[68,68,68,68,68,68,61,34,34,27,49,49,49,49,71,71,74,57,57,57,47,47,47,17,39,39,61,32,20,34,35,35,21,72,41,18,0],"gold":171,"neow_bonus":"THREE_ENEMY_KILL","is_prod":false,"is_daily":false,"chose_seed":false,"campfire_upgraded":3,"win_rate":0,"timestamp":1557962968,"path_taken":["M","?","?","M","?","R","M","E","T","M","R","?","$","?","R","BOSS","M","?","?","M","?","R","E","R","T","R","M","?","$","M","R","BOSS","M","M","M"],"build_version":"2019-01-23","purchased_purges":0,"victory":false,"max_hp_per_floor":[75,75,75,75,75,75,75,75,75,75,75,75,75,75,75,75,75,75,75,75,75,75,75,75,75,75,75,75,75,89,89,89,89,89,89,89,89],"card_choices":[{"not_picked":["Rip and Tear","Coolheaded"],"picked":"Ball Lightning","floor":1},{"not_picked":["Fusion","Reprogram"],"picked":"Turbo","floor":3},{"not_picked":["Reprogram","Coolheaded"],"picked":"Cold Snap","floor":4},{"not_picked":["Go for the Eyes","Stack"],"picked":"Auto Shields","floor":7},{"not_picked":["Machine Learning","Tempest"],"picked":"Cold Snap","floor":8},{"not_picked":["Tempest","Turbo"],"picked":"Darkness","floor":10},{"not_picked":["Hyperbeam","Reboot"],"picked":"Biased Cognition","floor":16},{"not_picked":["Undo","Cold Snap"],"picked":"Coolheaded","floor":18},{"not_picked":["Cold Snap","Force Field"],"picked":"Stack","floor":21},{"not_picked":["Beam Cell","Electrodynamics"],"picked":"Redo+1","floor":24},{"not_picked":["Coolheaded","Rebound","Cold Snap"],"picked":"SKIP","floor":28},{"not_picked":["Stack","Chill"],"picked":"Leap","floor":31},{"not_picked":["All For One","Reboot"],"picked":"Machine Learning","floor":33},{"not_picked":["Redo","Coolheaded"],"picked":"Force Field+1","floor":35},{"not_picked":["Compile Driver","Coolheaded"],"picked":"Undo+1","floor":36}],"player_experience":271990,"relics_obtained":[{"floor":8,"key":"Bag of Marbles"},{"floor":9,"key":"Happy Flower"},{"floor":12,"key":"Incense Burner"},{"floor":24,"key":"Unceasing Top"},{"floor":26,"key":"Smiling Mask"}],"event_choices":[{"damage_healed":0,"gold_gain":0,"cards_transformed":["Strike_B"],"player_choice":"Transformed","damage_taken":0,"max_hp_gain":0,"max_hp_loss":0,"event_name":"Transmorgrifier","floor":2,"gold_loss":0,"cards_obtained":["Buffer"]},{"damage_healed":0,"gold_gain":0,"player_choice":"Leave","damage_taken":0,"max_hp_gain":0,"max_hp_loss":0,"event_name":"The Cleric","floor":5,"gold_loss":0},{"damage_healed":0,"gold_gain":30,"player_choice":"Searched \u00271\u0027 times","damage_taken":0,"max_hp_gain":0,"max_hp_loss":0,"event_name":"Dead Adventurer","floor":14,"gold_loss":0},{"damage_healed":0,"gold_gain":0,"cards_transformed":["Strike_B","Defend_B"],"player_choice":"Became Test Subject","damage_taken":0,"max_hp_gain":0,"max_hp_loss":0,"event_name":"Drug Dealer","floor":19,"gold_loss":0,"cards_obtained":["Rebound","Hologram"]},{"damage_healed":0,"gold_gain":0,"player_choice":"Opened","damage_taken":0,"relics_obtained":["Ornamental Fan"],"max_hp_gain":0,"max_hp_loss":0,"event_name":"The Mausoleum","floor":20,"gold_loss":0,"cards_obtained":["Writhe"]},{"damage_healed":0,"gold_gain":99,"player_choice":"Stole From Cult","damage_taken":0,"max_hp_gain":0,"max_hp_loss":0,"event_name":"Nest","floor":22,"gold_loss":0},{"damage_healed":0,"gold_gain":0,"player_choice":"Fight","damage_taken":0,"max_hp_gain":0,"max_hp_loss":0,"event_name":"Colosseum","floor":29,"gold_loss":0},{"damage_healed":0,"gold_gain":0,"player_choice":"Fled From Nobs","damage_taken":0,"max_hp_gain":0,"max_hp_loss":0,"event_name":"Colosseum","floor":29,"gold_loss":0}],"is_beta":false,"boss_relics":[{"not_picked":["Tiny House","Busted Crown"],"picked":"Cursed Key"},{"not_picked":["Runic Pyramid","Philosopher\u0027s Stone"],"picked":"Snecko Eye"}],"items_purged_floors":[],"is_endless":false,"potions_floor_spawned":[4,7,24,28,29,33,35],"killed_by":"Sphere and 2 Shapes","ascension_level":6}