{"gold_per_floor":[216,232,157,171,187,187,217,217,217,266,280,280,293,305,305,405,405,425,22,35,35,54,54,70,70,70,70,102,23,23,38,38,138,138,153,169,518,518,537,537,562,562],"floor_reached":42,"playtime":2723,"items_purged":["Defend_B","Strike_B"],"score":588,"play_id":"734dc92c-ea53-45ca-ad8d-fbd7949f27c5","local_time":"20180917170720","is_ascension_mode":true,"campfire_choices":[{"data":"Zap","floor":6,"key":"SMITH"},{"data":"Dualcast","floor":8,"key":"SMITH"},{"data":"Sunder","floor":12,"key":"SMITH"},{"floor":15,"key":"REST"},{"data":"Echo Form","floor":23,"key":"SMITH"},{"data":"White Noise","floor":25,"key":"SMITH"},{"data":"Thunder Strike","floor":27,"key":"SMITH"},{"floor":30,"key":"REST"},{"floor":32,"key":"REST"},{"data":"Magnetism","floor":40,"key":"SMITH"}],"neow_cost":"NONE","seed_source_timestamp":123573398754935,"circlet_count":0,"master_deck":["Strike_B","Strike_B","Strike_B","Defend_B","Defend_B","Defend_B","Zap+1","Dualcast+1","White Noise+1","Conserve Battery","Sunder+1","Conserve Battery","Glacier","Loop","Auto Shields","Echo Form+1","Compile Driver+1","Thunder Strike+1","Conserve Battery","Go for the Eyes","Turbo","BootSequence","Capacitor+1","Machine Learning","BootSequence+1","Defragment+1","Magnetism+1"],"relics":["Cracked Core","Bag of Preparation","Meat on the Bone","Oddly Smooth Stone","PreservedInsect","Bottled Tornado","Letter Opener","Cursed Key","Old Coin","Dodecahedron"],"potions_floor_usage":[24,24,31,37,37],"damage_taken":[{"damage":0,"enemies":"Cultist","floor":1,"turns":3},{"damage":2,"enemies":"Jaw Worm","floor":2,"turns":3},{"damage":1,"enemies":"Small Slimes","floor":4,"turns":3},{"damage":10,"enemies":"Looter","floor":5,"turns":4},{"damage":23,"enemies":"3 Sentries","floor":7,"turns":6},{"damage":0,"enemies":"Blue Slaver","floor":11,"turns":4},{"damage":0,"enemies":"Lots of Slimes","floor":13,"turns":4},{"damage":3,"enemies":"Exordium Thugs","floor":14,"turns":3},{"damage":23,"enemies":"The Guardian","floor":16,"turns":14},{"damage":0,"enemies":"Chosen","floor":18,"turns":7},{"damage":6,"enemies":"2 Thieves","floor":20,"turns":5},{"damage":0,"enemies":"Centurion and Healer","floor":22,"turns":6},{"damage":22,"enemies":"Cultist and Chosen","floor":24,"turns":8},{"damage":40,"enemies":"Gremlin Leader","floor":28,"turns":6},{"damage":0,"enemies":"Snecko","floor":31,"turns":5},{"damage":46,"enemies":"Automaton","floor":33,"turns":11},{"damage":10,"enemies":"Orb Walker","floor":35,"turns":5},{"damage":0,"enemies":"3 Shapes","floor":36,"turns":4},{"damage":0,"enemies":"Mysterious Sphere","floor":37,"turns":5},{"damage":41,"enemies":"Reptomancer","floor":39,"turns":4},{"damage":27,"enemies":"Nemesis","floor":41,"turns":9},{"damage":16,"enemies":"3 Darklings","floor":42,"turns":2}],"seed_played":"-3795221239691210133","potions_obtained":[{"floor":4,"key":"SpeedPotion"},{"floor":7,"key":"Strength Potion"},{"floor":11,"key":"Block Potion"},{"floor":14,"key":"Ancient Potion"},{"floor":22,"key":"FocusPotion"},{"floor":33,"key":"PowerPotion"},{"floor":36,"key":"SkillPotion"},{"floor":37,"key":"FearPotion"}],"is_trial":false,"path_per_floor":["M","M","$","M","M","R","E","R","T","T","M","R","M","M","R","B",null,"M","$","M","?","M","R","M","R","T","R","E","$","R","M","R","B",null,"M","M","?","?","M","R","E"],"character_chosen":"DEFECT","items_purchased":["PreservedInsect","Thunder Strike","BootSequence"],"campfire_rested":3,"item_purchase_floors":[19,19,29],"current_hp_per_floor":[75,73,73,72,62,62,39,39,39,39,39,39,46,43,65,49,69,69,69,63,63,63,63,41,41,41,41,13,13,35,47,69,42,67,57,57,57,57,28,28,13,0],"gold":562,"neow_bonus":"HUNDRED_GOLD","is_prod":false,"is_daily":false,"chose_seed":false,"campfire_upgraded":7,"win_rate":0,"timestamp":1537171640,"path_taken":["M","?","$","?","M","R","E","R","T","?","M","R","M","M","R","BOSS","M","$","M","?","M","R","M","R","T","R","E","$","R","M","R","BOSS","M","?","?","?","M","R","E","M"],"build_version":"2018-09-06","purchased_purges":2,"victory":false,"max_hp_per_floor":[75,75,75,75,75,75,75,75,75,75,75,75,75,75,75,75,75,75,75,75,75,75,75,75,75,75,75,75,75,75,75,75,75,75,75,75,75,75,75,75,75,75],"card_choices":[{"not_picked":["Streamline","Beam Cell"],"picked":"White Noise","floor":1},{"not_picked":["Cold Snap","Tempest"],"picked":"Conserve Battery","floor":2},{"not_picked":["Barrage","Meteor Strike","Reinforced Body"],"picked":"SKIP","floor":4},{"not_picked":["Recycle","Scrape"],"picked":"Sunder","floor":5},{"not_picked":["Steam","Genetic Algorithm"],"picked":"Conserve Battery","floor":7},{"not_picked":["Leap","Barrage"],"picked":"Glacier","floor":11},{"not_picked":["Beam Cell","Sunder"],"picked":"Loop","floor":13},{"not_picked":["Gash","Rebound"],"picked":"Auto Shields","floor":14},{"not_picked":["Creative AI","Meteor Strike"],"picked":"Echo Form","floor":16},{"not_picked":["Steam+1","Turbo+1"],"picked":"Compile Driver+1","floor":18},{"not_picked":["Rebound+1","Scrape+1"],"picked":"Conserve Battery","floor":20},{"not_picked":["Sweeping Beam","Barrage"],"picked":"Go for the Eyes","floor":22},{"not_picked":["Cold Snap","Stack+1","Tempest"],"picked":"SKIP","floor":24},{"not_picked":["Loop","Streamline"],"picked":"Turbo","floor":28},{"not_picked":["Conserve Battery","BootSequence"],"picked":"Capacitor+1","floor":31},{"not_picked":["Multi-Cast","Reboot"],"picked":"Machine Learning","floor":33},{"not_picked":["Barrage+1","Steam Power"],"picked":"BootSequence+1","floor":35},{"not_picked":["Rip and Tear+1","Hologram+1","Blizzard"],"picked":"SKIP","floor":36},{"not_picked":["Scrape","Gash+1"],"picked":"Defragment+1","floor":37},{"not_picked":["Trip","Metamorphosis"],"picked":"Magnetism","floor":38},{"not_picked":["Skim+1","Sweeping Beam+1","Beam Cell+1"],"picked":"SKIP","floor":39},{"not_picked":["Chill","Coolheaded+1","Auto Shields"],"picked":"SKIP","floor":41}],"player_experience":280715,"relics_obtained":[{"floor":7,"key":"Bag of Preparation"},{"floor":9,"key":"Meat on the Bone"},{"floor":10,"key":"Oddly Smooth Stone"},{"floor":26,"key":"Bottled Tornado"},{"floor":28,"key":"Letter Opener"},{"floor":37,"key":"Old Coin"},{"floor":41,"key":"Dodecahedron"}],"event_choices":[{"event_name":"Beggar","player_choice":"Ignored","floor":21,"damage_taken":0},{"event_name":"Mysterious Sphere","player_choice":"Fight","floor":37,"damage_taken":0},{"event_name":"SensoryStone","player_choice":"Memory 1","floor":38,"damage_taken":0}],"is_beta":false,"boss_relics":[{"not_picked":["Fusion Hammer","Philosopher\u0027s Stone","Runic Dome"]},{"not_picked":["Snecko Eye","FrozenCore"],"picked":"Cursed Key"}],"items_purged_floors":[3,19],"is_endless":false,"potions_floor_spawned":[4,7,11,14,20,22,33,36,37],"killed_by":"3 Darklings","ascension_level":5}