{"gold_per_floor":[113,123,143,143,68,68,93,93,93,113,113,88,88,105,105,207],"floor_reached":16,"playtime":833,"items_purged":["Defend_G"],"score":203,"play_id":"412682b9-d830-4808-8c21-38fabcbe7e83","local_time":"20180920220006","is_ascension_mode":true,"campfire_choices":[{"data":"Neutralize","floor":6,"key":"SMITH"},{"data":"Envenom","floor":8,"key":"SMITH"},{"data":"Footwork","floor":11,"key":"SMITH"},{"floor":15,"key":"REST"}],"neow_cost":"NONE","seed_source_timestamp":402228699080807,"circlet_count":0,"master_deck":["Defend_G","Defend_G","Defend_G","Strike_G","Strike_G","Strike_G","Strike_G","Strike_G","Survivor","Neutralize+1","Envenom+1","Backflip","Footwork+1","PiercingWail","Cloak And Dagger"],"relics":["Ring of the Snake","Orichalcum","Singing Bowl","Snake Skull"],"potions_floor_usage":[7,16,16],"damage_taken":[{"damage":2,"enemies":"Cultist","floor":1,"turns":4},{"damage":2,"enemies":"2 Louse","floor":2,"turns":5},{"damage":2,"enemies":"Jaw Worm","floor":3,"turns":5},{"damage":24,"enemies":"Gremlin Nob","floor":7,"turns":4},{"damage":3,"enemies":"Exordium Thugs","floor":10,"turns":7},{"damage":3,"enemies":"Exordium Wildlife","floor":14,"turns":5},{"damage":5,"enemies":"Slime Boss","floor":16,"turns":16}],"seed_played":"4397637905856608745","potions_obtained":[{"floor":3,"key":"Fire Potion"},{"floor":7,"key":"GhostInAJar"},{"floor":14,"key":"Energy Potion"}],"is_trial":false,"path_per_floor":["M","M","M","?","$","R","E","R","T","M","R","$","?","M","R"],"character_chosen":"THE_SILENT","items_purchased":["PiercingWail"],"campfire_rested":1,"item_purchase_floors":[12],"current_hp_per_floor":[61,59,57,50,50,50,26,26,26,23,23,23,20,17,38,33],"gold":207,"neow_bonus":"ONE_RANDOM_RARE_CARD","is_prod":false,"is_daily":false,"chose_seed":false,"campfire_upgraded":3,"win_rate":0,"timestamp":1537448406,"path_taken":["M","M","?","?","?","R","E","R","T","M","R","$","?","M","R","BOSS"],"build_version":"2018-09-06","purchased_purges":1,"victory":false,"max_hp_per_floor":[70,70,70,70,70,70,70,70,70,70,70,70,70,70,70,70],"card_choices":[{"not_picked":["Acrobatics","Crippling Poison"],"picked":"Backflip","floor":1},{"not_picked":["Slice","Endless Agony","Masterful Stab"],"picked":"SKIP","floor":2},{"not_picked":["Distraction","Dagger Throw","Crippling Poison"],"picked":"SKIP","floor":3},{"not_picked":["Sucker Punch","Endless Agony","Corpse Explosion"],"picked":"SKIP","floor":7},{"not_picked":["Acrobatics","Tactician"],"picked":"Footwork","floor":10},{"not_picked":["Acrobatics","Dagger Throw"],"picked":"Cloak And Dagger","floor":14}],"player_experience":306885,"relics_obtained":[{"floor":7,"key":"Orichalcum"},{"floor":9,"key":"Singing Bowl"}],"event_choices":[{"event_name":"Golden Wing","player_choice":"Card Removal","floor":4,"damage_taken":0},{"event_name":"Scrap Ooze","player_choice":"success","floor":13,"damage_taken":3}],"is_beta":false,"boss_relics":[],"items_purged_floors":[5],"is_endless":false,"potions_floor_spawned":[3,7,14],"killed_by":"Slime Boss","ascension_level":7}