{"gold_per_floor":[113,29,41,41,52,79,79,79,79,98,98,117,130,161,161,264,264,276,289,289,56,71,71],"floor_reached":23,"playtime":2164,"items_purged":["Pain"],"score":203,"play_id":"9b0729fb-db97-4a19-909d-83e65457b6a6","local_time":"20180705215405","is_ascension_mode":false,"campfire_choices":[{"data":"Cleave","floor":11,"key":"SMITH"},{"data":"1","floor":15,"key":"LIFT"}],"neow_cost":"NONE","seed_source_timestamp":93985802531850,"circlet_count":0,"master_deck":["Strike_R","Strike_R","Strike_R+1","Strike_R+1","Strike_R","Defend_R","Defend_R","Defend_R+1","Defend_R","Bash","Combust","Rampage","Shrug It Off","Clothesline","Iron Wave","Cleave+1","Seeing Red+1","Warcry","Clothesline","Cleave","Berserk","Normality","Regret","Whirlwind","Warcry","RitualDagger","Infernal Blade","Battle Trance","Heavy Blade","Anger+1"],"relics":["Burning Blood","Whetstone","Ginger","Meat on the Bone","Girya","Calling Bell","War Paint","Thread and Needle","Letter Opener"],"potions_floor_usage":[14,14],"damage_taken":[{"damage":5,"enemies":"Jaw Worm","floor":1,"turns":4},{"damage":0,"enemies":"2 Louse","floor":3,"turns":2},{"damage":1,"enemies":"Cultist","floor":5,"turns":4},{"damage":18,"enemies":"3 Sentries","floor":6,"turns":7},{"damage":15,"enemies":"Gremlin Gang","floor":10,"turns":4},{"damage":2,"enemies":"Blue Slaver","floor":12,"turns":3},{"damage":9,"enemies":"3 Louse","floor":13,"turns":3},{"damage":26,"enemies":"Lagavulin","floor":14,"turns":5},{"damage":34,"enemies":"Slime Boss","floor":16,"turns":11},{"damage":39,"enemies":"Spheric Guardian","floor":18,"turns":7},{"damage":28,"enemies":"Chosen","floor":19,"turns":6},{"damage":31,"enemies":"Snecko","floor":22,"turns":6},{"damage":24,"enemies":"Book of Stabbing","floor":23,"turns":4}],"seed_played":"8805190465264151584","potions_obtained":[{"floor":1,"key":"AttackPotion"},{"floor":5,"key":"Energy Potion"},{"floor":10,"key":"Poison Potion"},{"floor":18,"key":"SpeedPotion"}],"is_trial":false,"path_per_floor":["M","$","M","$","M","E","?","?","T","M","R","M","M","E","R","B",null,"M","M","?","$","M"],"character_chosen":"IRONCLAD","items_purchased":["Rampage","Shrug It Off","Infernal Blade","Battle Trance","Heavy Blade"],"campfire_rested":0,"item_purchase_floors":[2,2,21,21,21],"current_hp_per_floor":[80,80,80,80,80,68,68,73,73,64,64,68,65,57,57,41,85,52,42,36,36,23,0],"gold":71,"neow_bonus":"RANDOM_COMMON_RELIC","is_prod":false,"is_daily":false,"chose_seed":false,"campfire_upgraded":1,"win_rate":0.0,"timestamp":1530795245,"path_taken":["M","$","M","$","M","E","?","?","T","?","R","M","?","E","R","BOSS","M","M","?","$","M","E"],"build_version":"2018-06-28","purchased_purges":1,"victory":false,"max_hp_per_floor":[80,80,80,80,80,80,80,85,85,85,85,85,85,85,85,85,85,85,85,85,85,85,85],"card_choices":[{"not_picked":["Perfected Strike","Warcry"],"picked":"Combust","floor":1},{"not_picked":["Fire Breathing","Searing Blow"],"picked":"Clothesline","floor":3},{"not_picked":["Rupture","Thunderclap"],"picked":"Iron Wave","floor":5},{"not_picked":["Sever Soul","Entrench"],"picked":"Cleave","floor":6},{"not_picked":["Sword Boomerang","Pommel Strike"],"picked":"Seeing Red","floor":10},{"not_picked":["Twin Strike","Second Wind"],"picked":"Warcry","floor":12},{"not_picked":["Body Slam","Burning Pact"],"picked":"Clothesline","floor":13},{"not_picked":["Second Wind","Twin Strike"],"picked":"Cleave","floor":14},{"not_picked":["Barricade","Impervious"],"picked":"Berserk","floor":16},{"not_picked":["Iron Wave+1","Ghostly Armor"],"picked":"Whirlwind","floor":18},{"not_picked":["Body Slam","Sword Boomerang"],"picked":"Warcry","floor":19},{"not_picked":["Pummel","Clash+1"],"picked":"Anger+1","floor":22}],"player_experience":4051,"relics_obtained":[{"floor":6,"key":"Ginger"},{"floor":9,"key":"Meat on the Bone"},{"floor":14,"key":"Girya"},{"floor":17,"key":"War Paint"},{"floor":17,"key":"Thread and Needle"},{"floor":17,"key":"Letter Opener"}],"event_choices":[{"event_name":"The Cleric","player_choice":"Leave","floor":7,"damage_taken":0},{"event_name":"Big Fish","player_choice":"Donut","floor":8,"damage_taken":0},{"event_name":"Nest","player_choice":"Joined the Cult","floor":20,"damage_taken":0}],"boss_relics":[{"not_picked":["Philosopher\u0027s Stone","Fusion Hammer"],"picked":"Calling Bell"}],"items_purged_floors":[21],"is_endless":false,"potions_floor_spawned":[1,5,10,12,18],"killed_by":"Book of Stabbing","ascension_level":0}