{"gold_per_floor":[116,116,116,129,141,141,141,141,141,14,30,60,60,80,80,177,177,191,204,204,222,147,147,62,62,62,62,73,73,73,104,104,201,201,212,212,222,222,234,234,251,87,87,87,107,107,120,132,132,132],"floor_reached":50,"playtime":3952,"items_purged":["Writhe"],"score":462,"play_id":"b549d949-9385-4d2e-b942-10cbbc4022f7","local_time":"20180710011243","is_ascension_mode":false,"campfire_choices":[{"data":"Zap","floor":6,"key":"SMITH"},{"data":"Storm","floor":8,"key":"SMITH"},{"data":"Beam Cell","floor":13,"key":"SMITH"},{"floor":15,"key":"REST"},{"floor":23,"key":"REST"},{"data":"Electrodynamics","floor":25,"key":"SMITH"},{"data":"Barrage","floor":27,"key":"SMITH"},{"floor":29,"key":"REST"},{"floor":32,"key":"REST"},{"floor":40,"key":"REST"},{"data":"Machine Learning","floor":44,"key":"SMITH"},{"floor":49,"key":"REST"}],"neow_cost":"NONE","seed_source_timestamp":270043476014252,"circlet_count":0,"master_deck":["Strike_B","Strike_B","Strike_B","Defend_B","Defend_B","Defend_B","Defend_B","Zap+1","Dualcast","Storm+1","Compile Driver","Creative AI+1","Capacitor","Conserve Battery","Beam Cell+1","Electrodynamics+1","Barrage+1","Go for the Eyes","Machine Learning+1","Barrage+1","Madness+1","Madness+1","Dark Shackles+1","Thinking Ahead+1","Bandage Up+1","Leap+1","BootSequence+1","Seek+1","Parasite","Barrage","Hologram+1","Defragment+1","Go for the Eyes+1"],"relics":["Cracked Core","Art of War","Happy Flower","Bag of Preparation","Runic Pyramid","Torii","Toxic Egg 2","Matryoshka","Pen Nib","Cursed Key","Dodecahedron","Lantern","Sundial"],"potions_floor_usage":[14,16,31,48,50,50],"damage_taken":[{"damage":5,"enemies":"Small Slimes","floor":1,"turns":3},{"damage":0,"enemies":"Cultist","floor":4,"turns":4},{"damage":5,"enemies":"Jaw Worm","floor":5,"turns":4},{"damage":7,"enemies":"3 Louse","floor":11,"turns":4},{"damage":9,"enemies":"Lagavulin","floor":12,"turns":5},{"damage":11,"enemies":"Exordium Thugs","floor":14,"turns":4},{"damage":23,"enemies":"Slime Boss","floor":16,"turns":7},{"damage":18,"enemies":"2 Thieves","floor":18,"turns":3},{"damage":5,"enemies":"Spheric Guardian","floor":19,"turns":3},{"damage":16,"enemies":"Snake Plant","floor":21,"turns":4},{"damage":1,"enemies":"Sentry and Sphere","floor":28,"turns":3},{"damage":37,"enemies":"Slavers","floor":31,"turns":3},{"damage":49,"enemies":"Champ","floor":33,"turns":9},{"damage":0,"enemies":"3 Shapes","floor":35,"turns":2},{"damage":23,"enemies":"Orb Walker","floor":37,"turns":4},{"damage":16,"enemies":"3 Darklings","floor":39,"turns":3},{"damage":9,"enemies":"Maw","floor":41,"turns":6},{"damage":0,"enemies":"4 Shapes","floor":45,"turns":4},{"damage":0,"floor":46,"turns":4},{"damage":20,"enemies":"Sphere and 2 Shapes","floor":47,"turns":4},{"damage":1,"enemies":"Maw","floor":48,"turns":6},{"damage":93,"enemies":"Awakened One","floor":50,"turns":11}],"seed_played":"-1330362920678364529","potions_obtained":[{"floor":4,"key":"Energy Potion"},{"floor":11,"key":"Explosive Potion"},{"floor":12,"key":"Regen Potion"},{"floor":21,"key":"Swift Potion"},{"floor":33,"key":"SmokeBomb"},{"floor":35,"key":"Fire Potion"},{"floor":39,"key":"Weak Potion"}],"is_trial":false,"path_per_floor":["M","?","?","M","M","R","?","R","T","$","M","E","R","M","R","B",null,"M","M","?","M","$","R","?","R","T","R","M","R","?","E","R","B",null,"M","?","M","?","M","R","M","$","T","R","M","?","M","M","R"],"character_chosen":"DEFECT","items_purchased":["Capacitor","Conserve Battery","Seek+1"],"campfire_rested":6,"item_purchase_floors":[10,10,42],"current_hp_per_floor":[70,70,75,75,70,70,70,70,70,70,63,54,54,43,67,58,80,62,57,57,41,41,65,65,65,65,65,64,80,65,28,53,4,85,85,74,51,41,31,56,53,53,53,53,59,65,45,56,81,0],"gold":132,"neow_bonus":"RANDOM_COMMON_RELIC","is_prod":false,"is_daily":false,"chose_seed":false,"campfire_upgraded":6,"win_rate":0.0,"timestamp":1531152763,"path_taken":["M","?","?","M","?","R","?","R","T","$","M","E","R","M","R","BOSS","M","M","?","M","$","R","?","R","T","R","?","R","?","E","R","BOSS","M","?","M","?","?","R","M","$","T","R","M","?","M","M","R","BOSS"],"build_version":"2018-07-05","purchased_purges":1,"victory":false,"max_hp_per_floor":[75,75,80,80,80,80,80,80,80,80,80,80,80,80,80,80,80,80,80,80,80,80,80,80,80,80,80,80,80,85,85,85,85,85,85,85,85,85,85,85,85,85,85,85,85,85,85,85,85,85],"card_choices":[{"not_picked":["Stack","Redo","Rebound"],"picked":"SKIP","floor":1},{"not_picked":["Hologram","Conserve Battery"],"picked":"Compile Driver","floor":4},{"not_picked":["Barrage","Cold Snap"],"picked":"Creative AI","floor":5},{"not_picked":["Cold Snap","Blizzard","Chaos"],"picked":"SKIP","floor":11},{"not_picked":["Streamline","Chaos"],"picked":"Beam Cell","floor":12},{"not_picked":["Amplify","Reinforced Body","Force Field"],"picked":"SKIP","floor":14},{"not_picked":["Multi-Cast","Amplify"],"picked":"Electrodynamics","floor":16},{"not_picked":["Blizzard","Redo"],"picked":"Barrage","floor":18},{"not_picked":["Steam","Skim","Beam Cell"],"picked":"SKIP","floor":19},{"not_picked":["White Noise","Chaos","Genetic Algorithm+1"],"picked":"SKIP","floor":21},{"not_picked":["Chill+1","Rebound","Sweeping Beam+1"],"picked":"SKIP","floor":28},{"not_picked":["Coolheaded+1","Heatsinks"],"picked":"Go for the Eyes","floor":31},{"not_picked":["Seek+1","Thunder Strike"],"picked":"Machine Learning","floor":33},{"not_picked":["Streamline+1","Reprogram+1"],"picked":"Barrage+1","floor":35},{"not_picked":["Beam Cell+1","Doom and Gloom","Compile Driver+1"],"picked":"SKIP","floor":37},{"not_picked":["Purity+1","Secret Technique+1"],"picked":"Dark Shackles+1","floor":38},{"not_picked":["Mind Blast","Purity+1"],"picked":"Thinking Ahead+1","floor":38},{"not_picked":["Madness+1","Panacea+1"],"picked":"Bandage Up+1","floor":38},{"not_picked":["Gash","Hello World"],"picked":"Leap+1","floor":39},{"not_picked":["Tempest+1","Streamline"],"picked":"BootSequence+1","floor":41},{"not_picked":["Beam Cell+1","Lockon"],"picked":"Barrage","floor":45},{"not_picked":["Hello World+1","Streamline"],"picked":"Hologram+1","floor":46},{"not_picked":["Steam+1","Ball Lightning+1"],"picked":"Defragment+1","floor":47},{"not_picked":["Streamline","Capacitor"],"picked":"Go for the Eyes+1","floor":48}],"player_experience":105679,"relics_obtained":[{"floor":9,"key":"Happy Flower"},{"floor":12,"key":"Bag of Preparation"},{"floor":26,"key":"Matryoshka"},{"floor":31,"key":"Pen Nib"},{"floor":43,"key":"Dodecahedron"},{"floor":43,"key":"Lantern"},{"floor":46,"key":"Sundial"}],"event_choices":[{"event_name":"Transmorgrifier","player_choice":"Transform","floor":2,"damage_taken":0},{"event_name":"Big Fish","player_choice":"Donut","floor":3,"damage_taken":0},{"event_name":"Accursed Blacksmith","player_choice":"Forge","floor":7,"damage_taken":0},{"event_name":"The Mausoleum","player_choice":"Yes","floor":20,"damage_taken":0},{"event_name":"Addict","player_choice":"Obtained Relic","floor":24,"damage_taken":0},{"event_name":"Forgotten Altar","player_choice":"Shed Blood","floor":30,"damage_taken":0},{"event_name":"Winding Halls","player_choice":"Embrace Madness","floor":36,"damage_taken":0},{"event_name":"SensoryStone","player_choice":"Memory 3","floor":38,"damage_taken":0},{"event_name":"MindBloom","player_choice":"Fight","floor":46,"damage_taken":0}],"boss_relics":[{"not_picked":["Ectoplasm","Tiny House"],"picked":"Runic Pyramid"},{"not_picked":["Black Star","Nuclear Battery"],"picked":"Cursed Key"}],"items_purged_floors":[22],"is_endless":false,"potions_floor_spawned":[4,11,12,21,33,35,39,47],"killed_by":"Awakened One","ascension_level":0}