{"gold_per_floor":[211,211,211,36,36,36,80,80,80,80,101,101,1,20,20,149,149,163,188,188,201,38,79,7,47,100,12,47,67,107,134,146,284,296,329,360,4,24,47,81,81,104,174,198,241,24,24,62,62,62],"floor_reached":51,"playtime":7667,"items_purged":["Strike_B","Strike_B","Strike_B"],"score":1007,"play_id":"d683536a-fd2e-433d-b5d0-f073fbe32c79","local_time":"20190510232351","is_ascension_mode":true,"campfire_choices":[{"data":"Zap","floor":6.0,"key":"SMITH"},{"data":"Static Discharge","floor":8.0,"key":"SMITH"},{"data":"Coolheaded","floor":10.0,"key":"SMITH"},{"data":"Cold Snap","floor":12.0,"key":"SMITH"},{"floor":15.0,"key":"REST"},{"floor":32.0,"key":"REST"},{"floor":41.0,"key":"REST"},{"floor":47,"key":"REST"},{"floor":49,"key":"REST"}],"neow_cost":"NONE","seed_source_timestamp":763155826737920,"circlet_count":0,"master_deck":["Strike_B+1","Defend_B","Defend_B","Defend_B","Defend_B","Zap+1","Loop+1","Ball Lightning","Coolheaded+1","Static Discharge+1","Cold Snap+1","Go for the Eyes","Rainbow","Hologram+1","Self Repair","Go for the Eyes+1","Apotheosis","Stack+1","Double Energy","Defragment","Streamline+1","Sunder","Electrodynamics","Thunder Strike","Steam Power+1","Heatsinks","Amplify","Skim+1","Hologram+1","Double Energy","Streamline","Heatsinks","All For One","Defragment","Glacier+1","Meteor Strike","Turbo+1"],"special_seed":0,"relics":["Cracked Core","Golden Idol","Question Card","Anchor","Snecko Eye","Matryoshka","FossilizedHelix","Dream Catcher","Tiny Chest","Whetstone","Ancient Tea Set","MawBank","Happy Flower","Fusion Hammer","Boot","Dodecahedron","The Courier","Unceasing Top"],"potions_floor_usage":[],"damage_taken":[{"damage":5.0,"enemies":"2 Louse","floor":1.0,"turns":2.0},{"damage":1.0,"enemies":"Lagavulin","floor":7.0,"turns":10.0},{"damage":5.0,"enemies":"Jaw Worm","floor":11.0,"turns":3.0},{"damage":0.0,"enemies":"Cultist","floor":14.0,"turns":2.0},{"damage":23.0,"enemies":"The Guardian","floor":16.0,"turns":10.0},{"damage":0.0,"enemies":"3 Byrds","floor":18.0,"turns":4.0},{"damage":0.0,"enemies":"Chosen","floor":19.0,"turns":4.0},{"damage":15.0,"enemies":"3 Cultists","floor":21.0,"turns":6.0},{"damage":1.0,"enemies":"Book of Stabbing","floor":23.0,"turns":5.0},{"damage":35.0,"enemies":"Gremlin Leader","floor":25.0,"turns":6.0},{"damage":0.0,"enemies":"Book of Stabbing","floor":28.0,"turns":7.0},{"damage":0.0,"enemies":"Chosen and Byrds","floor":29.0,"turns":6.0},{"damage":9.0,"enemies":"Gremlin Leader","floor":30.0,"turns":4.0},{"damage":17.0,"enemies":"Champ","floor":33.0,"turns":10.0},{"damage":0.0,"enemies":"Orb Walker","floor":35.0,"turns":3.0},{"damage":0.0,"enemies":"3 Darklings","floor":36.0,"turns":3.0},{"damage":11.0,"enemies":"Writhing Mass","floor":38.0,"turns":4.0},{"damage":2.0,"enemies":"4 Shapes","floor":39.0,"turns":3.0},{"damage":24.0,"enemies":"Nemesis","floor":40.0,"turns":9.0},{"damage":0.0,"enemies":"Transient","floor":42.0,"turns":5.0},{"damage":8.0,"enemies":"Maw","floor":44.0,"turns":7.0},{"damage":0,"enemies":"Reptomancer","floor":45,"turns":3},{"damage":0,"enemies":"Nemesis","floor":48,"turns":5},{"damage":0,"enemies":"Awakened One","floor":50,"turns":8}],"seed_played":"-8732799583182680472","potions_obtained":[{"floor":7.0,"key":"Explosive Potion"},{"floor":21.0,"key":"Dexterity Potion"},{"floor":25.0,"key":"Explosive Potion"},{"floor":28.0,"key":"SpeedPotion"},{"floor":30.0,"key":"SkillPotion"},{"floor":38.0,"key":"Weak Potion"},{"floor":39.0,"key":"Ancient Potion"},{"floor":40.0,"key":"Weak Potion"},{"floor":48,"key":"Block Potion"}],"is_trial":false,"path_per_floor":["M","?","?","$","?","R","E","R","T","R","M","R","$","M","R","B",null,"M","M","?","M","$","E","$","E","T","$","E","M","E","T","R","B",null,"M","M","$","M","M","E","R","M","T","M","E","$","R","E","R","B",null],"character_chosen":"DEFECT","items_purchased":["Ball Lightning","Coolheaded","Apotheosis","Double Energy","Defragment","Streamline","Heatsinks","Amplify","Heatsinks","All For One","Defragment"],"campfire_rested":5,"item_purchase_floors":[4,4,22,24,27,27,37,37,46,46,46],"current_hp_per_floor":[70,70,52,52,52,52,51,51,51,51,46,46,46,46,68,45,75,75,75,75,67,67,75,75,47,47,47,47,54,55,55,75,68,75,75,75,75,71,75,61,75,75,75,75,75,75,75,75,75,75],"gold":62,"neow_bonus":"HUNDRED_GOLD","is_prod":false,"is_daily":false,"chose_seed":false,"campfire_upgraded":4,"win_rate":0,"timestamp":1557545031,"path_taken":["M","?","?","$","?","R","E","R","T","R","M","R","?","M","R","BOSS","M","M","?","?","$","E","?","E","T","?","E","M","E","?","R","BOSS","M","M","$","M","?","E","R","M","T","M","E","$","R","E","R","BOSS"],"build_version":"2019-01-23","purchased_purges":3,"victory":true,"max_hp_per_floor":[75,75,75,75,75,75,75,75,75,75,75,75,75,75,75,75,75,75,75,75,75,75,75,75,75,75,75,75,75,75,75,75,75,75,75,75,75,75,75,75,75,75,75,75,75,75,75,75,75,75],"card_choices":[{"not_picked":["Coolheaded","Genetic Algorithm"],"picked":"Loop","floor":1.0},{"not_picked":["Steam Power","Hologram"],"picked":"Static Discharge","floor":7.0},{"not_picked":["Barrage","Ball Lightning","FTL"],"picked":"Cold Snap","floor":11.0},{"not_picked":["Double Energy","FTL","Rip and Tear"],"picked":"Go for the Eyes","floor":14.0},{"not_picked":["Amplify","Buffer","Thunder Strike"],"picked":"Rainbow","floor":16.0},{"not_picked":["Reprogram","FTL","Ball Lightning"],"picked":"Hologram+1","floor":18.0},{"not_picked":["Coolheaded","Rebound+1","Stack"],"picked":"Self Repair","floor":19.0},{"not_picked":["Gash","Tempest","Aggregate"],"picked":"Go for the Eyes+1","floor":21.0},{"not_picked":["Multi-Cast","Fusion","Hello World"],"picked":"Stack+1","floor":23.0},{"not_picked":["Aggregate","Go for the Eyes","Sweeping Beam+1","Cold Snap+1"],"picked":"SKIP","floor":25.0},{"not_picked":["Auto Shields","Cold Snap","Go for the Eyes+1"],"picked":"Sunder","floor":28.0},{"not_picked":["Auto Shields","Redo","Chill","Beam Cell"],"picked":"SKIP","floor":29.0},{"not_picked":["Chill","Ball Lightning","Chaos","Coolheaded+1"],"picked":"SKIP","floor":30.0},{"not_picked":["Hologram+1","Sweeping Beam","Steam+1"],"picked":"Electrodynamics","floor":32.0},{"not_picked":["Amplify","Rainbow","Reboot"],"picked":"Thunder Strike","floor":33.0},{"not_picked":["Fusion+1","Stack+1","Leap+1"],"picked":"Steam Power+1","floor":35.0},{"not_picked":["Barrage","Compile Driver","Beam Cell","Leap+1"],"picked":"SKIP","floor":36.0},{"not_picked":["Undo+1","Beam Cell","Doom and Gloom"],"picked":"Skim+1","floor":38.0},{"not_picked":["Biased Cognition","FTL+1","Streamline"],"picked":"Hologram+1","floor":39.0},{"not_picked":["Leap","Ball Lightning+1","Amplify","Steam"],"picked":"SKIP","floor":40.0},{"not_picked":["Turbo+1","Beam Cell+1","Doom and Gloom+1"],"picked":"Double Energy","floor":42.0},{"not_picked":["Reinforced Body","Redo+1","Stack","Aggregate+1"],"picked":"SKIP","floor":44.0},{"not_picked":["Static Discharge","Auto Shields+1","Ball Lightning+1"],"picked":"Streamline","floor":45},{"not_picked":["Turbo+1","Redo","Loop+1"],"picked":"Glacier+1","floor":47},{"not_picked":["Cold Snap","Aggregate+1","Turbo+1"],"picked":"Meteor Strike","floor":48},{"not_picked":["Streamline+1","Scrape+1","Rip and Tear"],"picked":"Turbo+1","floor":49}],"player_experience":181822,"relics_obtained":[{"floor":7.0,"key":"Question Card"},{"floor":9.0,"key":"Anchor"},{"floor":23.0,"key":"Matryoshka"},{"floor":25.0,"key":"FossilizedHelix"},{"floor":26.0,"key":"Dream Catcher"},{"floor":26.0,"key":"Tiny Chest"},{"floor":28.0,"key":"Whetstone"},{"floor":30.0,"key":"Ancient Tea Set"},{"floor":31.0,"key":"MawBank"},{"floor":31.0,"key":"Happy Flower"},{"floor":40.0,"key":"Boot"},{"floor":43.0,"key":"Dodecahedron"},{"floor":45,"key":"The Courier"},{"floor":48,"key":"Unceasing Top"}],"event_choices":[{"damage_healed":0.0,"max_hp_gain":0.0,"max_hp_loss":0.0,"gold_gain":0.0,"event_name":"Living Wall","player_choice":"Grow","floor":2.0,"gold_loss":0.0,"damage_taken":0.0,"cards_upgraded":["Loop"]},{"damage_healed":0.0,"max_hp_gain":0.0,"max_hp_loss":0.0,"gold_gain":0.0,"event_name":"Golden Idol","player_choice":"Take Damage","floor":3.0,"gold_loss":0.0,"damage_taken":18.0,"relics_obtained":["Golden Idol"]},{"damage_healed":0.0,"max_hp_gain":0.0,"max_hp_loss":0.0,"gold_gain":0.0,"event_name":"Liars Game","player_choice":"Ignored","floor":5.0,"gold_loss":0.0,"damage_taken":0.0},{"cards_removed":["Dualcast"],"damage_healed":0.0,"max_hp_gain":0.0,"max_hp_loss":0.0,"gold_gain":0.0,"event_name":"Bonfire Elementals","player_choice":"Offered Basic","floor":20.0,"gold_loss":0.0,"damage_taken":0.0}],"is_beta":false,"boss_relics":[{"not_picked":["Philosopher\u0027s Stone","Empty Cage"],"picked":"Snecko Eye"},{"not_picked":["FrozenCore","Runic Dome"],"picked":"Fusion Hammer"}],"items_purged_floors":[4,13,37],"is_endless":false,"potions_floor_spawned":[7,21,25,28,29,30,38,39,40,48],"ascension_level":1}