{"gold_per_floor":[109,109,74,94,105,105,134,153,179,179,30,55,55,79,79,79],"floor_reached":16,"playtime":664,"items_purged":[],"score":125,"play_id":"ad1be8b7-1230-4991-99a3-314788485515","local_time":"20181031043821","is_ascension_mode":true,"campfire_choices":[{"data":"Seeing Red","floor":6,"key":"SMITH"},{"data":"Bash","floor":13,"key":"SMITH"},{"data":"Searing Blow","floor":15,"key":"SMITH"}],"neow_cost":"NONE","seed_source_timestamp":370087732557066,"circlet_count":0,"master_deck":["Strike_R","Strike_R","Strike_R","Strike_R","Strike_R","Defend_R+1","Defend_R+1","Defend_R","Defend_R","Bash+1","Bloodletting+1","Seeing Red+1","Combust","Shrug It Off","Searing Blow+1"],"relics":["Burning Blood","War Paint","Centennial Puzzle","Dream Catcher","Golden Idol","Lantern","Orichalcum"],"potions_floor_usage":[7,16,16],"damage_taken":[{"damage":0,"enemies":"Jaw Worm","floor":1,"turns":3},{"damage":4,"enemies":"Small Slimes","floor":4,"turns":5},{"damage":0,"enemies":"Cultist","floor":5,"turns":4},{"damage":30,"enemies":"Gremlin Nob","floor":7,"turns":4},{"damage":12,"enemies":"3 Louse","floor":8,"turns":2},{"damage":3,"enemies":"Looter","floor":12,"turns":3},{"damage":32,"enemies":"Hexaghost","floor":16,"turns":10}],"seed_played":"-8085917285590317109","potions_obtained":[{"floor":4,"key":"SpeedPotion"},{"floor":5,"key":"Swift Potion"},{"floor":12,"key":"SpeedPotion"}],"is_trial":false,"path_per_floor":["M","?","$","M","M","R","E","M","T","?","$","M","R","T","R"],"character_chosen":"IRONCLAD","items_purchased":["Seeing Red","Lantern"],"campfire_rested":0,"item_purchase_floors":[3,11],"current_hp_per_floor":[80,80,80,80,80,80,56,50,50,50,50,53,53,53,53,21],"gold":79,"neow_bonus":"RANDOM_COMMON_RELIC","is_prod":false,"is_daily":false,"chose_seed":false,"campfire_upgraded":3,"win_rate":0,"timestamp":1540928301,"path_taken":["M","?","?","?","M","R","E","M","T","?","?","M","R","?","R","BOSS"],"build_version":"2018-10-25v2","purchased_purges":0,"victory":false,"max_hp_per_floor":[80,80,80,80,80,80,80,80,80,74,74,74,74,74,74,74],"card_choices":[{"not_picked":["Cleave","Rupture"],"picked":"Bloodletting","floor":1},{"not_picked":["Evolve","Body Slam"],"picked":"Combust","floor":4},{"not_picked":["Clothesline","Sword Boomerang","Shockwave"],"picked":"SKIP","floor":5},{"not_picked":["Exhume","Body Slam","Uppercut"],"picked":"SKIP","floor":7},{"not_picked":["Inflame","Body Slam"],"picked":"Shrug It Off","floor":8},{"not_picked":["Anger","Power Through"],"picked":"Searing Blow","floor":12}],"player_experience":418777,"relics_obtained":[{"floor":7,"key":"Centennial Puzzle"},{"floor":9,"key":"Dream Catcher"},{"floor":14,"key":"Orichalcum"}],"event_choices":[{"damage_healed":0,"gold_gain":0,"player_choice":"Grow","damage_taken":0,"max_hp_gain":0,"max_hp_loss":0,"event_name":"Living Wall","floor":2,"gold_loss":0,"cards_upgraded":["Bloodletting"]},{"damage_healed":0,"gold_gain":0,"player_choice":"Lose Max HP","damage_taken":0,"relics_obtained":["Golden Idol"],"max_hp_gain":0,"max_hp_loss":6,"event_name":"Golden Idol","floor":10,"gold_loss":0}],"is_beta":false,"boss_relics":[],"items_purged_floors":[],"is_endless":false,"potions_floor_spawned":[4,5,12],"killed_by":"Hexaghost","ascension_level":5}