{"gold_per_floor":[115,115,115,129,142,170,170,184,184,154,33,33,50,76,76,171,171,190,47,65,65,65,97,114,114,137,171,189,189,199,199,199,294,294,307,334,349,364,113,113,138,88,88,114,114,114,130,199,199,199,199,199,42,67,67],"floor_reached":55,"playtime":2184,"items_purged":["Normality","Regret"],"score":775,"play_id":"54818266-eed7-46b8-8c98-8b886593522e","local_time":"20190505125830","is_ascension_mode":false,"campfire_choices":[{"floor":7,"key":"REST"},{"floor":12,"key":"REST"},{"floor":15,"key":"RECALL"},{"floor":25,"key":"REST"},{"floor":29,"key":"REST"},{"floor":32,"key":"REST"},{"floor":40,"key":"REST"},{"floor":46,"key":"REST"},{"floor":49,"key":"REST"},{"floor":52,"key":"REST"}],"neow_cost":"NONE","seed_source_timestamp":1704274491686875,"circlet_count":0,"master_deck":["Defend_G+1","Defend_G+1","Defend_G+1","Defend_G+1","Defend_G+1","Strike_G+1","Strike_G+1","Strike_G+1","Strike_G+1","Survivor","Neutralize","Poisoned Stab","Sucker Punch+1","Dagger Spray+1","Crippling Poison","Caltrops","PiercingWail","Poisoned Stab","Corpse Explosion","Well Laid Plans","Bouncing Flask","Backflip","Footwork","Deadly Poison","PiercingWail","Blur+1","Adrenaline","Corpse Explosion","Decay","Backflip","PiercingWail+1","Apotheosis","Dodge and Roll","Bouncing Flask","Dash+1","Bouncing Flask"],"relics":["Fusion Hammer","Letter Opener","Tiny Chest","Meat on the Bone","Sozu","Dream Catcher","Happy Flower","Boot","Pocketwatch","Calipers","Calling Bell","Snake Skull","Matryoshka","The Specimen","Mummified Hand","Omamori","Smiling Mask","PreservedInsect","Bottled Tornado","Singing Bowl","SsserpentHead","Whetstone","Vajra"],"potions_floor_usage":[6,54,54,55],"damage_taken":[{"damage":0,"enemies":"Small Slimes","floor":1,"turns":4},{"damage":0,"enemies":"Jaw Worm","floor":4,"turns":3},{"damage":0,"enemies":"2 Louse","floor":5,"turns":2},{"damage":18,"enemies":"Lagavulin","floor":6,"turns":8},{"damage":6,"enemies":"Lots of Slimes","floor":8,"turns":2},{"damage":4,"enemies":"Looter","floor":13,"turns":3},{"damage":11,"enemies":"3 Sentries","floor":14,"turns":8},{"damage":16,"enemies":"Hexaghost","floor":16,"turns":10},{"damage":8,"enemies":"Spheric Guardian","floor":18,"turns":4},{"damage":3,"enemies":"Chosen","floor":20,"turns":5},{"damage":31,"enemies":"Slavers","floor":23,"turns":4},{"damage":9,"enemies":"Snake Plant","floor":24,"turns":4},{"damage":22,"enemies":"Gremlin Leader","floor":27,"turns":5},{"damage":3,"enemies":"Snecko","floor":28,"turns":4},{"damage":11,"enemies":"Centurion and Healer","floor":30,"turns":5},{"damage":14,"enemies":"Automaton","floor":33,"turns":11},{"damage":3,"enemies":"Orb Walker","floor":35,"turns":3},{"damage":0,"enemies":"3 Shapes","floor":37,"turns":3},{"damage":26,"enemies":"Transient","floor":38,"turns":5},{"damage":24,"enemies":"Giant Head","floor":41,"turns":8},{"damage":22,"enemies":"Nemesis","floor":44,"turns":5},{"damage":0,"enemies":"Sphere and 2 Shapes","floor":47,"turns":3},{"damage":12,"enemies":"Writhing Mass","floor":48,"turns":5},{"damage":40,"enemies":"Time Eater","floor":50,"turns":11},{"damage":15,"enemies":"Shield and Spear","floor":54,"turns":4},{"damage":66,"enemies":"The Heart","floor":55,"turns":6}],"seed_played":"4404016996352789915","potions_obtained":[{"floor":4,"key":"EssenceOfSteel"},{"floor":5,"key":"Explosive Potion"},{"floor":10,"key":"GhostInAJar"},{"floor":10,"key":"Regen Potion"},{"floor":14,"key":"AttackPotion"},{"floor":16,"key":"AttackPotion"}],"is_trial":false,"path_per_floor":["M","?","?","M","M","E","R","M","T","?","$","R","M","E","R","B",null,"M","$","M","$","?","E","M","R","T","E","M","R","M","T","R","B",null,"M","T","M","M","$","R","E","$","T","E","?","R","M","M","R","B",null,"R","$","E","B"],"character_chosen":"THE_SILENT","items_purchased":["Tiny Chest","Dream Catcher","Apotheosis","Whetstone"],"campfire_rested":9,"item_purchase_floors":[11,19,39,53],"current_hp_per_floor":[70,63,49,49,49,31,52,46,46,46,46,67,63,52,52,36,70,62,62,59,59,59,40,43,64,64,42,39,60,49,49,70,56,70,67,67,67,41,41,62,38,38,38,30,30,53,55,43,65,37,76,78,78,65,0],"gold":67,"neow_bonus":"BOSS_RELIC","is_prod":false,"is_daily":false,"chose_seed":false,"campfire_upgraded":0,"win_rate":0,"timestamp":1557017910,"path_taken":["M","?","?","M","M","E","R","M","T","?","$","R","M","E","R","BOSS","M","?","M","$","?","E","M","R","T","E","M","R","M","?","R","BOSS","M","?","M","M","$","R","E","$","T","E","?","R","M","?","R","BOSS","R","$","E","BOSS"],"build_version":"2019-01-23","purchased_purges":2,"victory":false,"max_hp_per_floor":[70,70,70,70,70,70,70,70,70,70,70,70,70,70,70,70,70,70,70,70,70,70,70,70,70,70,70,70,70,70,70,70,70,70,70,70,70,70,70,70,70,70,70,72,72,74,76,76,76,76,76,78,78,80,80],"card_choices":[{"not_picked":["Dagger Throw","Masterful Stab"],"picked":"Poisoned Stab","floor":1},{"not_picked":["Infinite Blades","Expertise"],"picked":"Sucker Punch","floor":4},{"not_picked":["Deflect","Bane"],"picked":"Dagger Spray","floor":5},{"not_picked":["Heel Hook","Accuracy"],"picked":"Crippling Poison","floor":6},{"not_picked":["Flying Knee","Dodge and Roll"],"picked":"Caltrops","floor":8},{"not_picked":["Calculated Gamble","Expertise"],"picked":"PiercingWail","floor":13},{"not_picked":["Outmaneuver","Blade Dance"],"picked":"Poisoned Stab","floor":14},{"not_picked":["Glass Knife","Burst"],"picked":"Corpse Explosion","floor":16},{"not_picked":["Flying Knee+1","Underhanded Strike"],"picked":"Well Laid Plans","floor":18},{"not_picked":["Acrobatics+1","Slice"],"picked":"Bouncing Flask","floor":20},{"not_picked":["Bane","Sucker Punch"],"picked":"Backflip","floor":23},{"not_picked":["Dagger Throw","Well Laid Plans"],"picked":"Footwork","floor":24},{"not_picked":["Setup","Riddle With Holes"],"picked":"Deadly Poison","floor":25},{"not_picked":["Prepared","Quick Slash+1","Sucker Punch"],"picked":"SKIP","floor":27},{"not_picked":["Finisher","Cloak And Dagger","Quick Slash"],"picked":"SKIP","floor":28},{"not_picked":["Blade Dance","Choke"],"picked":"PiercingWail","floor":29},{"not_picked":["Backstab","Deadly Poison+1"],"picked":"Blur+1","floor":30},{"not_picked":["Caltrops","Blade Dance"],"picked":"Adrenaline","floor":32},{"not_picked":["Tools of the Trade","Storm of Steel"],"picked":"Corpse Explosion","floor":33},{"not_picked":["Outmaneuver+1","Cloak And Dagger","Deadly Poison+1"],"picked":"SKIP","floor":35},{"not_picked":["Flying Knee+1","Finisher+1"],"picked":"Backflip","floor":37},{"not_picked":["Backstab+1","Poisoned Stab"],"picked":"PiercingWail+1","floor":38},{"not_picked":["Cloak And Dagger","Choke+1"],"picked":"Dodge and Roll","floor":40},{"not_picked":["Grand Finale","Escape Plan"],"picked":"Bouncing Flask","floor":41},{"not_picked":["Prepared","Dodge and Roll+1","Crippling Poison"],"picked":"Singing Bowl","floor":44},{"not_picked":["Outmaneuver+1","Cloak And Dagger","Heel Hook"],"picked":"Singing Bowl","floor":46},{"not_picked":["Escape Plan+1","Blade Dance+1","Backstab+1"],"picked":"Singing Bowl","floor":47},{"not_picked":["Underhanded Strike+1","Blade Dance"],"picked":"Dash+1","floor":48},{"not_picked":["Poisoned Stab","Blade Dance+1"],"picked":"Bouncing Flask","floor":49},{"not_picked":["Deadly Poison+1","Blade Dance","Flying Knee+1"],"picked":"Singing Bowl","floor":52},{"not_picked":["Terror+1","Deadly Poison","Deflect"],"picked":"Singing Bowl","floor":54}],"player_experience":190419,"relics_obtained":[{"floor":6,"key":"Letter Opener"},{"floor":14,"key":"Meat on the Bone"},{"floor":23,"key":"Happy Flower"},{"floor":26,"key":"Boot"},{"floor":27,"key":"Pocketwatch"},{"floor":31,"key":"Calipers"},{"floor":34,"key":"Snake Skull"},{"floor":34,"key":"Matryoshka"},{"floor":34,"key":"The Specimen"},{"floor":36,"key":"Mummified Hand"},{"floor":36,"key":"Omamori"},{"floor":41,"key":"Smiling Mask"},{"floor":43,"key":"PreservedInsect"},{"floor":43,"key":"Bottled Tornado"},{"floor":44,"key":"Singing Bowl"},{"floor":54,"key":"Vajra"}],"event_choices":[{"cards_removed":["Strike_G"],"damage_healed":0,"gold_gain":0,"player_choice":"Card Removal","damage_taken":7,"max_hp_gain":0,"max_hp_loss":0,"event_name":"Golden Wing","floor":2,"gold_loss":0},{"damage_healed":0,"gold_gain":0,"player_choice":"Entered Light","damage_taken":14,"max_hp_gain":0,"max_hp_loss":0,"event_name":"Shining Light","floor":3,"gold_loss":0,"cards_upgraded":["Strike_G","Defend_G"]},{"damage_healed":0,"gold_gain":0,"player_choice":"Bought 2 Potions","damage_taken":0,"max_hp_gain":0,"max_hp_loss":0,"event_name":"The Woman in Blue","floor":10,"gold_loss":0},{"damage_healed":0,"gold_gain":0,"player_choice":"Simplicity","damage_taken":0,"max_hp_gain":0,"max_hp_loss":0,"event_name":"Back to Basics","floor":22,"gold_loss":0,"cards_upgraded":["Defend_G","Defend_G","Defend_G","Defend_G","Strike_G","Strike_G","Strike_G"]},{"damage_healed":0,"gold_gain":0,"player_choice":"Trade","damage_taken":0,"relics_obtained":["SsserpentHead"],"max_hp_gain":0,"max_hp_loss":0,"event_name":"FaceTrader","floor":45,"gold_loss":0}],"is_beta":false,"boss_relics":[{"not_picked":["Empty Cage","White Beast Statue"],"picked":"Sozu"},{"not_picked":["HoveringKite","WristBlade"],"picked":"Calling Bell"}],"items_purged_floors":[39,42],"is_endless":false,"potions_floor_spawned":[4,5,14,16,20,24,28,30,35,38,41,54],"killed_by":"The Heart","ascension_level":0}