{"gold_per_floor":[369,34,109,120,130,130,405,405,417,441,453,465,497,103,103,103],"floor_reached":16,"playtime":618,"items_purged":["Strike_G","Regret"],"score":122,"play_id":"a81f1b93-eb49-4ff4-87e7-c18faacad06a","local_time":"20180920213437","is_ascension_mode":true,"campfire_choices":[{"data":"Neutralize","floor":6,"key":"SMITH"},{"data":"Deadly Poison","floor":11,"key":"SMITH"},{"floor":15,"key":"REST"}],"neow_cost":"TEN_PERCENT_HP_LOSS","seed_source_timestamp":400915118146166,"circlet_count":0,"master_deck":["Defend_G","Defend_G","Defend_G","Defend_G","Strike_G","Strike_G","Strike_G","Strike_G","Survivor","Neutralize+1","Deadly Poison+1","Well Laid Plans+1","Footwork+1","Night Terror","Cloak And Dagger"],"relics":["Ring of the Snake","Frozen Egg 2","MawBank","Bottled Lightning","Blood Vial","Lantern"],"potions_floor_usage":[],"damage_taken":[{"damage":1,"enemies":"Jaw Worm","floor":1,"turns":7},{"damage":2,"enemies":"2 Louse","floor":4,"turns":4},{"damage":0,"enemies":"Cultist","floor":5,"turns":4},{"damage":11,"enemies":"2 Fungi Beasts","floor":10,"turns":4},{"damage":9,"enemies":"Blue Slaver","floor":13,"turns":6},{"damage":0,"enemies":"Slime Boss","floor":16,"turns":3}],"seed_played":"4854816198930605692","potions_obtained":[{"floor":10,"key":"SteroidPotion"},{"floor":13,"key":"SneckoOil"}],"is_trial":false,"path_per_floor":["M","$","?","M","M","R","?","?","T","M","R","?","M","$","R"],"character_chosen":"THE_SILENT","items_purchased":["Frozen Egg 2","Blood Vial","Lantern"],"campfire_rested":1,"item_purchase_floors":[2,14,14],"current_hp_per_floor":[62,62,51,49,49,49,49,31,31,20,20,20,11,11,29,31],"gold":103,"neow_bonus":"TWO_FIFTY_GOLD","is_prod":false,"is_daily":false,"chose_seed":false,"campfire_upgraded":2,"win_rate":0,"timestamp":1537446877,"path_taken":["M","$","?","M","M","R","?","?","T","M","R","?","?","$","R","BOSS"],"build_version":"2018-09-06","purchased_purges":2,"victory":false,"max_hp_per_floor":[63,63,63,63,63,63,63,63,63,63,63,63,63,63,63,63],"card_choices":[{"not_picked":["Flying Knee","Dodge and Roll"],"picked":"Deadly Poison","floor":1},{"not_picked":["Dagger Throw","Acrobatics"],"picked":"Well Laid Plans+1","floor":4},{"not_picked":["Heel Hook","Quick Slash","Dodge and Roll"],"picked":"SKIP","floor":5},{"not_picked":["Flying Knee","Quick Slash"],"picked":"Footwork+1","floor":10},{"not_picked":["Sucker Punch","Calculated Gamble"],"picked":"Cloak And Dagger","floor":13}],"player_experience":305591,"relics_obtained":[{"floor":9,"key":"Bottled Lightning"}],"event_choices":[{"event_name":"World of Goop","player_choice":"Gather Gold","floor":3,"damage_taken":0},{"event_name":"Golden Shrine","player_choice":"Desecrate","floor":7,"damage_taken":0},{"event_name":"Scrap Ooze","player_choice":"success","floor":8,"damage_taken":18},{"event_name":"Transmorgrifier","player_choice":"Transform","floor":12,"damage_taken":0}],"is_beta":false,"boss_relics":[],"items_purged_floors":[2,14],"is_endless":false,"potions_floor_spawned":[10,13],"killed_by":"Slime Boss","ascension_level":7}