{"gold_per_floor":[111,129,204,131,306,331,331,362,386,386,419,433,445,473,473,576,576,559,576,576,609,160,160,179,179,179,179,179,194,223,239,239,339,339,357,357,2,2,20,20,30,30,80,10,43,57,57,73,73,73,73,73,13,40,40],"floor_reached":56,"playtime":3510,"items_purged":["Strike_G"],"score":1263,"play_id":"99f791a3-e57d-485f-962f-4548c8dedabc","local_time":"20190504015345","is_ascension_mode":false,"campfire_choices":[{"data":"Neutralize","floor":7,"key":"SMITH"},{"floor":10,"key":"REST"},{"floor":15,"key":"REST"},{"floor":23,"key":"REST"},{"data":"Noxious Fumes","floor":25,"key":"SMITH"},{"data":"Well Laid Plans","floor":27,"key":"SMITH"},{"floor":32,"key":"REST"},{"floor":40,"key":"RECALL"},{"floor":47,"key":"REST"},{"floor":49,"key":"REST"},{"data":"Footwork","floor":52,"key":"SMITH"}],"neow_cost":"NONE","seed_source_timestamp":1576647926465305,"circlet_count":0,"master_deck":["Defend_G","Defend_G","Defend_G","Defend_G","Defend_G","Strike_G","Strike_G","Strike_G","Survivor","Neutralize+1","Caltrops","Dodge and Roll+1","After Image","Deflect","Well Laid Plans+1","Adrenaline","Deadly Poison+1","Backflip","Sucker Punch","Adrenaline","Bane","Dodge and Roll+1","Writhe","PiercingWail+1","Noxious Fumes+1","Finesse+1","Prepared+1","RitualDagger","Noxious Fumes","Backflip+1","Footwork+1","Mind Blast","Well Laid Plans","Deflect+1","Parasite","Backflip+1","Footwork","Malaise+1"],"relics":["Ring of the Snake","NeowsBlessing","Bronze Scales","Calipers","Strawberry","Blood Vial","Odd Mushroom","Empty Cage","Toxic Egg 2","Red Mask","Pear","Singing Bowl","Lizard Tail","Gambling Chip","Centennial Puzzle","The Courier","War Paint"],"potions_floor_usage":[11,16,16,41,45,55],"damage_taken":[{"damage":0,"enemies":"Jaw Worm","floor":1,"turns":1},{"damage":0,"enemies":"2 Louse","floor":2,"turns":1},{"damage":0,"enemies":"Lagavulin","floor":6,"turns":2},{"damage":28,"enemies":"Gremlin Nob","floor":8,"turns":6},{"damage":23,"enemies":"3 Sentries","floor":11,"turns":19},{"damage":0,"enemies":"Small Slimes","floor":12,"turns":5},{"damage":15,"enemies":"Exordium Thugs","floor":13,"turns":5},{"damage":9,"enemies":"The Mushroom Lair","floor":14,"turns":5},{"damage":38,"enemies":"Slime Boss","floor":16,"turns":18},{"damage":4,"enemies":"2 Thieves","floor":18,"turns":4},{"damage":15,"enemies":"Spheric Guardian","floor":19,"turns":6},{"damage":34,"enemies":"Masked Bandits","floor":21,"turns":7},{"damage":1,"enemies":"Centurion and Healer","floor":24,"turns":9},{"damage":22,"enemies":"Sentry and Sphere","floor":29,"turns":7},{"damage":10,"enemies":"Gremlin Leader","floor":30,"turns":7},{"damage":2,"enemies":"Shelled Parasite and Fungi","floor":31,"turns":7},{"damage":26,"enemies":"Automaton","floor":33,"turns":12},{"damage":9,"enemies":"Orb Walker","floor":35,"turns":5},{"damage":0,"enemies":"3 Shapes","floor":39,"turns":7},{"damage":34,"enemies":"Transient","floor":41,"turns":5},{"damage":41,"enemies":"Reptomancer","floor":45,"turns":9},{"damage":9,"enemies":"Sphere and 2 Shapes","floor":46,"turns":8},{"damage":15,"enemies":"Writhing Mass","floor":48,"turns":8},{"damage":33,"enemies":"Donu and Deca","floor":50,"turns":12},{"damage":11,"enemies":"Shield and Spear","floor":54,"turns":8},{"damage":56,"enemies":"The Heart","floor":55,"turns":14}],"seed_played":"-1009679633852209611","potions_obtained":[{"floor":1,"key":"Block Potion"},{"floor":13,"key":"Poison Potion"},{"floor":14,"key":"SteroidPotion"},{"floor":16,"key":"Strength Potion"},{"floor":31,"key":"GhostInAJar"},{"floor":33,"key":"Swift Potion"},{"floor":35,"key":"GhostInAJar"},{"floor":39,"key":"AttackPotion"}],"is_trial":false,"path_per_floor":["M","M","?","$","?","E","R","E","T","R","E","M","M","?","R","B",null,"M","M","?","?","$","R","M","R","T","R","?","M","E","M","R","B",null,"M","?","$","$","M","R","M","?","T","$","E","M","R","M","R","B",null,"R","$","E","B",null],"character_chosen":"THE_SILENT","items_purchased":["After Image","Noxious Fumes","Pear","Finesse+1","Footwork","Gambling Chip","Well Laid Plans","Footwork"],"campfire_rested":6,"item_purchase_floors":[4,22,22,22,37,37,44,53],"current_hp_per_floor":[70,70,59,59,59,59,59,31,38,61,38,40,27,20,43,7,77,73,60,60,28,38,64,65,65,65,65,59,39,33,33,59,37,91,84,84,84,84,88,88,58,58,58,58,21,14,43,30,59,28,99,99,99,88,34],"gold":40,"neow_bonus":"THREE_ENEMY_KILL","is_prod":false,"is_daily":false,"chose_seed":false,"campfire_upgraded":4,"win_rate":0,"timestamp":1556891625,"path_taken":["M","M","?","$","?","E","R","E","T","R","E","M","M","?","R","BOSS","M","M","?","?","$","R","M","R","T","R","?","M","E","M","R","BOSS","M","?","?","$","?","R","M","?","T","$","E","M","R","M","R","BOSS","R","$","E","BOSS"],"build_version":"2019-01-23","purchased_purges":1,"victory":true,"max_hp_per_floor":[70,70,70,70,70,70,70,70,77,77,77,77,77,77,77,77,77,77,77,77,77,87,87,87,87,87,87,87,87,89,89,89,91,91,93,93,93,93,95,95,97,97,97,97,99,99,99,99,99,99,99,99,99,99,99],"card_choices":[{"not_picked":["Infinite Blades","Crippling Poison"],"picked":"Caltrops","floor":1},{"not_picked":["Quick Slash","Underhanded Strike"],"picked":"Dodge and Roll","floor":2},{"not_picked":["Quick Slash","Riddle With Holes"],"picked":"Deflect","floor":6},{"not_picked":["Deadly Poison","Blur"],"picked":"Well Laid Plans","floor":8},{"not_picked":["Sucker Punch","Skewer"],"picked":"Adrenaline","floor":11},{"not_picked":["Slice","Cloak And Dagger"],"picked":"Deadly Poison","floor":12},{"not_picked":["Poisoned Stab","Finisher"],"picked":"Backflip","floor":13},{"not_picked":["Dodge and Roll","Dagger Throw"],"picked":"Sucker Punch","floor":14},{"not_picked":["Bullet Time","Die Die Die"],"picked":"Adrenaline","floor":16},{"not_picked":["Choke","Expertise"],"picked":"Bane","floor":18},{"not_picked":["Dagger Throw+1","Underhanded Strike"],"picked":"Dodge and Roll+1","floor":19},{"not_picked":["Slice","Caltrops"],"picked":"PiercingWail+1","floor":21},{"not_picked":["Flying Knee","Blade Dance+1"],"picked":"Prepared+1","floor":24},{"not_picked":["Outmaneuver+1","Acrobatics+1"],"picked":"Noxious Fumes","floor":29},{"not_picked":["Deflect+1","Heel Hook","Cloak And Dagger+1"],"picked":"Singing Bowl","floor":30},{"not_picked":["Unload","Outmaneuver+1"],"picked":"Backflip+1","floor":31},{"not_picked":["Phantasmal Killer+1","Corpse Explosion+1","Wraith Form v2"],"picked":"Singing Bowl","floor":33},{"not_picked":["Crippling Poison+1","Tactician+1","Sucker Punch+1"],"picked":"Singing Bowl","floor":35},{"not_picked":["Outmaneuver+1","Setup+1","Expertise+1"],"picked":"Singing Bowl","floor":39},{"not_picked":["Deflect+1","Dagger Throw+1","Prepared+1"],"picked":"Singing Bowl","floor":41},{"not_picked":["Trip+1","Flash of Steel"],"picked":"Mind Blast","floor":42},{"not_picked":["Envenom","Flying Knee","Quick Slash"],"picked":"Singing Bowl","floor":45},{"not_picked":["Dagger Throw+1","Flying Knee+1"],"picked":"Deflect+1","floor":46},{"not_picked":["Skewer","Dagger Throw+1"],"picked":"Backflip+1","floor":48},{"not_picked":["Dagger Spray+1","Blade Dance+1"],"picked":"Malaise+1","floor":54}],"player_experience":171721,"relics_obtained":[{"floor":6,"key":"Bronze Scales"},{"floor":8,"key":"Calipers"},{"floor":9,"key":"Strawberry"},{"floor":11,"key":"Blood Vial"},{"floor":14,"key":"Odd Mushroom"},{"floor":21,"key":"Red Mask"},{"floor":30,"key":"Singing Bowl"},{"floor":43,"key":"Centennial Puzzle"},{"floor":45,"key":"The Courier"},{"floor":54,"key":"War Paint"}],"event_choices":[{"damage_healed":0,"gold_gain":75,"player_choice":"Gather Gold","damage_taken":11,"max_hp_gain":0,"max_hp_loss":0,"event_name":"World of Goop","floor":3,"gold_loss":0},{"damage_healed":0,"gold_gain":175,"player_choice":"AGREE","damage_taken":0,"max_hp_gain":0,"max_hp_loss":0,"event_name":"Liars Game","floor":5,"gold_loss":0,"cards_obtained":["Doubt"]},{"damage_healed":0,"gold_gain":0,"player_choice":"Fought Mushrooms","damage_taken":0,"max_hp_gain":0,"max_hp_loss":0,"event_name":"Mushrooms","floor":14,"gold_loss":0},{"damage_healed":0,"gold_gain":0,"player_choice":"Opened","damage_taken":0,"relics_obtained":["Toxic Egg 2"],"max_hp_gain":0,"max_hp_loss":0,"event_name":"The Mausoleum","floor":20,"gold_loss":0,"cards_obtained":["Writhe"]},{"damage_healed":0,"gold_gain":0,"player_choice":"Fought Bandits","damage_taken":0,"max_hp_gain":0,"max_hp_loss":0,"event_name":"Masked Bandits","floor":21,"gold_loss":0},{"damage_healed":0,"gold_gain":0,"player_choice":"Joined the Cult","damage_taken":6,"max_hp_gain":0,"max_hp_loss":0,"event_name":"Nest","floor":28,"gold_loss":0,"cards_obtained":["RitualDagger"]},{"damage_healed":0,"gold_gain":0,"player_choice":"Ignored","damage_taken":0,"max_hp_gain":0,"max_hp_loss":0,"event_name":"SecretPortal","floor":36,"gold_loss":0},{"damage_healed":0,"gold_gain":0,"player_choice":"Memory 1","damage_taken":0,"max_hp_gain":0,"max_hp_loss":0,"event_name":"SensoryStone","floor":42,"gold_loss":0}],"is_beta":false,"boss_relics":[{"not_picked":["White Beast Statue","Black Star"],"picked":"Empty Cage"},{"not_picked":["WristBlade","Orrery"],"picked":"Lizard Tail"}],"items_purged_floors":[22],"is_endless":false,"potions_floor_spawned":[1,13,14,16,31,33,35,39],"ascension_level":0}