{"gold_per_floor":[117,131,149,149,163,163,192,192,192,210,63,238,297,309,309,309],"floor_reached":16,"playtime":625,"items_purged":["Zap"],"score":102,"play_id":"f84d2ce8-0bcd-4d2e-92fc-bd24883607fc","local_time":"20190420121428","is_ascension_mode":false,"campfire_choices":[{"data":"Cold Snap","floor":6,"key":"SMITH"},{"floor":8,"key":"REST"},{"floor":15,"key":"REST"}],"neow_cost":"NONE","seed_source_timestamp":407207592290193,"circlet_count":0,"master_deck":["Strike_B","Strike_B","Strike_B","Strike_B","Defend_B","Defend_B","Defend_B","Defend_B","Dualcast+1","Gash","Force Field","Cold Snap+1","Go for the Eyes","Coolheaded","Redo","Defragment","Doubt","Streamline"],"relics":["Cracked Core","NeowsBlessing","Mercury Hourglass","Nunchaku","Girya"],"potions_floor_usage":[16,16],"damage_taken":[{"damage":0,"enemies":"Small Slimes","floor":1,"turns":1},{"damage":0,"enemies":"2 Louse","floor":2,"turns":1},{"damage":0,"enemies":"Jaw Worm","floor":3,"turns":1},{"damage":21,"enemies":"Exordium Wildlife","floor":5,"turns":6},{"damage":40,"enemies":"3 Sentries","floor":7,"turns":8},{"damage":0,"enemies":"2 Fungi Beasts","floor":10,"turns":2},{"damage":19,"enemies":"Gremlin Nob","floor":13,"turns":5},{"damage":16,"enemies":"Exordium Thugs","floor":14,"turns":5},{"damage":29,"enemies":"Hexaghost","floor":16,"turns":12}],"seed_played":"-4519685680263439959","potions_obtained":[{"floor":2,"key":"Explosive Potion"},{"floor":14,"key":"Fruit Juice"}],"is_trial":false,"path_per_floor":["M","M","M","?","M","R","E","R","T","M","$","?","?","M","R","B"],"character_chosen":"DEFECT","items_purchased":["Defragment"],"campfire_rested":2,"item_purchase_floors":[11],"current_hp_per_floor":[75,75,75,75,54,54,14,36,36,36,36,36,17,1,23,0],"gold":309,"neow_bonus":"THREE_ENEMY_KILL","is_prod":false,"is_daily":false,"chose_seed":false,"campfire_upgraded":1,"win_rate":0.0,"timestamp":1555719268,"path_taken":["M","M","M","?","M","R","E","R","T","M","$","?","?","M","R","BOSS"],"build_version":"2019-01-23","purchased_purges":1,"victory":false,"max_hp_per_floor":[75,75,75,75,75,75,75,75,75,75,75,75,75,75,75,80],"card_choices":[{"not_picked":["Hologram","Static Discharge"],"picked":"Gash","floor":1},{"not_picked":["Aggregate","Rip and Tear"],"picked":"Force Field","floor":2},{"not_picked":["Barrage","Beam Cell"],"picked":"Cold Snap","floor":3},{"not_picked":["Ball Lightning","Self Repair"],"picked":"Go for the Eyes","floor":5},{"not_picked":["Ball Lightning","Barrage"],"picked":"Coolheaded","floor":7},{"not_picked":["Hologram","Stack"],"picked":"Redo","floor":10},{"not_picked":["Darkness","Cold Snap"],"picked":"Streamline","floor":13},{"not_picked":["Steam Power","Rebound","Sweeping Beam"],"picked":"SKIP","floor":14}],"player_experience":16882,"relics_obtained":[{"floor":7,"key":"Mercury Hourglass"},{"floor":9,"key":"Nunchaku"}],"event_choices":[{"damage_healed":0,"gold_gain":0,"player_choice":"Grow","damage_taken":0,"max_hp_gain":0,"max_hp_loss":0,"event_name":"Living Wall","floor":4,"gold_loss":0,"cards_upgraded":["Dualcast"]},{"damage_healed":0,"gold_gain":175,"player_choice":"AGREE","damage_taken":0,"max_hp_gain":0,"max_hp_loss":0,"event_name":"Liars Game","floor":12,"gold_loss":0,"cards_obtained":["Doubt"]},{"damage_healed":0,"gold_gain":0,"player_choice":"Searched \u00273\u0027 times","damage_taken":0,"relics_obtained":["Girya"],"max_hp_gain":0,"max_hp_loss":0,"event_name":"Dead Adventurer","floor":13,"gold_loss":0}],"is_beta":false,"boss_relics":[],"items_purged_floors":[11],"is_endless":false,"potions_floor_spawned":[2,14],"killed_by":"Hexaghost","ascension_level":0}