{"gold_per_floor":[109,109,109,33,49,49,49,63,118,118,158,86,86,104,104,224,224,242,242,242,267,298,298,319,319,374,387,407,407,9,32,32,160,160,185,251,473,498,523,523,128,128,128,149,149,168,182,205,205,205],"floor_reached":51,"playtime":3131,"items_purged":["Strike_G","Strike_G"],"score":730,"play_id":"f9d5b89d-e4c8-4eb5-9071-03859b96b8aa","local_time":"20180908052832","is_ascension_mode":true,"campfire_choices":[{"data":"Neutralize","floor":6,"key":"SMITH"},{"floor":13,"key":"REST"},{"data":"Noxious Fumes","floor":15,"key":"SMITH"},{"data":"Envenom","floor":23,"key":"SMITH"},{"data":"Bullet Time","floor":25,"key":"SMITH"},{"data":"Bouncing Flask","floor":29,"key":"SMITH"},{"floor":32,"key":"REST"},{"floor":40,"key":"REST"},{"data":"Poisoned Stab","floor":42,"key":"SMITH"},{"data":"Noxious Fumes","floor":45,"key":"SMITH"},{"floor":49,"key":"REST"}],"neow_cost":"TEN_PERCENT_HP_LOSS","seed_source_timestamp":1675895337607783,"circlet_count":0,"master_deck":["Defend_G","Defend_G","Defend_G","Defend_G","Strike_G","Strike_G+1","Strike_G+1","Survivor","Neutralize+1","Noxious Fumes+1","PiercingWail","Expertise","Bullet Time+1","Blur","Bouncing Flask+1","Envenom+1","Poisoned Stab","Dagger Spray","Bane","Poisoned Stab+1","Cloak And Dagger","Adrenaline","Noxious Fumes+1","Corpse Explosion","Deflect","Crippling Poison","Cloak And Dagger","Die Die Die","Cloak And Dagger+1","Prepared+1","Bane+1","Catalyst+1","Footwork+1"],"relics":["Ring of the Serpent","Peace Pipe","Golden Idol","Bronze Scales","Singing Bowl","Orrery","MutagenicStrength","Red Mask","Whetstone","Bag of Marbles","Happy Flower","Gambling Chip","Oddly Smooth Stone","Orichalcum","Dead Branch"],"potions_floor_usage":[11,18,22,27,31,39,46,48,48,50,50],"damage_taken":[{"damage":4,"enemies":"2 Louse","floor":1,"turns":3},{"damage":0,"enemies":"Jaw Worm","floor":5,"turns":4},{"damage":0,"enemies":"Cultist","floor":8,"turns":4},{"damage":33,"enemies":"Lagavulin","floor":11,"turns":7},{"damage":1,"enemies":"Large Slime","floor":14,"turns":7},{"damage":20,"enemies":"Hexaghost","floor":16,"turns":9},{"damage":0,"enemies":"3 Byrds","floor":18,"turns":3},{"damage":5,"enemies":"Chosen","floor":21,"turns":6},{"damage":0,"enemies":"Masked Bandits","floor":22,"turns":2},{"damage":13,"enemies":"Sentry and Sphere","floor":24,"turns":4},{"damage":0,"enemies":"Chosen and Byrds","floor":27,"turns":4},{"damage":19,"enemies":"Shelled Parasite and Fungi","floor":28,"turns":5},{"damage":7,"enemies":"3 Cultists","floor":31,"turns":4},{"damage":34,"enemies":"Automaton","floor":33,"turns":9},{"damage":24,"enemies":"3 Darklings","floor":35,"turns":4},{"damage":10,"enemies":"Mysterious Sphere","floor":36,"turns":3},{"damage":10,"enemies":"Orb Walker","floor":38,"turns":3},{"damage":11,"enemies":"3 Darklings","floor":39,"turns":5},{"damage":0,"enemies":"4 Shapes","floor":44,"turns":7},{"damage":19,"enemies":"Maw","floor":46,"turns":5},{"damage":8,"enemies":"Reptomancer","floor":47,"turns":4},{"damage":0,"enemies":"Sphere and 2 Shapes","floor":48,"turns":4},{"damage":34,"enemies":"Time Eater","floor":50,"turns":7}],"seed_played":"8732806959495956886","potions_obtained":[{"floor":8,"key":"Fire Potion"},{"floor":14,"key":"Explosive Potion"},{"floor":16,"key":"Fire Potion"},{"floor":22,"key":"LiquidBronze"},{"floor":24,"key":"AttackPotion"},{"floor":28,"key":"PowerPotion"},{"floor":31,"key":"GhostInAJar"},{"floor":38,"key":"FearPotion"},{"floor":44,"key":"EssenceOfSteel"},{"floor":46,"key":"GhostInAJar"},{"floor":48,"key":"PowerPotion"}],"is_trial":false,"path_per_floor":["M","?","?","$","M","R","?","M","T","$","E","$","R","M","R","B",null,"M","?","?","M","?","R","M","R","T","M","M","R","$","M","R","B",null,"M","?","?","M","M","R","$","R","T","M","R","M","M","M","R","B"],"character_chosen":"THE_SILENT","items_purchased":["Noxious Fumes","Blur","Bag of Marbles","Happy Flower","Cloak And Dagger","Oddly Smooth Stone","Orichalcum"],"campfire_rested":4,"item_purchase_floors":[4,12,30,30,30,41,41],"current_hp_per_floor":[59,59,59,59,59,59,59,59,59,59,26,26,44,43,43,23,63,65,65,65,60,60,60,49,49,49,49,30,30,30,25,45,11,69,45,35,35,25,16,37,37,37,37,37,37,20,12,14,36,2],"gold":205,"neow_bonus":"ONE_RARE_RELIC","is_prod":false,"is_daily":false,"chose_seed":false,"campfire_upgraded":7,"win_rate":0,"timestamp":1536352112,"path_taken":["M","?","?","?","?","R","?","M","T","?","E","$","R","M","R","BOSS","M","?","?","M","?","R","?","R","T","M","M","R","?","M","R","BOSS","M","?","?","?","?","R","?","R","T","M","R","M","M","?","R","BOSS"],"build_version":"2018-09-06","purchased_purges":2,"victory":true,"max_hp_per_floor":[63,63,63,63,63,63,63,63,63,63,63,63,63,63,63,63,63,65,65,65,65,65,65,67,67,67,67,67,67,67,69,69,69,69,69,69,69,69,71,71,71,71,71,71,71,73,73,75,75,75],"card_choices":[{"not_picked":["Dagger Throw","Skewer","Flechettes"],"picked":"SKIP","floor":1},{"not_picked":["Blade Dance","Dagger Spray"],"picked":"PiercingWail","floor":5},{"not_picked":["Prepared","Reflex"],"picked":"Expertise","floor":8},{"not_picked":["Skewer","Infinite Blades"],"picked":"Bullet Time","floor":11},{"not_picked":["Finisher","Outmaneuver"],"picked":"Bouncing Flask","floor":14},{"not_picked":["Die Die Die","Unload"],"picked":"Envenom","floor":16},{"not_picked":["Dagger Throw","Acrobatics"],"picked":"Poisoned Stab","floor":17},{"not_picked":["Dodge and Roll","Outmaneuver"],"picked":"Dagger Spray","floor":17},{"not_picked":["Prepared","Blade Dance"],"picked":"Bane","floor":17},{"not_picked":["Dagger Throw","PiercingWail"],"picked":"Poisoned Stab","floor":17},{"not_picked":["Deadly Poison","Bane"],"picked":"Cloak And Dagger","floor":17},{"not_picked":["Dodge and Roll","Endless Agony","Masterful Stab+1"],"picked":"Singing Bowl","floor":18},{"not_picked":["Quick Slash","Accuracy"],"picked":"Noxious Fumes","floor":21},{"not_picked":["Cloak And Dagger","Dagger Spray"],"picked":"Corpse Explosion","floor":22},{"not_picked":["Quick Slash+1","Slice+1","Underhanded Strike+1"],"picked":"Singing Bowl","floor":24},{"not_picked":["Dodge and Roll","Reflex"],"picked":"Deflect","floor":27},{"not_picked":["Tactician","Dagger Throw+1"],"picked":"Crippling Poison","floor":28},{"not_picked":["Outmaneuver","Underhanded Strike+1","Tactician"],"picked":"Singing Bowl","floor":31},{"not_picked":["Storm of Steel","Corpse Explosion"],"picked":"Die Die Die","floor":33},{"not_picked":["Flechettes","Dagger Spray+1"],"picked":"Cloak And Dagger+1","floor":35},{"not_picked":["Eviscerate+1","Underhanded Strike"],"picked":"Prepared+1","floor":36},{"not_picked":["Blade Dance","Dodge and Roll+1"],"picked":"Bane+1","floor":38},{"not_picked":["Dagger Spray","Expertise","Sucker Punch+1"],"picked":"Singing Bowl","floor":39},{"not_picked":["Dash+1","A Thousand Cuts"],"picked":"Catalyst+1","floor":44},{"not_picked":["Blade Dance","Dodge and Roll","Tactician+1"],"picked":"Singing Bowl","floor":46},{"not_picked":["Underhanded Strike","Dodge and Roll"],"picked":"Footwork+1","floor":47},{"not_picked":["Quick Slash+1","Accuracy","Acrobatics"],"picked":"Singing Bowl","floor":48}],"player_experience":235785,"relics_obtained":[{"floor":9,"key":"Bronze Scales"},{"floor":11,"key":"Singing Bowl"},{"floor":22,"key":"Red Mask"},{"floor":26,"key":"Whetstone"},{"floor":36,"key":"Gambling Chip"},{"floor":43,"key":"Dead Branch"}],"event_choices":[{"event_name":"Golden Idol","player_choice":"Take Wound","floor":2,"damage_taken":0},{"event_name":"Living Wall","player_choice":"Forget","floor":3,"damage_taken":0},{"event_name":"Bonfire Elementals","player_choice":"BASIC","floor":7,"damage_taken":0},{"event_name":"Drug Dealer","player_choice":"Inject Mutagens","floor":19,"damage_taken":0},{"event_name":"The Library","player_choice":"Read","floor":20,"damage_taken":0},{"event_name":"Masked Bandits","player_choice":"Fought Bandits","floor":22,"damage_taken":0},{"event_name":"Mysterious Sphere","player_choice":"Fight","floor":36,"damage_taken":0},{"event_name":"Tomb of Lord Red Mask","player_choice":"Wore Mask","floor":37,"damage_taken":0}],"is_beta":false,"boss_relics":[{"not_picked":["Ectoplasm","Empty Cage"],"picked":"Orrery"},{"not_picked":["Pandora\u0027s Box","Busted Crown"],"picked":"Ring of the Serpent"}],"items_purged_floors":[30,41],"is_endless":false,"potions_floor_spawned":[8,14,16,22,24,28,31,38,44,46,48],"ascension_level":1}