{"gold_per_floor":[115,115,190,205,205,235,235,263,263,263,297,315,315,329,329,429,429,444,543,543,557,570,595,595,595,595,595,595,138,148,1,1,103,103,118,128,108,59,59,59,59,74,100,114,162,162,179,195,195,195,195,195,26,60,60],"floor_reached":55,"playtime":8697,"items_purged":["Strike_B","Defend_B"],"score":743,"play_id":"db4ba8c8-3c7f-4284-8b64-0414ccab4492","local_time":"20190513175044","is_ascension_mode":true,"campfire_choices":[{"floor":7.0,"key":"REST"},{"floor":13.0,"key":"REST"},{"data":"Glacier","floor":15.0,"key":"SMITH"},{"data":"Zap","floor":24.0,"key":"SMITH"},{"data":"Leap","floor":27.0,"key":"SMITH"},{"data":"Capacitor","floor":32.0,"key":"SMITH"},{"floor":40.0,"key":"RECALL"}],"neow_cost":"NONE","seed_source_timestamp":0,"circlet_count":0,"master_deck":["Defend_B","Defend_B","Defend_B","Zap+1","Dualcast","Capacitor+1","Leap+1","Glacier+1","Rip and Tear","Compile Driver","Ball Lightning","Hologram+1","Doom and Gloom","Echo Form","Conserve Battery+1","Sweeping Beam+1","Auto Shields+1","Recycle+1","Consume+1","Hologram+1","Steam+1","Heatsinks+1","Go for the Eyes+1","White Noise+1","Go for the Eyes+1","Amplify+1","Stack+1","Ball Lightning+1","Turbo+1","Turbo+1","Blizzard+1","Heatsinks+1","Defragment+1"],"special_seed":0,"relics":["Cracked Core","Bird Faced Urn","Prayer Wheel","Toxic Egg 2","Dodecahedron","Coffee Dripper","Molten Egg 2","Frozen Egg 2","Toy Ornithopter","Fusion Hammer","Orichalcum","Boot","Sundial"],"potions_floor_usage":[],"damage_taken":[{"damage":4.0,"enemies":"2 Louse","floor":1.0,"turns":2.0},{"damage":9.0,"enemies":"Small Slimes","floor":4.0,"turns":4.0},{"damage":43.0,"enemies":"3 Sentries","floor":6.0,"turns":9.0},{"damage":13.0,"enemies":"Gremlin Nob","floor":8.0,"turns":4.0},{"damage":18.0,"enemies":"Lagavulin","floor":11.0,"turns":8.0},{"damage":2.0,"enemies":"Jaw Worm","floor":12.0,"turns":3.0},{"damage":4.0,"enemies":"2 Fungi Beasts","floor":14.0,"turns":3.0},{"damage":28.0,"enemies":"Hexaghost","floor":16.0,"turns":10.0},{"damage":25.0,"enemies":"2 Thieves","floor":18.0,"turns":4.0},{"damage":0.0,"enemies":"Spheric Guardian","floor":21.0,"turns":4.0},{"damage":14.0,"enemies":"3 Cultists","floor":22.0,"turns":5.0},{"damage":25.0,"enemies":"Book of Stabbing","floor":23.0,"turns":7.0},{"damage":6.0,"enemies":"Sentry and Sphere","floor":30.0,"turns":6.0},{"damage":15.0,"enemies":"Automaton","floor":33.0,"turns":10.0},{"damage":0.0,"enemies":"Orb Walker","floor":35.0,"turns":5.0},{"damage":5.0,"enemies":"3 Darklings","floor":36.0,"turns":6.0},{"damage":55.0,"enemies":"4 Shapes","floor":42.0,"turns":8.0},{"damage":32.0,"enemies":"Sphere and 2 Shapes","floor":44.0,"turns":9.0},{"damage":11.0,"enemies":"Jaw Worm Horde","floor":47.0,"turns":4.0},{"damage":16.0,"enemies":"Maw","floor":48.0,"turns":9.0},{"damage":31.0,"enemies":"Time Eater","floor":50.0,"turns":15.0},{"damage":67,"enemies":"Shield and Spear","floor":54,"turns":10},{"damage":52,"enemies":"The Heart","floor":55,"turns":3}],"seed_played":"8438857350592138776","potions_obtained":[{"floor":1.0,"key":"Fire Potion"},{"floor":6.0,"key":"EssenceOfSteel"},{"floor":23.0,"key":"Dexterity Potion"},{"floor":36.0,"key":"FairyPotion"},{"floor":37.0,"key":"Ancient Potion"},{"floor":44.0,"key":"PowerPotion"},{"floor":54,"key":"AttackPotion"}],"is_trial":false,"path_per_floor":["M","?","?","M","T","E","R","E","T","?","E","M","R","M","R","B",null,"M","?","?","M","M","E","R","?","T","R","?","$","M","$","R","B",null,"M","M","?","$","?","R","$","M","T","M","T","R","M","M","R","B",null,"R","$","E","B"],"character_chosen":"DEFECT","items_purchased":["Toy Ornithopter","AttackPotion","Swift Potion","Steam+1","Heatsinks+1","Go for the Eyes+1","Dexterity Potion","SmokeBomb","Heatsinks+1"],"campfire_rested":2,"item_purchase_floors":[29,29,29,29,29,31,38,53,53],"current_hp_per_floor":[78,83,72,63,63,20,46,35,35,35,19,17,43,41,41,15,87,62,62,62,66,56,35,35,26,26,26,26,26,26,26,26,30,87,87,84,84,84,84,84,84,36,36,18,18,18,28,24,24,8,87,87,87,32,0],"gold":60,"neow_bonus":"TEN_PERCENT_HP_BONUS","is_prod":false,"is_daily":false,"chose_seed":false,"campfire_upgraded":4,"win_rate":0,"timestamp":1557784244,"path_taken":["M","?","?","M","?","E","R","E","T","?","E","M","R","M","R","BOSS","M","?","?","M","?","E","R","?","T","R","?","$","M","?","R","BOSS","M","M","?","?","?","R","$","M","T","M","?","R","M","?","R","BOSS","R","$","E","BOSS"],"build_version":"2019-01-23","purchased_purges":2,"victory":false,"max_hp_per_floor":[82,87,87,87,87,87,87,87,87,87,87,87,87,87,87,87,87,87,87,87,87,87,87,87,87,87,87,87,87,87,87,87,87,87,87,87,87,87,87,87,87,87,87,87,87,87,87,87,87,87,87,87,87,87,87],"card_choices":[{"not_picked":["Rebound","White Noise"],"picked":"Capacitor","floor":1.0},{"not_picked":["Rebound","Conserve Battery"],"picked":"Leap","floor":4.0},{"not_picked":["Chill","Fusion"],"picked":"Glacier","floor":6.0},{"not_picked":["Defragment","Conserve Battery"],"picked":"Rip and Tear","floor":8.0},{"not_picked":["Compile Driver","Thunder Strike","Scrape"],"picked":"SKIP","floor":11.0},{"not_picked":["Heatsinks","Melter"],"picked":"Ball Lightning","floor":12.0},{"not_picked":["Sweeping Beam","Hello World"],"picked":"Hologram+1","floor":12.0},{"not_picked":["Barrage","Rebound"],"picked":"Doom and Gloom","floor":14.0},{"not_picked":["Darkness+1","Sweeping Beam"],"picked":"Cold Snap","floor":14.0},{"not_picked":["Hyperbeam","Fission+1"],"picked":"Echo Form","floor":16.0},{"not_picked":["Aggregate+1","Steam+1"],"picked":"Conserve Battery+1","floor":18.0},{"not_picked":["Compile Driver","Rebound+1"],"picked":"Sweeping Beam","floor":18.0},{"not_picked":["Buffer","Stack+1"],"picked":"Auto Shields+1","floor":21.0},{"not_picked":["Glacier+1","Static Discharge"],"picked":"Recycle+1","floor":21.0},{"not_picked":["Compile Driver","Stack+1","Cold Snap"],"picked":"SKIP","floor":22.0},{"not_picked":["Streamline","Storm","FTL"],"picked":"SKIP","floor":22.0},{"not_picked":["Darkness+1","Conserve Battery+1","Doom and Gloom"],"picked":"SKIP","floor":23.0},{"not_picked":["Rebound+1","Gash+1"],"picked":"Go for the Eyes+1","floor":30.0},{"not_picked":["Steam+1","Barrage+1"],"picked":"White Noise+1","floor":30.0},{"not_picked":["Meteor Strike+1","Rainbow+1"],"picked":"Amplify+1","floor":33.0},{"not_picked":["Turbo+1","Coolheaded+1"],"picked":"Stack+1","floor":35.0},{"not_picked":["Aggregate+1","Melter+1","Rebound+1"],"picked":"SKIP","floor":35.0},{"not_picked":["Go for the Eyes+1","Leap+1","Redo+1"],"picked":"SKIP","floor":36.0},{"not_picked":["Compile Driver+1","Rebound+1","Rainbow+1"],"picked":"SKIP","floor":36.0},{"not_picked":["Barrage+1","Glacier+1"],"picked":"Ball Lightning+1","floor":42.0},{"not_picked":["Leap+1","Rebound+1","Auto Shields+1"],"picked":"SKIP","floor":42.0},{"not_picked":["Compile Driver+1","Melter+1","Redo+1"],"picked":"SKIP","floor":44.0},{"not_picked":["Undo+1","Storm+1","Scrape+1"],"picked":"SKIP","floor":44.0},{"not_picked":["Amplify+1","Compile Driver+1"],"picked":"Turbo+1","floor":47.0},{"not_picked":["Rebound+1","Redo+1"],"picked":"Turbo+1","floor":47.0},{"not_picked":["Fusion+1","Compile Driver+1"],"picked":"Blizzard+1","floor":48.0},{"not_picked":["Barrage+1","Sunder+1","Sweeping Beam+1"],"picked":"SKIP","floor":48.0},{"not_picked":["FTL+1","Hologram+1"],"picked":"Defragment+1","floor":54}],"player_experience":223168,"relics_obtained":[{"floor":6.0,"key":"Bird Faced Urn"},{"floor":8.0,"key":"Prayer Wheel"},{"floor":9.0,"key":"Toxic Egg 2"},{"floor":11.0,"key":"Dodecahedron"},{"floor":23.0,"key":"Molten Egg 2"},{"floor":26.0,"key":"Frozen Egg 2"},{"floor":43.0,"key":"Orichalcum"},{"floor":45.0,"key":"Boot"},{"floor":54,"key":"Sundial"}],"event_choices":[{"damage_healed":0.0,"max_hp_gain":5.0,"max_hp_loss":0.0,"gold_gain":0.0,"event_name":"Big Fish","player_choice":"Donut","floor":2.0,"gold_loss":0.0,"damage_taken":0.0},{"damage_healed":0.0,"max_hp_gain":0.0,"max_hp_loss":0.0,"gold_gain":75.0,"event_name":"World of Goop","player_choice":"Gather Gold","floor":3.0,"gold_loss":0.0,"damage_taken":11.0},{"damage_healed":0.0,"max_hp_gain":0.0,"max_hp_loss":0.0,"gold_gain":0.0,"cards_transformed":["Strike_B"],"event_name":"Living Wall","player_choice":"Change","floor":10.0,"gold_loss":0.0,"damage_taken":0.0,"cards_obtained":["Compile Driver"]},{"damage_healed":0.0,"max_hp_gain":0.0,"max_hp_loss":0.0,"gold_gain":99.0,"event_name":"Nest","player_choice":"Stole From Cult","floor":19.0,"gold_loss":0.0,"damage_taken":0.0},{"damage_healed":0.0,"max_hp_gain":0.0,"max_hp_loss":0.0,"gold_gain":0.0,"event_name":"Accursed Blacksmith","player_choice":"Forge","floor":20.0,"gold_loss":0.0,"damage_taken":0.0,"cards_upgraded":["Sweeping Beam"]},{"damage_healed":0.0,"max_hp_gain":0.0,"max_hp_loss":0.0,"gold_gain":0.0,"event_name":"Cursed Tome","player_choice":"Stopped","floor":25.0,"gold_loss":0.0,"damage_taken":9.0},{"damage_healed":0.0,"max_hp_gain":0.0,"max_hp_loss":0.0,"gold_gain":0.0,"cards_transformed":["Strike_B","Strike_B"],"event_name":"Drug Dealer","player_choice":"Became Test Subject","floor":28.0,"gold_loss":0.0,"damage_taken":0.0,"cards_obtained":["Consume","Hologram"]},{"damage_healed":0.0,"max_hp_gain":0.0,"max_hp_loss":0.0,"gold_gain":0.0,"event_name":"The Woman in Blue","player_choice":"Bought 1 Potion","floor":37.0,"gold_loss":0.0,"damage_taken":0.0},{"cards_removed":["Cold Snap"],"damage_healed":0.0,"max_hp_gain":0.0,"max_hp_loss":0.0,"gold_gain":0.0,"event_name":"Falling","player_choice":"Removed Attack","floor":39.0,"gold_loss":0.0,"damage_taken":0.0}],"is_beta":false,"boss_relics":[{"not_picked":["Black Star","Pandora\u0027s Box"],"picked":"Coffee Dripper"},{"not_picked":["Sozu","Tiny House"],"picked":"Fusion Hammer"}],"items_purged_floors":[29,31],"is_endless":false,"potions_floor_spawned":[1,6,23,30,36,44,54],"killed_by":"The Heart","ascension_level":2}