{"gold_per_floor":[219,237,35,35,55,55,55,55,81,99,112,131,56,56,56,56],"floor_reached":16,"playtime":434,"items_purged":["Defend_R"],"score":115,"play_id":"48f0129a-5455-4701-9dd8-1a2a235c8e2f","local_time":"20181102030818","is_ascension_mode":true,"campfire_choices":[{"data":"Bash","floor":6,"key":"SMITH"},{"data":"Pommel Strike","floor":8,"key":"SMITH"},{"data":"Armaments","floor":15,"key":"SMITH"}],"neow_cost":"NONE","seed_source_timestamp":537714847654698,"circlet_count":0,"master_deck":["Strike_R","Strike_R","Strike_R+1","Strike_R+1","Strike_R","Defend_R","Defend_R+1","Defend_R+1","Bash+1","Thunderclap","Shrug It Off","Pommel Strike+1","Shrug It Off","Reaper","Armaments+1"],"relics":["Burning Blood","Juzu Bracelet","Anchor","Whetstone"],"potions_floor_usage":[10,16],"damage_taken":[{"damage":6,"enemies":"Jaw Worm","floor":1,"turns":4},{"damage":6,"enemies":"Cultist","floor":2,"turns":4},{"damage":0,"enemies":"Small Slimes","floor":5,"turns":3},{"damage":0,"enemies":"3 Louse","floor":10,"turns":1},{"damage":0,"enemies":"Large Slime","floor":11,"turns":6},{"damage":7,"enemies":"2 Fungi Beasts","floor":12,"turns":3},{"damage":26,"enemies":"Hexaghost","floor":16,"turns":4}],"seed_played":"3547486299591603800","potions_obtained":[{"floor":2,"key":"Ancient Potion"},{"floor":5,"key":"Explosive Potion"},{"floor":10,"key":"Strength Potion"},{"floor":11,"key":"SpeedPotion"}],"is_trial":false,"path_per_floor":["M","M","$","?","M","R","?","R","T","M","M","M","$","?","R"],"character_chosen":"IRONCLAD","items_purchased":["Juzu Bracelet","Shrug It Off"],"campfire_rested":0,"item_purchase_floors":[3,3],"current_hp_per_floor":[80,80,80,64,70,70,67,67,67,73,79,78,78,83,83,59],"gold":56,"neow_bonus":"HUNDRED_GOLD","is_prod":false,"is_daily":false,"chose_seed":false,"campfire_upgraded":3,"win_rate":0,"timestamp":1541095698,"path_taken":["M","M","$","?","M","R","?","R","T","M","M","M","$","?","R","BOSS"],"build_version":"2018-10-25v2","purchased_purges":1,"victory":false,"max_hp_per_floor":[80,80,80,80,80,80,80,80,80,80,80,80,80,85,85,85],"card_choices":[{"not_picked":["Body Slam","Evolve"],"picked":"Thunderclap","floor":1},{"not_picked":["Sword Boomerang","Twin Strike","Cleave"],"picked":"SKIP","floor":2},{"not_picked":["Sword Boomerang","Blood for Blood"],"picked":"Pommel Strike","floor":5},{"not_picked":["Feel No Pain","Clothesline"],"picked":"Shrug It Off","floor":10},{"not_picked":["Burning Pact","Iron Wave"],"picked":"Reaper","floor":11},{"not_picked":["Anger","Flex"],"picked":"Armaments","floor":12}],"player_experience":432436,"relics_obtained":[{"floor":9,"key":"Whetstone"}],"event_choices":[{"damage_healed":0,"gold_gain":0,"player_choice":"Entered Light","damage_taken":16,"max_hp_gain":0,"max_hp_loss":0,"event_name":"Shining Light","floor":4,"gold_loss":0,"cards_upgraded":["Defend_R","Defend_R"]},{"damage_healed":0,"gold_gain":0,"player_choice":"Success","damage_taken":3,"relics_obtained":["Anchor"],"max_hp_gain":0,"max_hp_loss":0,"event_name":"Scrap Ooze","floor":7,"gold_loss":0},{"damage_healed":0,"gold_gain":0,"player_choice":"Donut","damage_taken":0,"max_hp_gain":5,"max_hp_loss":0,"event_name":"Big Fish","floor":14,"gold_loss":0}],"is_beta":false,"boss_relics":[],"items_purged_floors":[13],"is_endless":false,"potions_floor_spawned":[2,5,10,11],"killed_by":"Hexaghost","ascension_level":5}