{"gold_per_floor":[110,110,110,60,84,84,127,127,127,161,176,191,63,87,87,206,206,226,20,20,33,46,46,72,72,72,85,85,108,126,126],"floor_reached":31,"playtime":1722,"items_purged":["Defend_R"],"score":272,"play_id":"6046118b-5bf8-4529-aec8-dc1f036a0640","local_time":"20190504122752","is_ascension_mode":false,"campfire_choices":[{"data":"Iron Wave","floor":6,"key":"SMITH"},{"data":"Bash","floor":8,"key":"SMITH"},{"floor":15,"key":"REST"},{"floor":23,"key":"REST"},{"data":"Perfected Strike","floor":25,"key":"SMITH"}],"neow_cost":"NONE","seed_source_timestamp":147968883714458,"circlet_count":0,"master_deck":["Strike_R","Strike_R","Strike_R","Strike_R","Strike_R","Defend_R","Defend_R","Bash+1","Clash","Iron Wave+1","Perfected Strike+1","Armaments","Wild Strike","Twin Strike","Armaments","Wild Strike+1","Pommel Strike","Armaments"],"relics":["Burning Blood","NeowsBlessing","Golden Idol","Gremlin Horn","Pantograph","Singing Bowl","White Beast Statue","Happy Flower","Art of War","Regal Pillow"],"potions_floor_usage":[16,16,29],"damage_taken":[{"damage":0,"enemies":"2 Louse","floor":1,"turns":1},{"damage":0,"enemies":"Small Slimes","floor":5,"turns":1},{"damage":0,"enemies":"Gremlin Nob","floor":7,"turns":1},{"damage":36,"enemies":"3 Sentries","floor":10,"turns":10},{"damage":6,"enemies":"Jaw Worm","floor":11,"turns":3},{"damage":9,"enemies":"Gremlin Gang","floor":12,"turns":4},{"damage":1,"enemies":"Lots of Slimes","floor":14,"turns":3},{"damage":77,"enemies":"The Guardian","floor":16,"turns":12},{"damage":22,"enemies":"Shell Parasite","floor":18,"turns":6},{"damage":17,"enemies":"Spheric Guardian","floor":21,"turns":4},{"damage":10,"enemies":"Snecko","floor":22,"turns":4},{"damage":33,"enemies":"Shelled Parasite and Fungi","floor":27,"turns":5},{"damage":37,"enemies":"Centurion and Healer","floor":29,"turns":5},{"damage":14,"enemies":"Snake Plant","floor":30,"turns":3},{"damage":12,"enemies":"Shelled Parasite and Fungi","floor":31,"turns":2}],"seed_played":"-5077327951537461189","potions_obtained":[{"floor":10,"key":"BloodPotion"},{"floor":14,"key":"SpeedPotion"},{"floor":16,"key":"Strength Potion"},{"floor":18,"key":"PowerPotion"},{"floor":21,"key":"Ancient Potion"},{"floor":27,"key":"FearPotion"},{"floor":29,"key":"AttackPotion"}],"is_trial":false,"path_per_floor":["M","?","?","?","M","R","E","R","T","E","M","M","$","M","R","B",null,"M","$","?","M","M","R","T","R","T","M","$","M","M","M"],"character_chosen":"IRONCLAD","items_purchased":["Armaments","Armaments","Happy Flower"],"campfire_rested":2,"item_purchase_floors":[13,19,19],"current_hp_per_floor":[80,74,74,74,74,74,74,74,74,44,46,45,45,50,73,16,80,64,64,64,55,51,75,75,75,75,50,50,19,11,0],"gold":126,"neow_bonus":"THREE_ENEMY_KILL","is_prod":false,"is_daily":false,"chose_seed":false,"campfire_upgraded":3,"win_rate":0,"timestamp":1556990872,"path_taken":["M","?","?","?","M","R","E","R","T","E","M","M","$","M","R","BOSS","M","$","?","M","M","R","?","R","T","?","?","?","M","M"],"build_version":"2019-01-23","purchased_purges":1,"victory":false,"max_hp_per_floor":[80,74,74,74,74,74,74,74,74,74,76,78,78,78,78,80,80,80,80,80,82,82,82,82,82,82,84,84,84,84,84],"card_choices":[{"not_picked":["Flex","Anger"],"picked":"Clash","floor":1},{"not_picked":["Dropkick","Whirlwind"],"picked":"Iron Wave","floor":5},{"not_picked":["Warcry","Blood for Blood","Clothesline"],"picked":"SKIP","floor":7},{"not_picked":["Reckless Charge","Combust"],"picked":"Perfected Strike","floor":10},{"not_picked":["Whirlwind","Offering","True Grit"],"picked":"Singing Bowl","floor":11},{"not_picked":["Blood for Blood","Inflame","Evolve"],"picked":"Singing Bowl","floor":12},{"not_picked":["Clash","Blood for Blood"],"picked":"Wild Strike","floor":14},{"not_picked":["Feed","Fiend Fire","Dark Embrace"],"picked":"Singing Bowl","floor":16},{"not_picked":["Perfected Strike","Thunderclap"],"picked":"Twin Strike","floor":18},{"not_picked":["Second Wind","Seeing Red","Burning Pact"],"picked":"Singing Bowl","floor":21},{"not_picked":["Rampage+1","Blood for Blood+1"],"picked":"Wild Strike+1","floor":22},{"not_picked":["Thunderclap","Combust","Carnage"],"picked":"Singing Bowl","floor":27},{"not_picked":["Power Through","Rampage"],"picked":"Pommel Strike","floor":29},{"not_picked":["Burning Pact","Heavy Blade"],"picked":"Armaments","floor":30}],"player_experience":465717,"relics_obtained":[{"floor":7,"key":"Gremlin Horn"},{"floor":9,"key":"Pantograph"},{"floor":10,"key":"Singing Bowl"},{"floor":24,"key":"Art of War"},{"floor":26,"key":"Regal Pillow"}],"event_choices":[{"damage_healed":0,"gold_gain":0,"player_choice":"Lose Max HP","damage_taken":0,"relics_obtained":["Golden Idol"],"max_hp_gain":0,"max_hp_loss":6,"event_name":"Golden Idol","floor":2,"gold_loss":0},{"damage_healed":0,"gold_gain":0,"player_choice":"Ignored","damage_taken":0,"max_hp_gain":0,"max_hp_loss":0,"event_name":"Liars Game","floor":3,"gold_loss":0},{"cards_removed":["Defend_R"],"damage_healed":0,"gold_gain":0,"player_choice":"Card Removal","damage_taken":0,"max_hp_gain":0,"max_hp_loss":0,"event_name":"The Cleric","floor":4,"gold_loss":50}],"is_beta":false,"boss_relics":[{"not_picked":["Runic Cube","Philosopher\u0027s Stone"],"picked":"White Beast Statue"}],"items_purged_floors":[13],"is_endless":false,"potions_floor_spawned":[10,14,16,18,21,22,27,29,30],"killed_by":"Shelled Parasite and Fungi","ascension_level":0}