{"gold_per_floor":[115,46,46,57,72,72,107,107,107,107,123,151,167,14,14,114,114,125,136,155,155,26,26,58,75,75,75,75],"floor_reached":28,"playtime":1045,"items_purged":[],"score":310,"play_id":"ce58264a-0e70-42be-b6ac-ea53969597b6","local_time":"20181208042822","is_ascension_mode":true,"campfire_choices":[{"data":"Dualcast","floor":6,"key":"SMITH"},{"data":"Static Discharge","floor":8,"key":"SMITH"},{"data":"BootSequence","floor":10,"key":"SMITH"},{"data":"Redo","floor":15,"key":"SMITH"},{"data":"Loop","floor":23,"key":"SMITH"},{"data":"Beam Cell","floor":27,"key":"SMITH"}],"neow_cost":"NONE","seed_source_timestamp":1990662752539123,"circlet_count":0,"master_deck":["Strike_B","Strike_B","Strike_B","Defend_B","Defend_B","Defend_B","Defend_B","Zap+1","Dualcast+1","Beam Cell+1","Static Discharge+1","BootSequence+1","Undo","Redo+1","Steam","Core Surge","Ball Lightning","BootSequence","Conserve Battery+1","Ball Lightning","Loop+1","Chill","Conserve Battery+1"],"relics":["Cracked Core","Meat on the Bone","Blood Vial","Ornamental Fan","Lantern","DataDisk","Inserter","Smiling Mask","Bottled Lightning"],"potions_floor_usage":[12,16,24,28],"damage_taken":[{"damage":3,"enemies":"2 Louse","floor":1,"turns":3},{"damage":0,"enemies":"Cultist","floor":4,"turns":2},{"damage":0,"enemies":"Jaw Worm","floor":5,"turns":3},{"damage":32,"enemies":"Gremlin Nob","floor":7,"turns":4},{"damage":1,"enemies":"Red Slaver","floor":11,"turns":4},{"damage":10,"enemies":"3 Sentries","floor":12,"turns":4},{"damage":8,"enemies":"Blue Slaver","floor":13,"turns":3},{"damage":18,"enemies":"Slime Boss","floor":16,"turns":9},{"damage":7,"enemies":"3 Byrds","floor":18,"turns":3},{"damage":6,"enemies":"Chosen","floor":19,"turns":5},{"damage":28,"enemies":"Snake Plant","floor":20,"turns":4},{"damage":35,"enemies":"Slavers","floor":24,"turns":4},{"damage":0,"enemies":"Cultist and Chosen","floor":25,"turns":5},{"damage":42,"enemies":"Gremlin Leader","floor":28,"turns":6}],"seed_played":"-8664567267800828724","potions_obtained":[{"floor":1,"key":"Explosive Potion"},{"floor":5,"key":"Dexterity Potion"},{"floor":12,"key":"SkillPotion"},{"floor":13,"key":"FocusPotion"},{"floor":16,"key":"SteroidPotion"},{"floor":18,"key":"SpeedPotion"},{"floor":24,"key":"FearPotion"}],"is_trial":false,"path_per_floor":["M","$","?","M","M","R","E","R","T","R","M","E","M","$","R","B",null,"M","M","M","?","$","R","E","M","T","R","E"],"character_chosen":"DEFECT","items_purchased":["Static Discharge","DataDisk","Ball Lightning","Loop"],"campfire_rested":0,"item_purchase_floors":[2,14,22,22],"current_hp_per_floor":[72,72,72,72,72,72,40,40,40,40,41,45,39,39,39,35,65,60,56,42,42,42,42,21,35,35,35,0],"gold":75,"neow_bonus":"UPGRADE_CARD","is_prod":false,"is_daily":false,"chose_seed":false,"campfire_upgraded":6,"win_rate":0,"timestamp":1544210902,"path_taken":["M","$","?","M","?","R","E","R","T","R","M","E","M","$","R","BOSS","M","?","M","?","$","R","E","M","T","R","E"],"build_version":"2018-12-06","purchased_purges":0,"victory":false,"max_hp_per_floor":[75,75,75,75,75,75,75,75,75,75,75,75,75,75,75,75,75,75,75,75,75,75,75,75,75,75,75,75],"card_choices":[{"not_picked":["Force Field","Turbo"],"picked":"Beam Cell","floor":1},{"not_picked":["Skim","Rebound"],"picked":"BootSequence","floor":4},{"not_picked":["Meteor Strike","Rip and Tear","Skim"],"picked":"SKIP","floor":5},{"not_picked":["Turbo","Steam"],"picked":"Undo","floor":7},{"not_picked":["Cold Snap","Steam"],"picked":"Redo","floor":11},{"not_picked":["Redo","Fusion"],"picked":"Steam","floor":12},{"not_picked":["Blizzard","Steam","Coolheaded"],"picked":"SKIP","floor":13},{"not_picked":["Reboot","Fission"],"picked":"Core Surge","floor":16},{"not_picked":["Lockon","Leap"],"picked":"Ball Lightning","floor":18},{"not_picked":["Gash","Compile Driver"],"picked":"BootSequence","floor":19},{"not_picked":["Stack","Blizzard"],"picked":"Conserve Battery+1","floor":20},{"not_picked":["Genetic Algorithm","Rebound"],"picked":"Chill","floor":24},{"not_picked":["Barrage","Coolheaded"],"picked":"Conserve Battery+1","floor":25}],"player_experience":509946,"relics_obtained":[{"floor":3,"key":"Meat on the Bone"},{"floor":7,"key":"Blood Vial"},{"floor":9,"key":"Ornamental Fan"},{"floor":12,"key":"Lantern"},{"floor":24,"key":"Smiling Mask"},{"floor":26,"key":"Bottled Lightning"}],"event_choices":[{"damage_healed":0,"gold_gain":0,"player_choice":"Relic","damage_taken":0,"max_hp_gain":0,"max_hp_loss":0,"event_name":"Wheel of Change","floor":3,"gold_loss":0},{"cards_removed":["Strike_B"],"damage_healed":0,"gold_gain":0,"player_choice":"Purged","damage_taken":0,"max_hp_gain":0,"max_hp_loss":0,"event_name":"Purifier","floor":21,"gold_loss":0}],"is_beta":false,"boss_relics":[{"not_picked":["Empty Cage","Ectoplasm"],"picked":"Inserter"}],"items_purged_floors":[],"is_endless":false,"potions_floor_spawned":[1,5,12,13,16,18,24],"killed_by":"Gremlin Leader","ascension_level":5}