{"gold_per_floor":[111,111,29,48,67,67,67,342,398,13,43,43,62,74,74,173,173,162,175,90,101,101,128,128,162,211,221,221,238,84,84,84,179,179,193,193,209,34,34,34,69,9,9,9],"floor_reached":44,"playtime":2984,"items_purged":["Regret","Strike_B","Strike_B"],"score":575,"play_id":"dbb9051b-72b4-41e2-8035-49f3a377e633","local_time":"20180830194032","is_ascension_mode":true,"campfire_choices":[{"data":"Zap","floor":6,"key":"SMITH"},{"floor":12,"key":"REST"},{"data":"Ball Lightning","floor":15,"key":"SMITH"},{"data":"Storm","floor":24,"key":"SMITH"},{"data":"Creative AI","floor":28,"key":"SMITH"},{"data":"Streamline","floor":32,"key":"SMITH"},{"floor":40,"key":"DIG"}],"neow_cost":"TEN_PERCENT_HP_LOSS","seed_source_timestamp":949576324239976,"circlet_count":0,"master_deck":["Strike_B","Strike_B","Defend_B+1","Defend_B+1","Defend_B","Defend_B","Zap+1","Dualcast","Creative AI+1","FTL","Ball Lightning+1","Turbo","Compile Driver","Stack","Reboot","Storm+1","Capacitor+1","Barrage","Ghostly","Ghostly","Ghostly","Ghostly","Ghostly","Lockon+1","Loop+1","Stack+1","Streamline+1","Ball Lightning+1","Undo+1","Conserve Battery","Ball Lightning","Self Repair+1","Defragment","Normality"],"relics":["Cracked Core","Pantograph","War Paint","Tiny Chest","Shovel","Anchor","Sozu","Strawberry","Juzu Bracelet","Happy Flower","Lantern","Cursed Key","StoneCalendar","Ancient Tea Set","MawBank","Bird Faced Urn"],"potions_floor_usage":[11,18,27],"damage_taken":[{"damage":0,"enemies":"Cultist","floor":1,"turns":5},{"damage":0,"enemies":"Small Slimes","floor":4,"turns":3},{"damage":6,"enemies":"2 Louse","floor":5,"turns":2},{"damage":27,"enemies":"3 Sentries","floor":11,"turns":6},{"damage":0,"enemies":"Large Slime","floor":13,"turns":3},{"damage":0,"enemies":"Exordium Thugs","floor":14,"turns":3},{"damage":0,"enemies":"Slime Boss","floor":16,"turns":6},{"damage":4,"enemies":"2 Thieves","floor":18,"turns":4},{"damage":0,"enemies":"Shell Parasite","floor":19,"turns":5},{"damage":33,"enemies":"Snecko","floor":21,"turns":5},{"damage":5,"enemies":"Book of Stabbing","floor":23,"turns":7},{"damage":3,"enemies":"Slavers","floor":25,"turns":5},{"damage":1,"enemies":"Centurion and Healer","floor":27,"turns":7},{"damage":3,"enemies":"Cultist and Chosen","floor":29,"turns":6},{"damage":9,"enemies":"Collector","floor":33,"turns":9},{"damage":0,"enemies":"Flame Bruiser 1 Orb","floor":35,"turns":5},{"damage":1,"enemies":"Orb Walker","floor":37,"turns":3},{"damage":0,"enemies":"Mind Bloom Boss Battle","floor":39,"turns":4},{"damage":34,"enemies":"Giant Head","floor":41,"turns":8},{"damage":20,"enemies":"Transient","floor":44,"turns":5}],"seed_played":"-4805240418166376086","potions_obtained":[{"floor":5,"key":"PowerPotion"},{"floor":13,"key":"Energy Potion"},{"floor":16,"key":"SpeedPotion"}],"is_trial":false,"path_per_floor":["M","T","$","M","M","R","?","?","T","$","E","R","M","M","R","B",null,"M","M","?","M","?","E","R","E","T","M","R","M","$","?","R","B",null,"M","?","M","$","?","R","E","$","T"],"character_chosen":"DEFECT","items_purchased":["FTL","Shovel","Streamline","Conserve Battery","Defragment"],"campfire_rested":1,"item_purchase_floors":[3,10,30,38,42],"current_hp_per_floor":[68,68,68,68,62,62,59,59,59,59,32,52,52,52,52,68,68,64,64,71,38,37,32,32,29,29,28,28,25,25,25,25,28,37,37,37,36,36,37,37,3,3,3,0],"gold":9,"neow_bonus":"THREE_RARE_CARDS","is_prod":false,"is_daily":false,"chose_seed":false,"campfire_upgraded":5,"win_rate":0,"timestamp":1535625632,"path_taken":["M","?","$","M","M","R","?","?","T","$","E","R","M","M","R","BOSS","M","M","?","M","?","E","R","E","T","M","R","M","$","?","R","BOSS","M","?","M","$","?","R","E","$","T","M"],"build_version":"2018-08-23v2","purchased_purges":3,"victory":false,"max_hp_per_floor":[68,68,68,68,68,68,68,68,68,68,68,68,68,68,68,68,68,68,68,75,75,37,37,37,37,37,37,37,37,37,37,37,37,37,37,37,37,37,37,37,37,37,37,37],"card_choices":[{"not_picked":["Echo Form","Thunder Strike"],"picked":"Creative AI","floor":0},{"not_picked":["Steam","Beam Cell","Storm"],"picked":"SKIP","floor":1},{"not_picked":["Barrage","Streamline"],"picked":"Ball Lightning","floor":4},{"not_picked":["Cold Snap","Coolheaded","Chaos"],"picked":"SKIP","floor":5},{"not_picked":["Heatsinks","Recycle"],"picked":"Turbo","floor":11},{"not_picked":["Meteor Strike","Gash"],"picked":"Compile Driver","floor":13},{"not_picked":["Recycle","Rebound"],"picked":"Stack","floor":14},{"not_picked":["Multi-Cast","Creative AI"],"picked":"Reboot","floor":16},{"not_picked":["Gash","Beam Cell"],"picked":"Storm","floor":18},{"not_picked":["Cold Snap","Chaos"],"picked":"Capacitor+1","floor":19},{"not_picked":["Creative AI","Hologram"],"picked":"Barrage","floor":21},{"not_picked":["Reprogram","Blizzard"],"picked":"Lockon+1","floor":23},{"not_picked":["Doom and Gloom+1","Blizzard"],"picked":"Loop+1","floor":25},{"not_picked":["Loop","Coolheaded","Compile Driver"],"picked":"SKIP","floor":27},{"not_picked":["Hologram","Cold Snap"],"picked":"Stack+1","floor":29},{"not_picked":["Chill+1","Redo","Melter+1"],"picked":"SKIP","floor":35},{"not_picked":["Doom and Gloom","Rebound+1"],"picked":"Undo+1","floor":37},{"not_picked":["Melter+1","Beam Cell"],"picked":"Ball Lightning","floor":39},{"not_picked":["Hologram+1","Reprogram"],"picked":"Self Repair+1","floor":41}],"player_experience":165481,"relics_obtained":[{"floor":2,"key":"Pantograph"},{"floor":9,"key":"Tiny Chest"},{"floor":11,"key":"Anchor"},{"floor":23,"key":"Juzu Bracelet"},{"floor":25,"key":"Happy Flower"},{"floor":26,"key":"Lantern"},{"floor":39,"key":"StoneCalendar"},{"floor":40,"key":"Ancient Tea Set"},{"floor":41,"key":"MawBank"},{"floor":43,"key":"Bird Faced Urn"}],"event_choices":[{"event_name":"Scrap Ooze","player_choice":"success","floor":7,"damage_taken":3},{"event_name":"Golden Shrine","player_choice":"Desecrate","floor":8,"damage_taken":0},{"event_name":"Addict","player_choice":"Obtained Relic","floor":20,"damage_taken":0},{"event_name":"Ghosts","player_choice":"Became a Ghost","floor":22,"damage_taken":0},{"event_name":"The Lab","player_choice":"Got Potions","floor":31,"damage_taken":0},{"event_name":"Duplicator","player_choice":"One dupe","floor":36,"damage_taken":0},{"event_name":"MindBloom","player_choice":"Fight","floor":39,"damage_taken":0}],"is_beta":false,"boss_relics":[{"not_picked":["Calling Bell","Astrolabe"],"picked":"Sozu"},{"not_picked":["Tiny House","Fusion Hammer"],"picked":"Cursed Key"}],"items_purged_floors":[10,30,38],"is_endless":false,"potions_floor_spawned":[5,13,16,19,23,29,39],"killed_by":"Transient","ascension_level":1}