{"gold_per_floor":[112,131,147,164,164,164,195,195,195,14,31,31,50,80,80,177,177,189,33,33,47,47],"floor_reached":22,"playtime":1133,"items_purged":["Strike_G"],"score":274,"play_id":"39ffa849-7f02-454c-80ae-ec8541674869","local_time":"20181001101352","is_ascension_mode":true,"campfire_choices":[{"data":"Cloak And Dagger","floor":6,"key":"SMITH"},{"data":"All Out Attack","floor":8,"key":"SMITH"},{"data":"Dagger Spray","floor":12,"key":"SMITH"},{"floor":15,"key":"REST"}],"neow_cost":"NONE","seed_source_timestamp":1309947530732393,"circlet_count":0,"master_deck":["Defend_G","Defend_G","Defend_G","Defend_G","Defend_G","Strike_G","Strike_G","Strike_G","Strike_G","Survivor","Neutralize+1","All Out Attack+1","Cloak And Dagger+1","Backflip","Dagger Spray+1","Deflect","Blade Dance","A Thousand Cuts","Phantasmal Killer","Cloak And Dagger","Shame","Slice+1"],"relics":["Ring of the Snake","Darkstone Periapt","Ninja Scroll","Pantograph","Regal Pillow","Cursed Key","PreservedInsect","Snake Skull"],"potions_floor_usage":[14,16],"damage_taken":[{"damage":0,"enemies":"Small Slimes","floor":1,"turns":4},{"damage":0,"enemies":"Cultist","floor":2,"turns":5},{"damage":2,"enemies":"2 Louse","floor":3,"turns":2},{"damage":3,"enemies":"Looter","floor":4,"turns":4},{"damage":16,"enemies":"3 Sentries","floor":7,"turns":9},{"damage":11,"enemies":"Lots of Slimes","floor":11,"turns":3},{"damage":0,"enemies":"Blue Slaver","floor":13,"turns":2},{"damage":12,"enemies":"Gremlin Nob","floor":14,"turns":4},{"damage":32,"enemies":"Slime Boss","floor":16,"turns":9},{"damage":14,"enemies":"Spheric Guardian","floor":18,"turns":4},{"damage":12,"enemies":"Shell Parasite","floor":21,"turns":6},{"damage":17,"enemies":"Snake Plant","floor":22,"turns":3}],"seed_played":"2757871447729927068","potions_obtained":[{"floor":1,"key":"Strength Potion"},{"floor":13,"key":"Ancient Potion"},{"floor":14,"key":"LiquidBronze"}],"is_trial":false,"path_per_floor":["M","M","M","M","?","R","E","R","T","$","M","R","M","E","R","B",null,"M","$","?","M"],"character_chosen":"THE_SILENT","items_purchased":["Backflip","Dagger Spray","PreservedInsect"],"campfire_rested":1,"item_purchase_floors":[10,10,19],"current_hp_per_floor":[63,63,61,58,58,58,42,42,42,42,31,31,31,19,55,38,62,48,48,54,42,25],"gold":47,"neow_bonus":"UPGRADE_CARD","is_prod":false,"is_daily":false,"chose_seed":false,"campfire_upgraded":3,"win_rate":0,"timestamp":1538356432,"path_taken":["M","M","M","M","?","R","E","R","T","$","M","R","M","E","R","BOSS","M","$","?","?","M"],"build_version":"2018-09-27","purchased_purges":1,"victory":false,"max_hp_per_floor":[70,70,70,70,70,70,70,70,70,70,70,70,70,70,70,70,70,70,70,76,76,76],"card_choices":[{"not_picked":["Noxious Fumes","Prepared"],"picked":"All Out Attack","floor":1},{"not_picked":["Prepared","Flechettes"],"picked":"Cloak And Dagger","floor":2},{"not_picked":["Dagger Throw","Quick Slash","Expertise"],"picked":"SKIP","floor":3},{"not_picked":["Reflex","Acrobatics","Choke"],"picked":"SKIP","floor":4},{"not_picked":["Eviscerate","Riddle With Holes","Outmaneuver"],"picked":"SKIP","floor":7},{"not_picked":["Calculated Gamble","Reflex"],"picked":"Deflect","floor":11},{"not_picked":["Blur","Masterful Stab"],"picked":"Blade Dance","floor":13},{"not_picked":["Backflip","Dodge and Roll"],"picked":"A Thousand Cuts","floor":14},{"not_picked":["Doppelganger","A Thousand Cuts"],"picked":"Phantasmal Killer","floor":16},{"not_picked":["Deadly Poison","Dagger Throw"],"picked":"Cloak And Dagger","floor":18},{"not_picked":["Endless Agony","Sucker Punch"],"picked":"Slice+1","floor":21}],"player_experience":336074,"relics_obtained":[{"floor":7,"key":"Ninja Scroll"},{"floor":9,"key":"Pantograph"},{"floor":14,"key":"Regal Pillow"}],"event_choices":[{"event_name":"WeMeetAgain","player_choice":"Potion","floor":5,"damage_taken":0},{"event_name":"Addict","player_choice":"Stole Relic","floor":20,"damage_taken":0}],"is_beta":false,"boss_relics":[{"not_picked":["Snecko Eye","Orrery"],"picked":"Cursed Key"}],"items_purged_floors":[10],"is_endless":false,"potions_floor_spawned":[1,13,14],"killed_by":"Snake Plant","ascension_level":8}