{"gold_per_floor":[116,133,152,166,182,182,62,62,62,62,87],"floor_reached":11,"playtime":520,"items_purged":["Defend_R"],"score":75,"play_id":"7789c0c7-a505-4bae-8b22-c86e226ac812","local_time":"20190509203332","is_ascension_mode":false,"campfire_choices":[{"data":"Seeing Red","floor":6.0,"key":"SMITH"},{"data":"Armaments","floor":8.0,"key":"SMITH"}],"neow_cost":"NONE","seed_source_timestamp":610272614920902,"circlet_count":0,"master_deck":["Strike_R","Strike_R","Strike_R","Strike_R","Strike_R","Defend_R","Defend_R","Defend_R","Bash","Clash","Wild Strike","Wild Strike","Seeing Red+1","Armaments+1","Bash","Iron Wave"],"special_seed":0,"relics":["Burning Blood","Magic Flower","Darkstone Periapt"],"potions_floor_usage":[],"damage_taken":[{"damage":0.0,"enemies":"2 Louse","floor":1.0,"turns":3.0},{"damage":6.0,"enemies":"Cultist","floor":2.0,"turns":3.0},{"damage":0.0,"enemies":"Small Slimes","floor":3.0,"turns":3.0},{"damage":0.0,"enemies":"Looter","floor":4.0,"turns":3.0},{"damage":9.0,"enemies":"Blue Slaver","floor":5.0,"turns":3.0},{"damage":43,"enemies":"3 Sentries","floor":11,"turns":8}],"seed_played":"2858161454868031189","potions_obtained":[{"floor":2.0,"key":"SteroidPotion"},{"floor":5.0,"key":"Ancient Potion"}],"is_trial":false,"path_per_floor":["M","M","M","M","M","R","$","R","T","?","E"],"character_chosen":"IRONCLAD","items_purchased":["Armaments"],"campfire_rested":0,"item_purchase_floors":[7],"current_hp_per_floor":[88,88,88,88,85,85,85,85,85,85,51],"gold":87,"neow_bonus":"TEN_PERCENT_HP_BONUS","is_prod":false,"is_daily":false,"chose_seed":false,"campfire_upgraded":2,"win_rate":0,"timestamp":1557452012,"path_taken":["M","M","M","M","M","R","$","R","T","?","E"],"build_version":"2019-01-23","purchased_purges":1,"victory":false,"max_hp_per_floor":[88,88,88,88,88,88,88,88,88,88,88],"card_choices":[{"not_picked":["Clothesline","Seeing Red"],"picked":"Clash","floor":1.0},{"not_picked":["Heavy Blade","Sentinel","Second Wind"],"picked":"SKIP","floor":2.0},{"not_picked":["Blood for Blood","Havoc"],"picked":"Wild Strike","floor":3.0},{"not_picked":["Ghostly Armor","Anger"],"picked":"Wild Strike","floor":4.0},{"not_picked":["True Grit","Warcry"],"picked":"Seeing Red","floor":5.0},{"not_picked":["Power Through","Carnage","Brutality"],"picked":"SKIP","floor":11}],"player_experience":515222,"relics_obtained":[{"floor":9.0,"key":"Magic Flower"},{"floor":11,"key":"Darkstone Periapt"}],"event_choices":[{"damage_healed":0.0,"max_hp_gain":0.0,"max_hp_loss":0.0,"gold_gain":0.0,"event_name":"Match and Keep!","player_choice":"2 cards matched","floor":10.0,"gold_loss":0.0,"damage_taken":0.0,"cards_obtained":["Bash","Iron Wave"]}],"is_beta":false,"boss_relics":[],"items_purged_floors":[7],"is_endless":false,"potions_floor_spawned":[2,5],"killed_by":"3 Sentries","ascension_level":0}