{"gold_per_floor":[115,115,40,40,40,66,66,96,96,96,57,57,232,248,248,346,346,356,42,42,42,54,54],"floor_reached":23,"playtime":562,"items_purged":["Regret","Doubt"],"score":454,"play_id":"aa1952e1-c346-4c54-8b61-3e4203acd6f4","local_time":"20190514165545","is_ascension_mode":true,"campfire_choices":[{"data":"A Thousand Cuts","floor":7,"key":"SMITH"},{"data":"Footwork","floor":12,"key":"SMITH"},{"data":"Neutralize","floor":15,"key":"SMITH"}],"neow_cost":"NONE","seed_source_timestamp":2497746616103827,"circlet_count":0,"master_deck":["AscendersBane","Defend_G","Defend_G","Defend_G","Defend_G","Defend_G","Strike_G","Strike_G","Strike_G+1","Strike_G+1","Survivor","Neutralize+1","Blur","A Thousand Cuts+1","Dagger Spray","Cloak And Dagger","Footwork+1","Dagger Spray","Die Die Die","Dagger Spray","Dodge and Roll","Noxious Fumes","Die Die Die","Dodge and Roll+1","Noxious Fumes","RitualDagger","Backflip"],"relics":["Ring of the Snake","NeowsBlessing","Ninja Scroll","Mummified Hand","Vajra","Dream Catcher","Orrery","Potion Belt"],"potions_floor_usage":[],"damage_taken":[{"damage":0,"enemies":"2 Louse","floor":1,"turns":1},{"damage":0,"enemies":"Gremlin Nob","floor":6,"turns":1},{"damage":0,"enemies":"3 Sentries","floor":8,"turns":1},{"damage":0,"enemies":"Jaw Worm","floor":14,"turns":3},{"damage":0,"enemies":"The Guardian","floor":16,"turns":13},{"damage":7,"enemies":"Chosen","floor":18,"turns":4},{"damage":33,"enemies":"Colosseum Slavers","floor":21,"turns":6},{"damage":10,"enemies":"Spheric Guardian","floor":22,"turns":4},{"damage":10,"enemies":"Shelled Parasite and Fungi","floor":23,"turns":4}],"seed_played":"-2284288235175606404","potions_obtained":[{"floor":8,"key":"Swift Potion"}],"is_trial":false,"path_per_floor":["M","?","$","?","$","E","R","E","T","?","$","R","?","M","R","B",null,"M","$","?","?","M","M"],"character_chosen":"THE_SILENT","items_purchased":["Footwork","Noxious Fumes","Potion Belt"],"campfire_rested":0,"item_purchase_floors":[11,19,19],"current_hp_per_floor":[63,63,63,49,49,49,49,49,49,49,49,49,49,49,49,49,65,58,58,52,19,9,0],"gold":54,"neow_bonus":"THREE_ENEMY_KILL","is_prod":false,"is_daily":false,"chose_seed":false,"campfire_upgraded":3,"win_rate":0,"timestamp":1557809745,"path_taken":["M","?","$","?","$","E","R","E","T","?","?","R","?","M","R","BOSS","M","$","?","?","M","M"],"build_version":"2019-01-23","purchased_purges":2,"victory":false,"max_hp_per_floor":[70,70,70,70,70,70,70,70,70,70,70,70,70,70,70,70,70,70,70,70,70,70,70],"card_choices":[{"not_picked":["Underhanded Strike","Flying Knee"],"picked":"Blur","floor":1},{"not_picked":["Slice","Crippling Poison"],"picked":"A Thousand Cuts","floor":6},{"not_picked":["Endless Agony","PiercingWail"],"picked":"Dagger Spray","floor":8},{"not_picked":["Bane","Predator"],"picked":"Dagger Spray","floor":14},{"not_picked":["Envenom","Malaise"],"picked":"Die Die Die","floor":16},{"not_picked":["Deflect","Bane"],"picked":"Dagger Spray","floor":17},{"not_picked":["Dagger Throw","Blur"],"picked":"Dodge and Roll","floor":17},{"not_picked":["Prepared","Dodge and Roll"],"picked":"Noxious Fumes","floor":17},{"not_picked":["Concentrate","Dagger Spray"],"picked":"Die Die Die","floor":17},{"not_picked":["Flying Knee","Riddle With Holes"],"picked":"Dodge and Roll+1","floor":18},{"not_picked":["Masterful Stab","Flying Knee"],"picked":"Backflip","floor":22}],"player_experience":249585,"relics_obtained":[{"floor":6,"key":"Mummified Hand"},{"floor":8,"key":"Vajra"},{"floor":9,"key":"Dream Catcher"}],"event_choices":[{"damage_healed":0,"gold_gain":0,"player_choice":"Box","damage_taken":0,"relics_obtained":["Ninja Scroll"],"max_hp_gain":0,"max_hp_loss":0,"event_name":"Big Fish","floor":2,"gold_loss":0,"cards_obtained":["Regret"]},{"damage_healed":0,"gold_gain":0,"player_choice":"Entered Light","damage_taken":14,"max_hp_gain":0,"max_hp_loss":0,"event_name":"Shining Light","floor":4,"gold_loss":0,"cards_upgraded":["Strike_G","Strike_G"]},{"damage_healed":0,"gold_gain":0,"cards_transformed":["Strike_G"],"player_choice":"Change","damage_taken":0,"max_hp_gain":0,"max_hp_loss":0,"event_name":"Living Wall","floor":10,"gold_loss":0,"cards_obtained":["Cloak And Dagger"]},{"damage_healed":0,"gold_gain":175,"player_choice":"AGREE","damage_taken":0,"max_hp_gain":0,"max_hp_loss":0,"event_name":"Liars Game","floor":13,"gold_loss":0,"cards_obtained":["Doubt"]},{"damage_healed":0,"gold_gain":0,"player_choice":"Joined the Cult","damage_taken":6,"max_hp_gain":0,"max_hp_loss":0,"event_name":"Nest","floor":20,"gold_loss":0,"cards_obtained":["RitualDagger"]},{"damage_healed":0,"gold_gain":0,"player_choice":"Fight","damage_taken":0,"max_hp_gain":0,"max_hp_loss":0,"event_name":"Colosseum","floor":21,"gold_loss":0},{"damage_healed":0,"gold_gain":0,"player_choice":"Fled From Nobs","damage_taken":0,"max_hp_gain":0,"max_hp_loss":0,"event_name":"Colosseum","floor":21,"gold_loss":0}],"is_beta":false,"boss_relics":[{"not_picked":["White Beast Statue","Empty Cage"],"picked":"Orrery"}],"items_purged_floors":[3,19],"is_endless":false,"potions_floor_spawned":[8,21],"killed_by":"Shelled Parasite and Fungi","ascension_level":11}