{"gold_per_floor":[118,118,193,209,226,226,226,226,251,251,251,33,33,51,51,147,147,164,263,263,273,92,103,113,129,178,211,211,211,211,228,228,326,326,340,358,358,374,474,474,504,504,504,504,34,34,47,60,60,60],"floor_reached":51,"playtime":1526,"items_purged":["Caltrops+1"],"score":685,"play_id":"77d24d18-d696-4bc5-864e-cae051cabb85","local_time":"20190511225315","daily_mods":["SealedDeck","Heirloom","Time Dilation","Flight"],"is_ascension_mode":false,"campfire_choices":[{"floor":6,"key":"REST"},{"data":"Infinite Blades","floor":7,"key":"SMITH"},{"data":"Accuracy","floor":8,"key":"SMITH"},{"data":"Cloak And Dagger","floor":11,"key":"SMITH"},{"data":"Noxious Fumes","floor":13,"key":"SMITH"},{"data":"Bouncing Flask","floor":15,"key":"SMITH"},{"floor":29,"key":"REST"},{"floor":30,"key":"REST"},{"floor":32,"key":"REST"},{"floor":40,"key":"REST"},{"floor":42,"key":"REST"},{"data":"Dagger Spray","floor":44,"key":"PURGE"},{"floor":46,"key":"REST"},{"floor":49,"key":"REST"}],"neow_cost":"","seed_source_timestamp":2258408456022875,"circlet_count":0,"master_deck":["Blade Dance","PiercingWail","Finisher","Accuracy+1","Infinite Blades+1","Backflip+1","Backflip","Terror","Cloak And Dagger+1","Bouncing Flask+1","Noxious Fumes+1","Envenom","Finisher","Infinite Blades+1","Cloak And Dagger","Footwork","Blur+1","Footwork","Well Laid Plans","Blade Dance+1","Leg Sweep+1","PiercingWail","Cloak And Dagger","Infinite Blades"],"relics":["Ring of the Serpent","Du-Vu Doll","Strawberry","Potion Belt","Fusion Hammer","Pen Nib","Omamori","Vajra","Ice Cream","Peace Pipe","Blue Candle","Calipers"],"potions_floor_usage":[18,48,50,50,50,50,50],"damage_taken":[{"damage":2,"enemies":"Jaw Worm","floor":1,"turns":3},{"damage":0,"enemies":"Cultist","floor":4,"turns":2},{"damage":1,"enemies":"2 Louse","floor":5,"turns":2},{"damage":5,"enemies":"Red Slaver","floor":14,"turns":2},{"damage":12,"enemies":"Hexaghost","floor":16,"turns":4},{"damage":0,"enemies":"Chosen","floor":18,"turns":3},{"damage":2,"enemies":"Shell Parasite","floor":21,"turns":2},{"damage":1,"enemies":"3 Cultists","floor":23,"turns":3},{"damage":4,"enemies":"Cultist and Chosen","floor":24,"turns":4},{"damage":11,"enemies":"Sentry and Sphere","floor":25,"turns":5},{"damage":33,"enemies":"Gremlin Leader","floor":27,"turns":4},{"damage":17,"enemies":"Centurion and Healer","floor":31,"turns":3},{"damage":16,"enemies":"Champ","floor":33,"turns":5},{"damage":9,"enemies":"3 Shapes","floor":35,"turns":4},{"damage":4,"enemies":"Orb Walker","floor":36,"turns":2},{"damage":20,"enemies":"3 Darklings","floor":38,"turns":3},{"damage":0,"enemies":"Mind Bloom Boss Battle","floor":39,"turns":2},{"damage":20,"enemies":"Giant Head","floor":41,"turns":6},{"damage":10,"enemies":"Spire Growth","floor":47,"turns":2},{"damage":13,"enemies":"Jaw Worm Horde","floor":48,"turns":4},{"damage":43,"enemies":"Awakened One","floor":50,"turns":7}],"seed_played":"-1064529428829471877","potions_obtained":[{"floor":4,"key":"LiquidBronze"},{"floor":5,"key":"EntropicBrew"},{"floor":31,"key":"Block Potion"},{"floor":48,"key":"PowerPotion"}],"is_trial":true,"path_per_floor":["M","?","?","M","M","R","R","R","T","?","R","$","R","M","R","B",null,"M","?","?","M","$","M","M","M","T","E","$","R","R","M","R","B",null,"M","M","?","M","?","R","E","R","T","R","$","R","M","M","R","B",null],"character_chosen":"THE_SILENT","items_purchased":["Potion Belt","Noxious Fumes","Footwork","Pen Nib","Infinite Blades","Calipers"],"campfire_rested":8,"item_purchase_floors":[12,12,22,22,45,45],"current_hp_per_floor":[68,54,47,47,46,67,67,67,74,77,77,77,77,72,72,60,77,77,77,77,75,75,74,70,59,59,26,26,49,72,55,77,61,77,68,64,64,44,44,67,47,70,70,70,70,77,67,54,77,34],"gold":60,"neow_bonus":"","is_prod":false,"is_daily":false,"chose_seed":false,"campfire_upgraded":5,"win_rate":0,"timestamp":1557571995,"path_taken":["M","?","?","M","?","R","R","R","T","?","R","$","R","M","R","BOSS","M","?","?","M","$","?","M","M","T","E","$","R","R","M","R","BOSS","M","M","?","?","?","R","E","R","T","R","?","R","M","M","R","BOSS"],"build_version":"2019-01-23","purchased_purges":1,"victory":true,"max_hp_per_floor":[70,70,70,70,70,70,70,70,77,77,77,77,77,77,77,77,77,77,77,77,77,77,77,77,77,77,77,77,77,77,77,77,77,77,77,77,77,77,77,77,77,77,77,77,77,77,77,77,77,77],"card_choices":[{"not_picked":["Deadly Poison","Bane"],"picked":"Terror","floor":1},{"not_picked":["Underhanded Strike","Dodge and Roll"],"picked":"Cloak And Dagger","floor":4},{"not_picked":["Setup","Concentrate"],"picked":"Bouncing Flask","floor":5},{"not_picked":["Deflect","Bane","Dagger Throw"],"picked":"SKIP","floor":14},{"not_picked":["Venomology","After Image"],"picked":"Envenom","floor":16},{"not_picked":["Expertise","Underhanded Strike"],"picked":"Finisher","floor":18},{"not_picked":["Slice+1","Deadly Poison"],"picked":"Cloak And Dagger","floor":21},{"not_picked":["Noxious Fumes","Deadly Poison+1"],"picked":"Blur+1","floor":23},{"not_picked":["Poisoned Stab+1","Crippling Poison+1"],"picked":"Footwork","floor":24},{"not_picked":["Bane","Dagger Throw+1"],"picked":"Well Laid Plans","floor":25},{"not_picked":["Phantasmal Killer","Distraction","Caltrops"],"picked":"SKIP","floor":27},{"not_picked":["Slice","Tactician"],"picked":"Blade Dance+1","floor":31},{"not_picked":["Sucker Punch+1","Acrobatics","Predator+1"],"picked":"SKIP","floor":35},{"not_picked":["Outmaneuver+1","Footwork"],"picked":"Leg Sweep+1","floor":36},{"not_picked":["Deadly Poison","Malaise"],"picked":"PiercingWail","floor":38},{"not_picked":["Dagger Spray+1","Blade Dance+1"],"picked":"Cloak And Dagger","floor":39},{"not_picked":["Endless Agony+1","Malaise","Predator"],"picked":"SKIP","floor":41},{"not_picked":["Eviscerate","Flying Knee+1","Quick Slash"],"picked":"SKIP","floor":47},{"not_picked":["Outmaneuver+1","Poisoned Stab","Riddle With Holes"],"picked":"SKIP","floor":48}],"player_experience":227559,"relics_obtained":[{"floor":9,"key":"Strawberry"},{"floor":26,"key":"Omamori"},{"floor":27,"key":"Vajra"},{"floor":39,"key":"Ice Cream"},{"floor":41,"key":"Peace Pipe"},{"floor":43,"key":"Blue Candle"}],"event_choices":[{"damage_healed":0,"gold_gain":0,"player_choice":"Entered Light","damage_taken":14,"max_hp_gain":0,"max_hp_loss":0,"event_name":"Shining Light","floor":2,"gold_loss":0,"cards_upgraded":["Caltrops","Backflip"]},{"damage_healed":0,"gold_gain":75,"player_choice":"Touch","damage_taken":7,"max_hp_gain":0,"max_hp_loss":0,"event_name":"FaceTrader","floor":3,"gold_loss":0},{"cards_removed":["PiercingWail"],"damage_healed":5,"gold_gain":0,"player_choice":"Offered Common","damage_taken":0,"max_hp_gain":0,"max_hp_loss":0,"event_name":"Bonfire Elementals","floor":10,"gold_loss":0},{"cards_removed":["PiercingWail"],"damage_healed":5,"gold_gain":0,"player_choice":"Offered Special","damage_taken":0,"max_hp_gain":0,"max_hp_loss":0,"event_name":"Bonfire Elementals","floor":10,"gold_loss":0},{"damage_healed":0,"gold_gain":99,"player_choice":"Stole From Cult","damage_taken":0,"max_hp_gain":0,"max_hp_loss":0,"event_name":"Nest","floor":19,"gold_loss":0},{"damage_healed":0,"gold_gain":0,"player_choice":"Copied","damage_taken":0,"max_hp_gain":0,"max_hp_loss":0,"event_name":"Duplicator","floor":20,"gold_loss":0,"cards_obtained":["Infinite Blades"]},{"damage_healed":0,"gold_gain":0,"player_choice":"Bought 0 Potions","damage_taken":0,"max_hp_gain":0,"max_hp_loss":0,"event_name":"The Woman in Blue","floor":37,"gold_loss":0},{"damage_healed":0,"gold_gain":0,"player_choice":"Fight","damage_taken":0,"max_hp_gain":0,"max_hp_loss":0,"event_name":"MindBloom","floor":39,"gold_loss":0}],"is_beta":false,"boss_relics":[{"not_picked":["Sozu","Coffee Dripper"],"picked":"Fusion Hammer"},{"not_picked":["Velvet Choker","Runic Dome"],"picked":"Ring of the Serpent"}],"items_purged_floors":[45],"is_endless":false,"potions_floor_spawned":[4,5,24,31,47,48],"ascension_level":0}