{"gold_per_floor":[109,109,109,12,23,51,51,81,81,81,93,93,93,103,103,199,199,213,225,225,83,101],"floor_reached":22,"playtime":670,"items_purged":["Strike_B"],"score":274,"play_id":"380f58a0-0790-4af5-8b54-e0f9f84a695d","local_time":"20181208040038","is_ascension_mode":true,"campfire_choices":[{"data":"Zap","floor":7,"key":"SMITH"},{"data":"Dualcast","floor":10,"key":"SMITH"},{"data":"Ball Lightning","floor":12,"key":"SMITH"},{"floor":15,"key":"REST"}],"neow_cost":"NONE","seed_source_timestamp":1989373358220646,"circlet_count":0,"master_deck":["Strike_B+1","Strike_B","Defend_B","Defend_B","Defend_B","Defend_B","Zap+1","Dualcast+1","Hello World","Auto Shields","Hologram+1","Auto Shields","Ball Lightning+1","Consume","Electrodynamics+1","Tempest","FTL","Lockon","Defragment+1"],"relics":["Cracked Core","NeowsBlessing","Shuriken","Bag of Preparation","Frozen Egg 2","Vajra","Eternal Feather"],"potions_floor_usage":[16],"damage_taken":[{"damage":0,"enemies":"Jaw Worm","floor":1,"turns":1},{"damage":0,"enemies":"2 Louse","floor":5,"turns":1},{"damage":0,"enemies":"3 Sentries","floor":6,"turns":2},{"damage":30,"enemies":"Lagavulin","floor":8,"turns":6},{"damage":0,"enemies":"Cultist","floor":11,"turns":2},{"damage":0,"enemies":"2 Fungi Beasts","floor":14,"turns":3},{"damage":15,"enemies":"Hexaghost","floor":16,"turns":7},{"damage":23,"enemies":"2 Thieves","floor":18,"turns":3},{"damage":17,"enemies":"Spheric Guardian","floor":19,"turns":4},{"damage":22,"enemies":"Snake Plant","floor":22,"turns":4}],"seed_played":"2264326625719386776","potions_obtained":[{"floor":1,"key":"Dexterity Potion"},{"floor":8,"key":"FearPotion"},{"floor":14,"key":"AttackPotion"},{"floor":16,"key":"AttackPotion"},{"floor":18,"key":"SteroidPotion"},{"floor":19,"key":"Explosive Potion"}],"is_trial":false,"path_per_floor":["M","?","?","$","M","E","R","E","T","R","M","R","?","M","R","B",null,"M","M","?","$","M"],"character_chosen":"DEFECT","items_purchased":["Auto Shields","Hologram","Defragment+1"],"campfire_rested":1,"item_purchase_floors":[4,4,21],"current_hp_per_floor":[75,80,80,80,80,80,80,50,50,50,50,50,34,34,58,43,71,48,31,31,31,9],"gold":101,"neow_bonus":"THREE_ENEMY_KILL","is_prod":false,"is_daily":false,"chose_seed":false,"campfire_upgraded":3,"win_rate":0,"timestamp":1544209238,"path_taken":["M","?","?","$","M","E","R","E","T","R","?","R","?","M","R","BOSS","M","M","?","$","M"],"build_version":"2018-12-06","purchased_purges":1,"victory":false,"max_hp_per_floor":[75,80,80,80,80,80,80,80,80,80,80,80,80,80,80,80,80,80,80,80,80,80],"card_choices":[{"not_picked":["Skim","Cold Snap"],"picked":"Hello World","floor":1},{"not_picked":["Darkness","Streamline"],"picked":"Auto Shields","floor":5},{"not_picked":["Beam Cell","Heatsinks","Lockon"],"picked":"SKIP","floor":6},{"not_picked":["Barrage","Beam Cell","Coolheaded"],"picked":"SKIP","floor":8},{"not_picked":["Coolheaded","Streamline"],"picked":"Ball Lightning","floor":11},{"not_picked":["Aggregate","Beam Cell"],"picked":"Consume","floor":14},{"not_picked":["Echo Form+1","Rainbow"],"picked":"Electrodynamics+1","floor":16},{"not_picked":["Turbo+1","Coolheaded"],"picked":"Tempest","floor":18},{"not_picked":["Streamline","Scrape"],"picked":"FTL","floor":19}],"player_experience":508683,"relics_obtained":[{"floor":6,"key":"Bag of Preparation"},{"floor":8,"key":"Frozen Egg 2"},{"floor":9,"key":"Vajra"}],"event_choices":[{"damage_healed":0,"gold_gain":0,"player_choice":"Donut","damage_taken":0,"max_hp_gain":5,"max_hp_loss":0,"event_name":"Big Fish","floor":2,"gold_loss":0},{"damage_healed":0,"gold_gain":0,"player_choice":"Gave Potion","damage_taken":0,"relics_obtained":["Shuriken"],"max_hp_gain":0,"max_hp_loss":0,"event_name":"WeMeetAgain","floor":3,"gold_loss":0},{"damage_healed":0,"gold_gain":0,"player_choice":"Entered Light","damage_taken":16,"max_hp_gain":0,"max_hp_loss":0,"event_name":"Shining Light","floor":13,"gold_loss":0,"cards_upgraded":["Strike_B","Hologram"]},{"damage_healed":0,"gold_gain":0,"cards_transformed":["Strike_B"],"player_choice":"Transformed","damage_taken":0,"max_hp_gain":0,"max_hp_loss":0,"event_name":"Transmorgrifier","floor":20,"gold_loss":0,"cards_obtained":["Lockon"]}],"is_beta":false,"boss_relics":[{"not_picked":["Philosopher\u0027s Stone","Busted Crown"],"picked":"Eternal Feather"}],"items_purged_floors":[21],"is_endless":false,"potions_floor_spawned":[1,8,14,16,18,19],"killed_by":"Snake Plant","ascension_level":5}