{"gold_per_floor":[119,130,141,156,171,171,96,108,108,120,120,70,98,113,113,217,217,229,144,144,159,189,189,189],"floor_reached":24,"playtime":1952,"items_purged":["Defend_R"],"score":200,"play_id":"86d71622-ef01-4592-94d2-4b9c45826a15","local_time":"20180707212627","is_ascension_mode":false,"campfire_choices":[{"data":"Armaments","floor":6,"key":"SMITH"},{"data":"Shrug It Off","floor":11,"key":"SMITH"},{"data":"1","floor":15,"key":"LIFT"},{"floor":23,"key":"REST"}],"neow_cost":"NONE","seed_source_timestamp":85668726035494,"circlet_count":0,"master_deck":["Strike_R","Strike_R","Strike_R","Strike_R","Strike_R","Defend_R","Defend_R","Bash","Armaments+1","Power Through","Ghostly Armor","Shrug It Off+1","Body Slam","Feed","Body Slam","Warcry","Warcry"],"relics":["Burning Blood","Blood Vial","Girya","Ancient Tea Set","Runic Cube","Kunai","Enchiridion","Red Mask"],"potions_floor_usage":[16,22,22,22],"damage_taken":[{"damage":12,"enemies":"Small Slimes","floor":1,"turns":4},{"damage":2,"enemies":"Jaw Worm","floor":2,"turns":5},{"damage":8,"enemies":"2 Louse","floor":3,"turns":3},{"damage":23,"enemies":"Lots of Slimes","floor":4,"turns":6},{"damage":16,"enemies":"Large Slime","floor":5,"turns":10},{"damage":0,"enemies":"Looter","floor":8,"turns":4},{"damage":1,"enemies":"2 Fungi Beasts","floor":10,"turns":4},{"damage":19,"enemies":"3 Sentries","floor":13,"turns":11},{"damage":3,"enemies":"3 Louse","floor":14,"turns":5},{"damage":42,"enemies":"The Guardian","floor":16,"turns":13},{"damage":3,"enemies":"Spheric Guardian","floor":18,"turns":6},{"damage":7,"enemies":"Shell Parasite","floor":21,"turns":7},{"damage":35,"floor":22,"turns":6},{"damage":73,"enemies":"Gremlin Leader","floor":24,"turns":5}],"seed_played":"-1215443131767817309","potions_obtained":[{"floor":8,"key":"SteroidPotion"},{"floor":14,"key":"BloodPotion"},{"floor":16,"key":"Explosive Potion"},{"floor":21,"key":"SteroidPotion"}],"is_trial":false,"path_per_floor":["M","M","M","M","M","R","$","M","T","M","R","?","E","M","R","B",null,"M","?","?","M","?","R"],"character_chosen":"IRONCLAD","items_purchased":[],"campfire_rested":1,"item_purchase_floors":[],"current_hp_per_floor":[74,80,78,63,55,55,55,63,63,70,70,70,59,64,64,38,80,84,84,68,69,45,71,0],"gold":189,"neow_bonus":"RANDOM_COMMON_RELIC","is_prod":false,"is_daily":false,"chose_seed":false,"campfire_upgraded":2,"win_rate":0.0,"timestamp":1530966387,"path_taken":["M","M","M","M","M","R","$","M","T","M","R","?","E","M","R","BOSS","M","?","?","M","?","R","E"],"build_version":"2018-07-05","purchased_purges":1,"victory":false,"max_hp_per_floor":[80,80,80,80,80,80,80,80,80,80,80,80,80,80,80,80,80,84,84,84,84,87,87,87],"card_choices":[{"not_picked":["Anger","Clothesline"],"picked":"Armaments","floor":1},{"not_picked":["Hemokinesis","Searing Blow","Shockwave"],"picked":"SKIP","floor":2},{"not_picked":["Infernal Blade","True Grit"],"picked":"Power Through","floor":3},{"not_picked":["Uppercut","Spot Weakness"],"picked":"Ghostly Armor","floor":4},{"not_picked":["Heavy Blade","Burning Pact"],"picked":"Shrug It Off","floor":5},{"not_picked":["Power Through","Iron Wave","Infernal Blade"],"picked":"SKIP","floor":8},{"not_picked":["Flex","Anger","Iron Wave"],"picked":"SKIP","floor":10},{"not_picked":["Clothesline","Anger"],"picked":"Body Slam","floor":13},{"not_picked":["Heavy Blade","Thunderclap","Perfected Strike"],"picked":"SKIP","floor":14},{"not_picked":["Dark Embrace","Brutality"],"picked":"Feed","floor":16},{"not_picked":["Flex","Reckless Charge"],"picked":"Body Slam","floor":18},{"not_picked":["Clash","Armaments"],"picked":"Warcry","floor":21},{"not_picked":["Twin Strike","True Grit"],"picked":"Warcry","floor":22}],"player_experience":54489,"relics_obtained":[{"floor":9,"key":"Girya"},{"floor":13,"key":"Ancient Tea Set"},{"floor":20,"key":"Enchiridion"},{"floor":22,"key":"Red Mask"}],"event_choices":[{"event_name":"The Cleric","player_choice":"Card Removal","floor":12,"damage_taken":0},{"event_name":"Addict","player_choice":"Obtained Relic","floor":19,"damage_taken":0},{"event_name":"Cursed Tome","player_choice":"Obtained Book","floor":20,"damage_taken":0},{"event_name":"Masked Bandits","player_choice":"Fought over 159 gold","floor":22,"damage_taken":0}],"boss_relics":[{"not_picked":["Philosopher\u0027s Stone","Cursed Key"],"picked":"Runic Cube"}],"items_purged_floors":[7],"is_endless":false,"potions_floor_spawned":[8,14,16,21],"killed_by":"Gremlin Leader","ascension_level":0}