{"gold_per_floor":[118,193,205,63,13,13,72,72,72,89,89,108,190,207,207,308,308,319,319,339,149,168,179,194,194,217,217,234,91,118,61,61,164,164,180,190,18,36,0,33,33,51,51,51],"floor_reached":44,"playtime":1639,"items_purged":["Strike_B","Strike_B"],"score":485,"play_id":"b390f8c9-acba-4b75-8d70-62499ad3bff6","local_time":"20190129192459","is_ascension_mode":false,"campfire_choices":[{"data":"Zap","floor":6.0,"key":"SMITH"},{"data":"Dualcast","floor":8.0,"key":"SMITH"},{"data":"Redo","floor":11.0,"key":"SMITH"},{"data":"Core Surge","floor":15.0,"key":"SMITH"},{"data":"Seek","floor":25.0,"key":"SMITH"},{"data":"Electrodynamics","floor":27.0,"key":"SMITH"},{"data":"Consume","floor":32.0,"key":"SMITH"},{"floor":41,"key":"REST"}],"neow_cost":"NONE","seed_source_timestamp":26298974768688,"circlet_count":0,"master_deck":["Strike_B","Defend_B","Defend_B","Defend_B","Defend_B","Zap+1","Dualcast+1","Hologram","Melter+1","Core Surge+1","Redo+1","Leap","FTL+1","Electrodynamics+1","Conserve Battery","Hologram+1","Seek+1","Steam+1","Sweeping Beam+1","All For One","Conserve Battery","Static Discharge","Consume+1","Capacitor","Core Surge","Ball Lightning+1","White Noise","Conserve Battery","Doom and Gloom+1","Leap+1","Go for the Eyes+1","Echo Form","Defragment","Capacitor","Ball Lightning+1"],"special_seed":0,"relics":["Cracked Core","Bag of Marbles","Tiny Chest","Pantograph","The Courier","Sozu","Pear","Orichalcum","Ginger","Orrery","Red Mask","Whetstone"],"potions_floor_usage":[],"damage_taken":[{"damage":0.0,"enemies":"Cultist","floor":1.0,"turns":3.0},{"damage":1.0,"enemies":"Jaw Worm","floor":3.0,"turns":3.0},{"damage":23.0,"enemies":"Lagavulin","floor":7.0,"turns":6.0},{"damage":0.0,"enemies":"2 Louse","floor":10.0,"turns":2.0},{"damage":1.0,"enemies":"Exordium Thugs","floor":12.0,"turns":4.0},{"damage":0.0,"enemies":"Large Slime","floor":14.0,"turns":3.0},{"damage":31.0,"enemies":"Slime Boss","floor":16.0,"turns":9.0},{"damage":0.0,"enemies":"3 Byrds","floor":18.0,"turns":2.0},{"damage":0.0,"enemies":"Chosen","floor":20.0,"turns":4.0},{"damage":0.0,"enemies":"Centurion and Healer","floor":22.0,"turns":4.0},{"damage":0.0,"enemies":"Snake Plant","floor":23.0,"turns":3.0},{"damage":3.0,"enemies":"Snecko","floor":24.0,"turns":3.0},{"damage":0.0,"enemies":"3 Cultists","floor":28.0,"turns":3.0},{"damage":12.0,"enemies":"Slavers","floor":30.0,"turns":3.0},{"damage":34.0,"enemies":"Automaton","floor":33.0,"turns":7.0},{"damage":10.0,"enemies":"Orb Walker","floor":35.0,"turns":4.0},{"damage":12.0,"enemies":"3 Darklings","floor":36.0,"turns":4.0},{"damage":16,"enemies":"4 Shapes","floor":38,"turns":3},{"damage":26,"enemies":"Reptomancer","floor":40,"turns":4},{"damage":14,"enemies":"Spire Growth","floor":42,"turns":5},{"damage":43,"enemies":"Giant Head","floor":44,"turns":6}],"seed_played":"7798171047432404598","potions_obtained":[{"floor":7.0,"key":"GamblersBrew"},{"floor":10.0,"key":"GamblersBrew"},{"floor":12.0,"key":"SteroidPotion"}],"is_trial":false,"path_per_floor":["M","?","M","$","?","R","E","R","T","M","R","M","T","M","R","B",null,"M","?","M","$","M","M","M","R","T","R","M","$","E","$","R","B",null,"M","M","$","M","?","E","R","M","T","E"],"character_chosen":"DEFECT","items_purchased":["Core Surge","Seek","Static Discharge","Capacitor","Echo Form","Defragment"],"campfire_rested":1,"item_purchase_floors":[4,21,29,31,37,37],"current_hp_per_floor":[75,64,63,63,63,63,40,40,40,40,40,39,39,39,39,33,75,75,85,85,85,85,85,82,82,82,82,82,82,70,70,70,51,85,75,63,63,47,47,21,46,32,32,0],"gold":51,"neow_bonus":"RANDOM_COMMON_RELIC","is_prod":false,"is_daily":false,"chose_seed":false,"campfire_upgraded":7,"win_rate":0,"timestamp":1548757499,"path_taken":["M","?","M","$","?","R","E","R","T","M","R","M","?","?","R","BOSS","M","?","M","$","M","M","?","R","T","R","M","$","E","?","R","BOSS","M","M","$","M","?","E","R","M","T","E"],"build_version":"2019-01-23","purchased_purges":2,"victory":false,"max_hp_per_floor":[75,75,75,75,75,75,75,75,75,75,75,75,75,75,75,75,75,75,85,85,85,85,85,85,85,85,85,85,85,85,85,85,85,85,85,85,85,85,85,85,85,85,85,85],"card_choices":[{"not_picked":["Cold Snap","Sweeping Beam"],"picked":"Hologram","floor":1.0},{"not_picked":["Steam","Chill"],"picked":"Melter","floor":3.0},{"not_picked":["Darkness","Stack"],"picked":"Redo","floor":7.0},{"not_picked":["Go for the Eyes","Barrage"],"picked":"Leap","floor":10.0},{"not_picked":["Coolheaded","Turbo","Fission"],"picked":"SKIP","floor":12.0},{"not_picked":["Streamline","Force Field"],"picked":"FTL","floor":14.0},{"not_picked":["Amplify","Multi-Cast"],"picked":"Electrodynamics","floor":16.0},{"not_picked":["Stack","Force Field"],"picked":"Conserve Battery","floor":18.0},{"not_picked":["Stack","Chaos"],"picked":"Hologram+1","floor":20.0},{"not_picked":["Gash","Compile Driver"],"picked":"Steam+1","floor":22.0},{"not_picked":["Reinforced Body","Streamline"],"picked":"Sweeping Beam+1","floor":23.0},{"not_picked":["Conserve Battery","Reprogram"],"picked":"All For One","floor":24.0},{"not_picked":["Hello World","Rip and Tear+1"],"picked":"Conserve Battery","floor":28.0},{"not_picked":["Steam","Beam Cell+1"],"picked":"Consume","floor":30.0},{"not_picked":["All For One","Seek"],"picked":"Core Surge","floor":33.0},{"not_picked":["Lockon","Rebound+1"],"picked":"Ball Lightning+1","floor":34.0},{"not_picked":["Steam","Genetic Algorithm"],"picked":"White Noise","floor":34.0},{"not_picked":["FTL","Gash"],"picked":"Conserve Battery","floor":34.0},{"not_picked":["Rebound","Leap+1"],"picked":"Doom and Gloom+1","floor":34.0},{"not_picked":["Rebound","Steam"],"picked":"Leap+1","floor":34.0},{"not_picked":["Gash+1","Multi-Cast","Turbo+1"],"picked":"SKIP","floor":35.0},{"not_picked":["Melter+1","Conserve Battery"],"picked":"Go for the Eyes+1","floor":36.0},{"not_picked":["Force Field+1","Cold Snap+1"],"picked":"Capacitor","floor":38},{"not_picked":["Compile Driver+1","Steam Power+1","Static Discharge"],"picked":"SKIP","floor":40},{"not_picked":["Heatsinks","Aggregate+1"],"picked":"Ball Lightning+1","floor":42}],"player_experience":563846,"relics_obtained":[{"floor":7.0,"key":"Tiny Chest"},{"floor":9.0,"key":"Pantograph"},{"floor":13.0,"key":"The Courier"},{"floor":26.0,"key":"Orichalcum"},{"floor":30.0,"key":"Ginger"},{"floor":40,"key":"Whetstone"}],"event_choices":[{"damage_healed":0.0,"max_hp_gain":0.0,"max_hp_loss":0.0,"gold_gain":75.0,"event_name":"World of Goop","player_choice":"Gather Gold","floor":2.0,"gold_loss":0.0,"damage_taken":11.0},{"cards_removed":["Strike_B"],"damage_healed":0.0,"max_hp_gain":0.0,"max_hp_loss":0.0,"gold_gain":0.0,"event_name":"The Cleric","player_choice":"Card Removal","floor":5.0,"gold_loss":50.0,"damage_taken":0.0},{"damage_healed":0.0,"max_hp_gain":0.0,"max_hp_loss":0.0,"gold_gain":0.0,"event_name":"WeMeetAgain","player_choice":"Gave Potion","floor":19.0,"gold_loss":0.0,"damage_taken":0.0,"relics_obtained":["Pear"]},{"damage_healed":0,"gold_gain":0,"player_choice":"Paid","damage_taken":0,"relics_obtained":["Red Mask"],"max_hp_gain":0,"max_hp_loss":0,"event_name":"Tomb of Lord Red Mask","floor":39,"gold_loss":36}],"is_beta":false,"boss_relics":[{"not_picked":["Runic Dome","Eternal Feather"],"picked":"Sozu"},{"not_picked":["White Beast Statue","Calling Bell"],"picked":"Orrery"}],"items_purged_floors":[21,29],"is_endless":false,"potions_floor_spawned":[7,10,12,18,22,36,40,42],"killed_by":"Giant Head","ascension_level":0}