{"gold_per_floor":[212,231,231,231,306,306,316,351,377,377,41,70,70,97,97,194,194,213,213,228,52,52,52,69,69,121,150,150,176,191,206,206,303,303,317,317,217,0,18,18,46,59,59,59,134,162,175,175,175,175],"floor_reached":51,"playtime":3491,"items_purged":["Defend_R","Normality"],"score":821,"play_id":"de844753-1e6a-44a6-947e-dc8a20e3a16e","local_time":"20180829224943","is_ascension_mode":true,"campfire_choices":[{"data":"Pommel Strike","floor":6,"key":"SMITH"},{"floor":10,"key":"REST"},{"data":"Apotheosis","floor":13,"key":"SMITH"},{"data":"Warcry","floor":15,"key":"SMITH"},{"data":"Shrug It Off","floor":23,"key":"SMITH"},{"data":"Whirlwind","floor":25,"key":"SMITH"},{"data":"Juggernaut","floor":28,"key":"SMITH"},{"data":"Body Slam","floor":32,"key":"SMITH"},{"data":"Rage","floor":40,"key":"SMITH"},{"data":"Shrug It Off","floor":44,"key":"SMITH"},{"floor":49,"key":"REST"}],"neow_cost":"NONE","seed_source_timestamp":874004330199822,"circlet_count":0,"master_deck":["Strike_R","Strike_R","Strike_R+1","Strike_R+1","Defend_R","Defend_R","Defend_R","Bash","Pommel Strike+1","Warcry+1","Shrug It Off","Apotheosis+1","Shrug It Off+1","Evolve","Shrug It Off+1","Perfected Strike","Juggernaut+1","Rage+1","Body Slam+1","Power Through+1","Infernal Blade+1"],"relics":["Burning Blood","Pantograph","Mercury Hourglass","Blood Vial","Pen Nib","Whetstone","Mark of Pain","Unceasing Top","Thread and Needle","Oddly Smooth Stone","Omamori","Art of War","Eternal Feather","Red Mask","Mummified Hand","Blue Candle","Pear","The Courier"],"potions_floor_usage":[8,12,24,33,46,50],"damage_taken":[{"damage":1,"enemies":"Cultist","floor":1,"turns":4},{"damage":3,"enemies":"Small Slimes","floor":2,"turns":4},{"damage":6,"enemies":"Jaw Worm","floor":7,"turns":3},{"damage":32,"enemies":"3 Sentries","floor":8,"turns":12},{"damage":4,"enemies":"Lagavulin","floor":12,"turns":7},{"damage":4,"enemies":"3 Sentries","floor":14,"turns":6},{"damage":15,"enemies":"The Guardian","floor":16,"turns":12},{"damage":0,"enemies":"3 Byrds","floor":18,"turns":3},{"damage":2,"enemies":"Chosen","floor":20,"turns":4},{"damage":0,"enemies":"Centurion and Healer","floor":24,"turns":4},{"damage":8,"enemies":"Book of Stabbing","floor":27,"turns":6},{"damage":0,"enemies":"Gremlin Leader","floor":29,"turns":4},{"damage":8,"enemies":"Snake Plant","floor":30,"turns":3},{"damage":2,"enemies":"3 Cultists","floor":31,"turns":4},{"damage":20,"enemies":"Automaton","floor":33,"turns":9},{"damage":13,"enemies":"Flame Bruiser 1 Orb","floor":35,"turns":4},{"damage":0,"enemies":"3 Shapes","floor":39,"turns":3},{"damage":37,"enemies":"2 Orb Walkers","floor":41,"turns":5},{"damage":0,"enemies":"Transient","floor":42,"turns":5},{"damage":44,"enemies":"Nemesis","floor":46,"turns":5},{"damage":8,"enemies":"Maw","floor":47,"turns":6},{"damage":36,"enemies":"Donu and Deca","floor":50,"turns":10}],"seed_played":"6535499589547706","potions_obtained":[{"floor":1,"key":"Energy Potion"},{"floor":7,"key":"EssenceOfSteel"},{"floor":8,"key":"SmokeBomb"},{"floor":18,"key":"Energy Potion"},{"floor":27,"key":"EssenceOfSteel"},{"floor":31,"key":"Energy Potion"},{"floor":35,"key":"FairyPotion"},{"floor":41,"key":"Fruit Juice"}],"is_trial":false,"path_per_floor":["M","M","?","T","?","R","M","E","T","R","$","E","R","E","R","B",null,"M","T","M","$","?","R","M","R","T","E","R","E","M","M","R","B",null,"M","?","$","?","M","R","E","M","T","R","T","E","M","?","R","B"],"character_chosen":"IRONCLAD","items_purchased":["Apotheosis","Whirlwind","Shrug It Off","Evolve","Shrug It Off"],"campfire_rested":2,"item_purchase_floors":[11,11,11,21,21],"current_hp_per_floor":[80,80,73,73,62,62,62,36,36,60,60,64,64,68,68,71,80,80,80,80,80,80,80,80,80,80,78,78,80,78,80,80,66,80,73,73,73,73,80,80,49,57,57,69,79,48,48,48,88,65],"gold":175,"neow_bonus":"HUNDRED_GOLD","is_prod":false,"is_daily":false,"chose_seed":false,"campfire_upgraded":9,"win_rate":0,"timestamp":1535550583,"path_taken":["M","?","?","?","?","R","?","E","T","R","$","E","R","E","R","BOSS","M","?","?","$","?","R","M","R","T","E","R","E","M","?","R","BOSS","M","?","?","?","M","R","E","M","T","R","?","E","M","?","R","BOSS"],"build_version":"2018-08-23v2","purchased_purges":2,"victory":true,"max_hp_per_floor":[80,80,80,80,80,80,80,80,80,80,80,80,80,80,80,80,80,80,80,80,80,80,80,80,80,80,80,80,80,80,80,80,80,80,80,80,80,80,80,80,80,80,80,80,90,95,95,95,95,95],"card_choices":[{"not_picked":["Uppercut","Metallicize","Blood for Blood"],"picked":"SKIP","floor":1},{"not_picked":["Dropkick","Wild Strike"],"picked":"Pommel Strike","floor":2},{"not_picked":["Burning Pact","Clothesline"],"picked":"Warcry","floor":7},{"not_picked":["Headbutt","Flex"],"picked":"Shrug It Off","floor":8},{"not_picked":["Iron Wave","Burning Pact","Cleave"],"picked":"SKIP","floor":12},{"not_picked":["Fiend Fire","Headbutt","Heavy Blade"],"picked":"SKIP","floor":14},{"not_picked":["True Grit","Havoc","Heavy Blade"],"picked":"SKIP","floor":18},{"not_picked":["Iron Wave+1","Flame Barrier","Disarm"],"picked":"SKIP","floor":20},{"not_picked":["Armaments","Havoc"],"picked":"Perfected Strike","floor":24},{"not_picked":["Searing Blow+1","Clash+1"],"picked":"Juggernaut","floor":27},{"not_picked":["Shrug It Off+1","Rupture"],"picked":"Rage","floor":29},{"not_picked":["Clash","Armaments+1"],"picked":"Body Slam","floor":30},{"not_picked":["Iron Wave","Limit Break","Sever Soul"],"picked":"SKIP","floor":31},{"not_picked":["Searing Blow","Sentinel+1"],"picked":"Power Through+1","floor":35},{"not_picked":["Armaments+1","Headbutt","Iron Wave+1"],"picked":"SKIP","floor":39},{"not_picked":["Clash","Berserk","Clothesline"],"picked":"SKIP","floor":41},{"not_picked":["Flex","Perfected Strike","Whirlwind+1"],"picked":"SKIP","floor":42},{"not_picked":["Perfected Strike+1","Reaper"],"picked":"Infernal Blade+1","floor":46},{"not_picked":["Feel No Pain+1","Havoc+1","Corruption+1"],"picked":"SKIP","floor":47}],"player_experience":161990,"relics_obtained":[{"floor":4,"key":"Pantograph"},{"floor":8,"key":"Mercury Hourglass"},{"floor":9,"key":"Blood Vial"},{"floor":12,"key":"Pen Nib"},{"floor":14,"key":"Whetstone"},{"floor":19,"key":"Unceasing Top"},{"floor":26,"key":"Oddly Smooth Stone"},{"floor":27,"key":"Omamori"},{"floor":29,"key":"Art of War"},{"floor":41,"key":"Mummified Hand"},{"floor":43,"key":"Blue Candle"},{"floor":45,"key":"Pear"},{"floor":46,"key":"The Courier"}],"event_choices":[{"event_name":"Golden Wing","player_choice":"Card Removal","floor":3,"damage_taken":0},{"event_name":"World of Goop","player_choice":"Gather Gold","floor":5,"damage_taken":0},{"event_name":"Accursed Blacksmith","player_choice":"Rummage","floor":22,"damage_taken":0},{"event_name":"SecretPortal","player_choice":"Rejected Portal.","floor":36,"damage_taken":0},{"event_name":"Tomb of Lord Red Mask","player_choice":"Paid","floor":38,"damage_taken":0},{"event_name":"Falling","player_choice":"Removed Attack","floor":48,"damage_taken":0}],"is_beta":false,"boss_relics":[{"not_picked":["Velvet Choker","Fusion Hammer"],"picked":"Mark of Pain"},{"not_picked":["Astrolabe","Philosopher\u0027s Stone"],"picked":"Eternal Feather"}],"items_purged_floors":[21,37],"is_endless":false,"potions_floor_spawned":[1,7,8,18,27,31,35,41,42],"ascension_level":1}