{"gold_per_floor":[113,113,113,113,113,113,156,156,181,195,239,37,77,96,96,215,215],"floor_reached":17,"playtime":827,"items_purged":["Strike_R"],"score":197,"play_id":"8fd55ced-f7ba-4730-8cef-ee39430b359a","local_time":"20181013164939","is_ascension_mode":true,"campfire_choices":[{"data":"Reckless Charge","floor":6,"key":"SMITH"},{"floor":8,"key":"REST"},{"data":"True Grit","floor":15,"key":"SMITH"}],"neow_cost":"NONE","seed_source_timestamp":35107868193036,"circlet_count":0,"master_deck":["Strike_R","Strike_R+1","Strike_R+1","Defend_R","Defend_R","Defend_R","Defend_R","Bash+1","Reckless Charge+1","Spot Weakness","Feel No Pain","True Grit+1","Evolve","Fiend Fire"],"relics":["Burning Blood","Meat on the Bone","Golden Idol","Whetstone","Art of War","Boot","Juzu Bracelet","Lizard Tail"],"potions_floor_usage":[7,7,11,13,16],"damage_taken":[{"damage":0,"enemies":"2 Louse","floor":1,"turns":3},{"damage":25,"enemies":"Lagavulin","floor":7,"turns":5},{"damage":7,"enemies":"Jaw Worm","floor":10,"turns":3},{"damage":35,"enemies":"3 Sentries","floor":11,"turns":12},{"damage":20,"enemies":"Lagavulin","floor":13,"turns":4},{"damage":4,"enemies":"Small Slimes","floor":14,"turns":4},{"damage":34,"enemies":"Slime Boss","floor":16,"turns":8}],"seed_played":"-4299717779510956681","potions_obtained":[{"floor":4,"key":"Explosive Potion"},{"floor":4,"key":"PowerPotion"},{"floor":4,"key":"FairyPotion"},{"floor":7,"key":"GamblersBrew"},{"floor":11,"key":"AttackPotion"},{"floor":13,"key":"Energy Potion"},{"floor":14,"key":"Ancient Potion"},{"floor":16,"key":"Energy Potion"}],"is_trial":false,"path_per_floor":["M","?","?","?","?","R","E","R","T","M","E","$","E","M","R","B"],"character_chosen":"IRONCLAD","items_purchased":["Feel No Pain","True Grit"],"campfire_rested":1,"item_purchase_floors":[12,12],"current_hp_per_floor":[80,68,68,68,68,68,49,71,71,70,53,53,51,53,53,37,37],"gold":215,"neow_bonus":"UPGRADE_CARD","is_prod":false,"is_daily":false,"chose_seed":false,"campfire_upgraded":2,"win_rate":0,"timestamp":1539416979,"path_taken":["M","?","?","?","?","R","E","R","T","?","E","$","E","M","R","BOSS"],"build_version":"2018-10-11","purchased_purges":1,"victory":false,"max_hp_per_floor":[80,80,74,74,74,74,74,74,74,74,74,74,74,74,74,74,74],"card_choices":[{"not_picked":["Clothesline","Uppercut"],"picked":"Reckless Charge","floor":1},{"not_picked":["Warcry","Rage","Havoc"],"picked":"SKIP","floor":7},{"not_picked":["Sentinel","Clash","Anger"],"picked":"SKIP","floor":10},{"not_picked":["Sentinel","Sword Boomerang"],"picked":"Spot Weakness","floor":11},{"not_picked":["Havoc","Sentinel"],"picked":"Evolve","floor":13},{"not_picked":["True Grit","Entrench","Rupture"],"picked":"SKIP","floor":14},{"not_picked":["Bludgeon","Immolate"],"picked":"Fiend Fire","floor":16}],"player_experience":397798,"relics_obtained":[{"floor":7,"key":"Whetstone"},{"floor":9,"key":"Art of War"},{"floor":11,"key":"Boot"},{"floor":13,"key":"Juzu Bracelet"}],"event_choices":[{"event_name":"Scrap Ooze","player_choice":"success","floor":2,"damage_taken":12},{"event_name":"Golden Idol","player_choice":"Lose Max HP","floor":3,"damage_taken":0},{"event_name":"The Lab","player_choice":"Got Potions","floor":4,"damage_taken":0},{"event_name":"Purifier","player_choice":"One Purge","floor":5,"damage_taken":0}],"is_beta":false,"boss_relics":[{"not_picked":["Fusion Hammer","Runic Dome"],"picked":"Lizard Tail"}],"items_purged_floors":[12],"is_endless":false,"potions_floor_spawned":[7,11,13,14,16],"ascension_level":3}