{"gold_per_floor":[110,110,30,30,42,42,107,124,124,124,143,168,168,179,179,276,276,296,23,23,23,39,69,69,104,104,119,119,19,19,19,19,121,121,131,144,144,157,32,32,47,76,76,76,95,95,114,127,127,127],"floor_reached":51,"playtime":2981,"items_purged":["Defend_R","Writhe","Injury"],"score":710,"play_id":"b288138d-90bb-4dcd-ab16-552c7d8a66e8","local_time":"20180709003206","is_ascension_mode":false,"campfire_choices":[{"data":"Evolve","floor":6,"key":"SMITH"},{"data":"Armaments","floor":10,"key":"SMITH"},{"data":"Wild Strike","floor":15,"key":"SMITH"},{"data":"Perfected Strike","floor":24,"key":"SMITH"},{"data":"Wild Strike","floor":28,"key":"SMITH"},{"data":"Shrug It Off","floor":30,"key":"SMITH"},{"data":"Warcry","floor":32,"key":"SMITH"},{"data":"Demon Form","floor":40,"key":"SMITH"},{"floor":44,"key":"REST"},{"data":"Bash","floor":46,"key":"SMITH"},{"floor":49,"key":"REST"}],"neow_cost":"NONE","seed_source_timestamp":182159566559368,"circlet_count":0,"master_deck":["Strike_R","Strike_R","Strike_R","Strike_R","Defend_R","Defend_R","Defend_R","Bash+1","Wild Strike+1","Evolve+1","Wild Strike+1","Shrug It Off+1","Armaments+1","Shrug It Off+1","Perfected Strike+1","Warcry+1","Injury","Demon Form+1","Heavy Blade+1","Cleave+1","Injury","Infernal Blade+1","Limit Break"],"relics":["Black Blood","Ornamental Fan","Mummified Hand","Bronze Scales","Cursed Key","Happy Flower","Nloth\u0027s Gift","Tiny Chest","Singing Bowl","Bird Faced Urn","Dodecahedron","Ginger","Torii"],"potions_floor_usage":[33,33,33,45,50,50,50],"damage_taken":[{"damage":4,"enemies":"Jaw Worm","floor":1,"turns":5},{"damage":0,"enemies":"2 Louse","floor":5,"turns":2},{"damage":32,"enemies":"Lagavulin Event","floor":7,"turns":5},{"damage":2,"enemies":"Small Slimes","floor":8,"turns":3},{"damage":0,"enemies":"3 Louse","floor":11,"turns":3},{"damage":2,"enemies":"Blue Slaver","floor":14,"turns":4},{"damage":19,"enemies":"The Guardian","floor":16,"turns":12},{"damage":2,"enemies":"Shell Parasite","floor":18,"turns":6},{"damage":9,"enemies":"3 Byrds","floor":22,"turns":3},{"damage":15,"enemies":"Book of Stabbing","floor":25,"turns":6},{"damage":6,"enemies":"Snecko","floor":27,"turns":5},{"damage":60,"enemies":"Champ","floor":33,"turns":13},{"damage":16,"enemies":"Orb Walker","floor":35,"turns":3},{"damage":9,"enemies":"3 Shapes","floor":36,"turns":4},{"damage":27,"enemies":"Sphere and 2 Shapes","floor":38,"turns":6},{"damage":11,"enemies":"3 Darklings","floor":41,"turns":5},{"damage":56,"enemies":"Nemesis","floor":42,"turns":7},{"damage":21,"enemies":"Maw","floor":45,"turns":7},{"damage":12,"enemies":"Sphere and 2 Shapes","floor":47,"turns":4},{"damage":19,"enemies":"3 Darklings","floor":48,"turns":5},{"damage":72,"enemies":"Awakened One","floor":50,"turns":8}],"seed_played":"-7477839586674884784","potions_obtained":[{"floor":1,"key":"GamblersBrew"},{"floor":8,"key":"Dexterity Potion"},{"floor":14,"key":"AttackPotion"},{"floor":33,"key":"Energy Potion"},{"floor":42,"key":"Regen Potion"},{"floor":47,"key":"Dexterity Potion"},{"floor":48,"key":"Swift Potion"}],"is_trial":false,"path_per_floor":["M","?","$","?","M","R","?","M","T","R","M","T","?","M","R","B",null,"M","$","?","?","M","?","R","E","T","M","R","$","R","$","R","B",null,"M","M","T","M","$","R","M","E","T","R","M","R","M","M","R","B"],"character_chosen":"IRONCLAD","items_purchased":["Evolve","Perfected Strike","Happy Flower"],"campfire_rested":2,"item_purchase_floors":[3,19,19],"current_hp_per_floor":[80,80,80,80,80,80,54,58,58,58,64,64,69,73,73,60,85,85,85,85,85,82,82,82,75,75,79,79,79,79,79,79,27,89,85,92,92,78,78,78,81,39,39,67,75,75,77,70,97,37],"gold":127,"neow_bonus":"RANDOM_COMMON_RELIC","is_prod":false,"is_daily":false,"chose_seed":false,"campfire_upgraded":9,"win_rate":0.0,"timestamp":1531063926,"path_taken":["M","?","$","?","?","R","?","M","T","R","M","?","?","M","R","BOSS","M","$","?","?","M","?","R","E","T","M","R","$","R","?","R","BOSS","M","?","?","M","$","R","M","E","T","R","M","R","M","?","R","BOSS"],"build_version":"2018-07-05","purchased_purges":3,"victory":true,"max_hp_per_floor":[80,80,80,80,80,80,80,80,80,80,80,80,85,85,85,85,85,85,85,85,85,85,85,85,87,87,89,89,89,89,89,89,89,89,91,93,93,95,95,95,95,95,95,95,95,95,97,97,97,97],"card_choices":[{"not_picked":["Feel No Pain","Heavy Blade"],"picked":"Wild Strike","floor":1},{"not_picked":["Blood for Blood","Warcry"],"picked":"Wild Strike","floor":5},{"not_picked":["Clothesline","Heavy Blade"],"picked":"Shrug It Off","floor":7},{"not_picked":["Searing Blow","Pommel Strike"],"picked":"Armaments","floor":8},{"not_picked":["Sword Boomerang","Twin Strike","Second Wind"],"picked":"SKIP","floor":11},{"not_picked":["Clash","Juggernaut","Twin Strike"],"picked":"SKIP","floor":14},{"not_picked":["True Grit+1","Body Slam"],"picked":"Shrug It Off+1","floor":18},{"not_picked":["Clothesline","Bludgeon"],"picked":"Warcry","floor":22},{"not_picked":["Cleave","Twin Strike+1","Dark Embrace"],"picked":"Singing Bowl","floor":25},{"not_picked":["Warcry","Cleave","Twin Strike+1"],"picked":"Singing Bowl","floor":27},{"not_picked":["Bludgeon","Barricade"],"picked":"Demon Form","floor":33},{"not_picked":["True Grit+1","Havoc","Burning Pact"],"picked":"Singing Bowl","floor":35},{"not_picked":["Anger","Flex","Carnage"],"picked":"Singing Bowl","floor":36},{"not_picked":["Armaments+1","Fiend Fire","True Grit+1"],"picked":"Singing Bowl","floor":38},{"not_picked":["Warcry","Flame Barrier"],"picked":"Heavy Blade+1","floor":41},{"not_picked":["Twin Strike+1","Thunderclap"],"picked":"Cleave+1","floor":42},{"not_picked":["Body Slam+1","Warcry+1"],"picked":"Infernal Blade+1","floor":45},{"not_picked":["Combust+1","Twin Strike+1","Sword Boomerang"],"picked":"Singing Bowl","floor":47},{"not_picked":["Anger+1","Twin Strike+1"],"picked":"Limit Break","floor":48}],"player_experience":83022,"relics_obtained":[{"floor":7,"key":"Ornamental Fan"},{"floor":9,"key":"Mummified Hand"},{"floor":12,"key":"Bronze Scales"},{"floor":25,"key":"Singing Bowl"},{"floor":26,"key":"Bird Faced Urn"},{"floor":37,"key":"Dodecahedron"},{"floor":42,"key":"Ginger"},{"floor":43,"key":"Torii"}],"event_choices":[{"event_name":"Living Wall","player_choice":"Forget","floor":2,"damage_taken":0},{"event_name":"The Cleric","player_choice":"Leave","floor":4,"damage_taken":0},{"event_name":"Dead Adventurer","player_choice":"Searched \u00271\u0027 times","floor":7,"damage_taken":0},{"event_name":"Big Fish","player_choice":"Donut","floor":13,"damage_taken":0},{"event_name":"Beggar","player_choice":"Ignored","floor":20,"damage_taken":0},{"event_name":"N\u0027loth","player_choice":"Traded a Pen Nib","floor":21,"damage_taken":0},{"event_name":"The Mausoleum","player_choice":"Yes","floor":23,"damage_taken":0}],"boss_relics":[{"not_picked":["Busted Crown","Orrery"],"picked":"Cursed Key"},{"not_picked":["Empty Cage","Black Star"],"picked":"Black Blood"}],"items_purged_floors":[19,29,39],"is_endless":false,"potions_floor_spawned":[1,8,14,33,42,47,48],"ascension_level":0}