{"gold_per_floor":[114,124,136,156,81,81,81,109,159,159,172,172,172,183,183,288,288,307,324,343,343,95,95,95,95,95,95,113,113,141,155,155,260,260,270,284,298,298,310,310,320,320,344,344,355,355,215,243,243,243],"floor_reached":50,"playtime":3259,"items_purged":["Defend_R"],"score":544,"play_id":"654ba241-8bc7-4061-bd78-be20cb96823e","local_time":"20180708224906","is_ascension_mode":false,"campfire_choices":[{"data":"Wild Strike","floor":6,"key":"SMITH"},{"data":"Evolve","floor":10,"key":"SMITH"},{"data":"Whirlwind","floor":12,"key":"SMITH"},{"floor":15,"key":"REST"},{"data":"Perfected Strike","floor":23,"key":"SMITH"},{"data":"Perfected Strike","floor":25,"key":"SMITH"},{"data":"Demon Form","floor":27,"key":"SMITH"},{"floor":32,"key":"REST"},{"floor":40,"key":"REST"},{"floor":42,"key":"REST"},{"data":"Perfected Strike","floor":44,"key":"SMITH"},{"floor":49,"key":"REST"}],"neow_cost":"NONE","seed_source_timestamp":175720604213200,"circlet_count":0,"master_deck":["Defend_R","Defend_R","Defend_R","Whirlwind+1","Wild Strike+1","Ghostly Armor+1","Pommel Strike","Evolve+1","Perfected Strike+1","Demon Form+1","Shrug It Off+1","Wild Strike+1","Perfected Strike+1","Wild Strike+1","Feed","Wild Strike+1","Armaments+1","Shrug It Off+1","Perfected Strike+1","Wild Strike+1","Infernal Blade+1"],"relics":["Burning Blood","Toxic Egg 2","Vajra","Mark of Pain","Lee\u0027s Waffle","Meat on the Bone","Regal Pillow","Empty Cage","Boot","Blood Vial"],"potions_floor_usage":[16,16,16,30,30,33,37,39,50,50],"damage_taken":[{"damage":9,"enemies":"Small Slimes","floor":1,"turns":5},{"damage":7,"enemies":"Cultist","floor":2,"turns":5},{"damage":7,"enemies":"2 Louse","floor":3,"turns":3},{"damage":3,"enemies":"2 Fungi Beasts","floor":4,"turns":4},{"damage":17,"enemies":"3 Sentries","floor":8,"turns":7},{"damage":13,"enemies":"Red Slaver","floor":11,"turns":3},{"damage":14,"enemies":"Blue Slaver","floor":14,"turns":4},{"damage":81,"enemies":"Hexaghost","floor":16,"turns":11},{"damage":11,"enemies":"Spheric Guardian","floor":18,"turns":4},{"damage":6,"enemies":"Shell Parasite","floor":19,"turns":5},{"damage":13,"enemies":"Snake Plant","floor":20,"turns":3},{"damage":11,"enemies":"Centurion and Healer","floor":28,"turns":4},{"damage":23,"enemies":"Slavers","floor":30,"turns":5},{"damage":10,"enemies":"Snecko","floor":31,"turns":3},{"damage":46,"enemies":"Champ","floor":33,"turns":8},{"damage":17,"enemies":"3 Darklings","floor":35,"turns":5},{"damage":10,"enemies":"Orb Walker","floor":36,"turns":3},{"damage":14,"enemies":"Maw","floor":37,"turns":7},{"damage":46,"enemies":"3 Darklings","floor":39,"turns":7},{"damage":43,"enemies":"Sphere and 2 Shapes","floor":41,"turns":7},{"damage":19,"enemies":"4 Shapes","floor":45,"turns":4},{"damage":65,"enemies":"Nemesis","floor":48,"turns":7},{"damage":132,"enemies":"Donu and Deca","floor":50,"turns":9}],"seed_played":"-4509667993672478425","potions_obtained":[{"floor":1,"key":"PowerPotion"},{"floor":2,"key":"Ancient Potion"},{"floor":11,"key":"GamblersBrew"},{"floor":16,"key":"GamblersBrew"},{"floor":18,"key":"BloodPotion"},{"floor":20,"key":"BloodPotion"},{"floor":31,"key":"BloodPotion"},{"floor":36,"key":"Fruit Juice"},{"floor":37,"key":"Weak Potion"},{"floor":45,"key":"BloodPotion"}],"is_trial":false,"path_per_floor":["M","M","M","M","$","R","?","E","T","R","M","R","?","M","R","B",null,"M","M","M","?","$","R","$","R","T","R","M","?","E","M","R","B",null,"M","M","M","?","M","R","M","R","T","R","M","?","$","E","R"],"character_chosen":"IRONCLAD","items_purchased":["Perfected Strike","Lee\u0027s Waffle","Infernal Blade+1","Regen Potion"],"campfire_rested":5,"item_purchase_floors":[22,22,47,47],"current_hp_per_floor":[85,84,83,86,86,86,86,75,75,75,68,68,68,60,86,11,88,83,83,76,76,95,95,95,95,95,95,90,90,82,78,95,64,95,84,80,77,77,59,100,63,100,100,100,90,90,90,43,88,0],"gold":243,"neow_bonus":"TEN_PERCENT_HP_BONUS","is_prod":false,"is_daily":false,"chose_seed":false,"campfire_upgraded":7,"win_rate":0.0,"timestamp":1531057746,"path_taken":["M","M","M","M","$","R","?","E","T","R","M","R","?","M","R","BOSS","M","M","M","?","$","R","$","R","T","R","M","?","E","M","R","BOSS","M","M","M","?","M","R","M","R","T","R","?","?","$","E","R","BOSS"],"build_version":"2018-07-05","purchased_purges":1,"victory":false,"max_hp_per_floor":[88,88,88,88,88,88,88,88,88,88,88,88,88,88,88,88,88,88,88,88,88,95,95,95,95,95,95,95,95,95,95,95,95,95,95,95,100,100,100,100,100,100,100,100,103,103,103,103,103,103],"card_choices":[{"not_picked":["Sentinel","Thunderclap"],"picked":"Whirlwind","floor":1},{"not_picked":["Heavy Blade","Cleave","Clash"],"picked":"SKIP","floor":2},{"not_picked":["Blood for Blood","Entrench"],"picked":"Wild Strike","floor":3},{"not_picked":["Seeing Red","Flex"],"picked":"Ghostly Armor","floor":4},{"not_picked":["Wild Strike","Reckless Charge"],"picked":"Evolve","floor":8},{"not_picked":["Carnage","Blood for Blood","Anger"],"picked":"SKIP","floor":11},{"not_picked":["Warcry+1","Sword Boomerang"],"picked":"Perfected Strike","floor":14},{"not_picked":["Brutality","Reaper"],"picked":"Demon Form","floor":16},{"not_picked":["Sword Boomerang","Ghostly Armor+1"],"picked":"Shrug It Off+1","floor":18},{"not_picked":["Heavy Blade+1","Warcry+1","Shockwave+1"],"picked":"SKIP","floor":19},{"not_picked":["Hemokinesis","Feel No Pain"],"picked":"Wild Strike+1","floor":20},{"not_picked":["Rupture","Pommel Strike"],"picked":"Wild Strike+1","floor":28},{"not_picked":["Clothesline","Iron Wave"],"picked":"Feed","floor":30},{"not_picked":["Anger","Seeing Red+1"],"picked":"Wild Strike+1","floor":31},{"not_picked":["Body Slam+1","Cleave"],"picked":"Armaments+1","floor":35},{"not_picked":["Havoc+1","Anger+1"],"picked":"Shrug It Off+1","floor":36},{"not_picked":["Thunderclap","Hemokinesis+1"],"picked":"Perfected Strike","floor":37},{"not_picked":["Sever Soul+1","Clothesline+1","Sword Boomerang"],"picked":"SKIP","floor":39},{"not_picked":["Cleave+1","Clothesline"],"picked":"Wild Strike+1","floor":41},{"not_picked":["Hemokinesis","Anger","Corruption"],"picked":"SKIP","floor":45},{"not_picked":["Rage+1","Flex+1","Fire Breathing+1"],"picked":"SKIP","floor":48}],"player_experience":77451,"relics_obtained":[{"floor":8,"key":"Toxic Egg 2"},{"floor":9,"key":"Vajra"},{"floor":26,"key":"Meat on the Bone"},{"floor":30,"key":"Regal Pillow"},{"floor":43,"key":"Boot"},{"floor":48,"key":"Blood Vial"}],"event_choices":[{"event_name":"Transmorgrifier","player_choice":"Transform","floor":7,"damage_taken":0},{"event_name":"Living Wall","player_choice":"Grow","floor":13,"damage_taken":0},{"event_name":"Back to Basics","player_choice":"Elegance","floor":21,"damage_taken":0},{"event_name":"N\u0027loth","player_choice":"Ignored","floor":29,"damage_taken":0},{"event_name":"Purifier","player_choice":"One Purge","floor":38,"damage_taken":0},{"event_name":"Falling","player_choice":"Removed Attack","floor":46,"damage_taken":0}],"boss_relics":[{"not_picked":["Ectoplasm","Fusion Hammer"],"picked":"Mark of Pain"},{"not_picked":["Sozu","Astrolabe"],"picked":"Empty Cage"}],"items_purged_floors":[5],"is_endless":false,"potions_floor_spawned":[1,2,11,16,18,20,31,36,37,45],"killed_by":"Donu and Deca","ascension_level":0}