{"gold_per_floor":[114,18,29,44,58,58,58,75,75,106,61,61,61,79,79,182,182,198,198,113,113,132,132,147,147],"floor_reached":25,"playtime":568,"items_purged":[],"score":203,"play_id":"3e172954-6769-4805-8897-ca20dc5d9e30","local_time":"20190518112253","is_ascension_mode":false,"campfire_choices":[{"floor":6,"key":"REST"},{"floor":12,"key":"REST"},{"data":"Catalyst","floor":15,"key":"SMITH"},{"data":"Footwork","floor":23,"key":"SMITH"}],"neow_cost":"TEN_PERCENT_HP_LOSS","seed_source_timestamp":2823371934915590,"circlet_count":0,"master_deck":["Defend_G","Defend_G","Defend_G","Defend_G","Defend_G","Strike_G","Strike_G","Strike_G","Strike_G","Strike_G","Survivor","Neutralize","All Out Attack","Bouncing Flask+1","Dodge and Roll","Catalyst+1","Terror","Dagger Spray","Flying Knee","Corpse Explosion","Bane","Wraith Form v2","Footwork+1"],"relics":["Ring of the Snake","StoneCalendar","Gremlin Horn","Sundial","Blue Candle","Philosopher\u0027s Stone","Paper Crane"],"potions_floor_usage":[25,25,25],"damage_taken":[{"damage":10,"enemies":"Small Slimes","floor":1,"turns":5},{"damage":1,"enemies":"Cultist","floor":3,"turns":3},{"damage":3,"enemies":"2 Louse","floor":4,"turns":2},{"damage":28,"enemies":"Exordium Thugs","floor":5,"turns":4},{"damage":3,"enemies":"Blue Slaver","floor":8,"turns":4},{"damage":6,"enemies":"Lagavulin","floor":10,"turns":7},{"damage":0,"enemies":"2 Fungi Beasts","floor":14,"turns":3},{"damage":31,"enemies":"Slime Boss","floor":16,"turns":7},{"damage":9,"enemies":"Shell Parasite","floor":18,"turns":2},{"damage":2,"enemies":"Spheric Guardian","floor":22,"turns":3},{"damage":0,"enemies":"Snake Plant","floor":24,"turns":2},{"damage":54,"enemies":"Slavers","floor":25,"turns":2}],"seed_played":"8247991569151448461","potions_obtained":[{"floor":4,"key":"Dexterity Potion"},{"floor":8,"key":"SteroidPotion"},{"floor":10,"key":"GamblersBrew"},{"floor":18,"key":"PowerPotion"},{"floor":24,"key":"EssenceOfSteel"}],"is_trial":false,"path_per_floor":["M","?","M","M","M","R","?","M","T","E","$","R","$","M","R","B",null,"M","?","?","?","M","R","M","E"],"character_chosen":"THE_SILENT","items_purchased":["Dagger Spray"],"campfire_rested":2,"item_purchase_floors":[11],"current_hp_per_floor":[53,53,52,49,21,39,39,36,36,30,30,48,48,48,48,17,63,54,54,54,54,52,52,52,0],"gold":147,"neow_bonus":"ONE_RARE_RELIC","is_prod":false,"is_daily":false,"chose_seed":false,"campfire_upgraded":2,"win_rate":0,"timestamp":1558135373,"path_taken":["M","?","?","M","M","R","?","M","T","E","?","R","$","M","R","BOSS","M","?","?","?","M","R","?","E"],"build_version":"2019-01-23","purchased_purges":0,"victory":false,"max_hp_per_floor":[63,63,63,63,63,63,63,63,63,63,63,63,63,63,63,63,63,63,63,63,63,63,63,63,63],"card_choices":[{"not_picked":["Outmaneuver","Expertise","Heel Hook"],"picked":"SKIP","floor":1},{"not_picked":["Dagger Throw","Cloak And Dagger"],"picked":"All Out Attack","floor":3},{"not_picked":["Setup","Masterful Stab"],"picked":"Bouncing Flask","floor":4},{"not_picked":["Bullet Time","Concentrate"],"picked":"Dodge and Roll","floor":5},{"not_picked":["Slice","All Out Attack"],"picked":"Catalyst","floor":8},{"not_picked":["Cloak And Dagger","Tactician"],"picked":"Terror","floor":10},{"not_picked":["Outmaneuver","Distraction"],"picked":"Flying Knee","floor":14},{"not_picked":["Burst","Phantasmal Killer"],"picked":"Corpse Explosion","floor":16},{"not_picked":["Sucker Punch","Dagger Spray"],"picked":"Bane","floor":18},{"not_picked":["Prepared+1","Slice"],"picked":"Footwork","floor":22},{"not_picked":["Cloak And Dagger","Dagger Spray","Deflect"],"picked":"SKIP","floor":24}],"player_experience":295095,"relics_obtained":[{"floor":9,"key":"Sundial"},{"floor":10,"key":"Blue Candle"}],"event_choices":[{"damage_healed":0,"gold_gain":0,"player_choice":"Paid Gold","damage_taken":0,"relics_obtained":["Gremlin Horn"],"max_hp_gain":0,"max_hp_loss":0,"event_name":"WeMeetAgain","floor":2,"gold_loss":96},{"damage_healed":0,"gold_gain":0,"player_choice":"Grow","damage_taken":0,"max_hp_gain":0,"max_hp_loss":0,"event_name":"Living Wall","floor":7,"gold_loss":0,"cards_upgraded":["Bouncing Flask"]},{"damage_healed":0,"gold_gain":0,"player_choice":"Ignored","damage_taken":0,"max_hp_gain":0,"max_hp_loss":0,"event_name":"Ghosts","floor":19,"gold_loss":0},{"damage_healed":0,"gold_gain":0,"player_choice":"Obtained Relic","damage_taken":0,"relics_obtained":["Paper Crane"],"max_hp_gain":0,"max_hp_loss":0,"event_name":"Addict","floor":20,"gold_loss":85},{"damage_healed":0,"gold_gain":0,"player_choice":"Read","damage_taken":0,"max_hp_gain":0,"max_hp_loss":0,"event_name":"The Library","floor":21,"gold_loss":0,"cards_obtained":["Wraith Form v2"]}],"is_beta":false,"boss_relics":[{"not_picked":["Runic Dome","Ectoplasm"],"picked":"Philosopher\u0027s Stone"}],"items_purged_floors":[],"is_endless":false,"potions_floor_spawned":[4,8,10,14,18,24],"killed_by":"Slavers","ascension_level":0}