{"gold_per_floor":[110,126,126,31,50,50,82,82,82,96,157,107,123,123,123,219,219,235,160,172,46,46,46],"floor_reached":23,"playtime":1373,"items_purged":["Strike_R","Defend_R"],"score":214,"play_id":"12b207d1-5441-4e11-85b4-6256001132ce","local_time":"20180708234140","is_ascension_mode":false,"campfire_choices":[{"data":"Armaments","floor":6,"key":"SMITH"},{"data":"Wild Strike","floor":8,"key":"SMITH"},{"data":"Pommel Strike","floor":15,"key":"SMITH"}],"neow_cost":"NONE","seed_source_timestamp":180760897702238,"circlet_count":0,"master_deck":["Strike_R","Strike_R","Defend_R","Bash","Battle Trance","Shrug It Off","Armaments+1","Wild Strike+1","Warcry","Pommel Strike+1","Feed","Heavy Blade","Power Through","Perfected Strike"],"relics":["Burning Blood","Juzu Bracelet","Pantograph","Strawberry","Nloth\u0027s Gift"],"potions_floor_usage":[7,7,16,16,16,23],"damage_taken":[{"damage":1,"enemies":"Jaw Worm","floor":1,"turns":6},{"damage":6,"enemies":"Cultist","floor":2,"turns":3},{"damage":6,"enemies":"2 Louse","floor":5,"turns":4},{"damage":34,"enemies":"Gremlin Nob","floor":7,"turns":5},{"damage":3,"enemies":"2 Fungi Beasts","floor":10,"turns":4},{"damage":7,"enemies":"Looter","floor":13,"turns":3},{"damage":41,"enemies":"Slime Boss","floor":16,"turns":12},{"damage":30,"enemies":"2 Thieves","floor":18,"turns":4},{"damage":40,"enemies":"Shell Parasite","floor":20,"turns":6},{"damage":42,"enemies":"Book of Stabbing","floor":23,"turns":7}],"seed_played":"104329278375344063","potions_obtained":[{"floor":3,"key":"Ancient Potion"},{"floor":3,"key":"Block Potion"},{"floor":3,"key":"Fruit Juice"},{"floor":7,"key":"Regen Potion"},{"floor":10,"key":"EssenceOfSteel"},{"floor":18,"key":"Block Potion"}],"is_trial":false,"path_per_floor":["M","M","?","$","M","R","E","R","T","M","?","?","M","?","R","B",null,"M","$","M","$","?"],"character_chosen":"IRONCLAD","items_purchased":["Shrug It Off","Armaments","Perfected Strike"],"campfire_rested":0,"item_purchase_floors":[4,4,21],"current_hp_per_floor":[80,80,80,80,80,80,57,57,64,67,67,67,66,66,66,71,92,71,71,37,37,37,0],"gold":46,"neow_bonus":"RANDOM_COMMON_RELIC","is_prod":false,"is_daily":false,"chose_seed":false,"campfire_upgraded":3,"win_rate":0.0,"timestamp":1531060900,"path_taken":["M","M","?","?","M","R","E","R","T","M","?","?","M","?","R","BOSS","M","$","M","$","?","E"],"build_version":"2018-07-05","purchased_purges":2,"victory":false,"max_hp_per_floor":[80,80,80,80,80,80,85,85,92,92,92,92,92,92,92,92,92,95,95,95,95,95,95],"card_choices":[{"not_picked":["True Grit","Thunderclap","Rupture"],"picked":"SKIP","floor":1},{"not_picked":["Sword Boomerang","Combust"],"picked":"Battle Trance","floor":2},{"not_picked":["Sentinel","Power Through"],"picked":"Wild Strike","floor":5},{"not_picked":["Rage","Iron Wave"],"picked":"Warcry","floor":7},{"not_picked":["Twin Strike","Sentinel"],"picked":"Pommel Strike","floor":10},{"not_picked":["Twin Strike","Impervious","Pummel"],"picked":"SKIP","floor":13},{"not_picked":["Reaper","Juggernaut"],"picked":"Feed","floor":16},{"not_picked":["Spot Weakness","Havoc"],"picked":"Heavy Blade","floor":18},{"not_picked":["Wild Strike","Anger"],"picked":"Power Through","floor":20}],"player_experience":81649,"relics_obtained":[{"floor":7,"key":"Pantograph"},{"floor":9,"key":"Strawberry"}],"event_choices":[{"event_name":"The Lab","player_choice":"Got Potions","floor":3,"damage_taken":0},{"event_name":"Golden Wing","player_choice":"Gained Gold","floor":11,"damage_taken":0},{"event_name":"The Cleric","player_choice":"Card Removal","floor":12,"damage_taken":0},{"event_name":"Bonfire Elementals","player_choice":"BASIC","floor":14,"damage_taken":0},{"event_name":"N\u0027loth","player_choice":"Traded a Empty Cage","floor":22,"damage_taken":0}],"boss_relics":[{"not_picked":["Ectoplasm","Philosopher\u0027s Stone"],"picked":"Empty Cage"}],"items_purged_floors":[19,21],"is_endless":false,"potions_floor_spawned":[7,10,18],"killed_by":"Book of Stabbing","ascension_level":0}