{"gold_per_floor":[109,127,127,127,144,144,154,184,263,263],"floor_reached":10,"playtime":611,"items_purged":[],"score":95,"play_id":"ac72160e-92c0-4637-965c-1bc9accf5315","local_time":"20181001080026","is_ascension_mode":true,"campfire_choices":[{"data":"Neutralize","floor":6,"key":"SMITH"}],"neow_cost":"NONE","seed_source_timestamp":1302463055549801,"circlet_count":0,"master_deck":["Defend_G","Defend_G","Defend_G","Defend_G","Defend_G","Strike_G","Strike_G","Strike_G","Strike_G","Strike_G","Survivor","Neutralize+1","Venomology","Blade Dance","PiercingWail","Backstab","Burst"],"relics":["Ring of the Snake","Letter Opener","Juzu Bracelet","Regal Pillow","Tiny Chest"],"potions_floor_usage":[2,5,7,7,8,8,10],"damage_taken":[{"damage":9,"enemies":"Small Slimes","floor":1,"turns":5},{"damage":0,"enemies":"Cultist","floor":2,"turns":6},{"damage":2,"enemies":"Jaw Worm","floor":5,"turns":6},{"damage":0,"enemies":"2 Fungi Beasts","floor":7,"turns":2},{"damage":39,"enemies":"Lagavulin","floor":8,"turns":10},{"damage":8,"enemies":"Large Slime","floor":10,"turns":2}],"seed_played":"-8245390687123887419","potions_obtained":[{"floor":1,"key":"Energy Potion"},{"floor":2,"key":"SteroidPotion"},{"floor":8,"key":"Weak Potion"}],"is_trial":false,"path_per_floor":["M","M","?","?","M","R","M","E","T"],"character_chosen":"THE_SILENT","items_purchased":[],"campfire_rested":0,"item_purchase_floors":[],"current_hp_per_floor":[54,54,54,51,49,49,49,10,10,2],"gold":263,"neow_bonus":"ONE_RANDOM_RARE_CARD","is_prod":false,"is_daily":false,"chose_seed":false,"campfire_upgraded":1,"win_rate":0,"timestamp":1538348426,"path_taken":["M","M","?","?","M","R","M","E","T","M"],"build_version":"2018-09-27","purchased_purges":0,"victory":false,"max_hp_per_floor":[70,70,70,70,70,70,70,70,70,70],"card_choices":[{"not_picked":["Quick Slash","Riddle With Holes"],"picked":"Blade Dance","floor":1},{"not_picked":["Bane","Calculated Gamble"],"picked":"PiercingWail","floor":2},{"not_picked":["Outmaneuver","Quick Slash","Dagger Throw"],"picked":"SKIP","floor":5},{"not_picked":["Concentrate","Reflex"],"picked":"Backstab","floor":7},{"not_picked":["Underhanded Strike","Caltrops"],"picked":"Burst","floor":8}],"player_experience":328637,"relics_obtained":[{"floor":8,"key":"Regal Pillow"},{"floor":9,"key":"Tiny Chest"}],"event_choices":[{"event_name":"WeMeetAgain","player_choice":"Potion","floor":3,"damage_taken":0},{"event_name":"Scrap Ooze","player_choice":"success","floor":4,"damage_taken":3}],"is_beta":false,"boss_relics":[],"items_purged_floors":[],"is_endless":false,"potions_floor_spawned":[1,2,8],"killed_by":"Large Slime","ascension_level":8}