{"gold_per_floor":[119,134,146,29,29,29,40,97,97,62,62,77,88,98,98,203,203,183,193,193],"floor_reached":20,"playtime":2806,"items_purged":[],"score":168,"play_id":"53980e0e-63e7-4f1f-9889-cedb4b4a5d54","local_time":"20180705225106","is_ascension_mode":false,"campfire_choices":[{"data":"Slice","floor":6,"key":"SMITH"},{"floor":11,"key":"REST"},{"floor":15,"key":"REST"}],"neow_cost":"","seed_source_timestamp":96753578234356,"circlet_count":0,"master_deck":["Defend_G","Defend_G","Defend_G","Defend_G","Defend_G","Strike_G","Strike_G","Strike_G","Strike_G","Strike_G","Survivor","Neutralize","Flying Knee","Dodge and Roll","PiercingWail","Slice+1","Bullet Time","Slice","Leg Sweep","Footwork+1","Acrobatics","Backstab","Dagger Spray","Glass Knife","Choke+1","Flying Knee+1"],"relics":["Ring of the Snake","Darkstone Periapt","Frozen Egg 2","Eternal Feather"],"potions_floor_usage":[],"damage_taken":[{"damage":0,"enemies":"Cultist","floor":1,"turns":5},{"damage":1,"enemies":"Jaw Worm","floor":2,"turns":4},{"damage":0,"enemies":"2 Louse","floor":3,"turns":4},{"damage":3,"enemies":"Looter","floor":7,"turns":3},{"damage":37,"enemies":"3 Sentries","floor":8,"turns":13},{"damage":0,"enemies":"Large Slime","floor":12,"turns":8},{"damage":4,"enemies":"3 Louse","floor":13,"turns":6},{"damage":0,"enemies":"Blue Slaver","floor":14,"turns":4},{"damage":36,"enemies":"The Guardian","floor":16,"turns":21},{"damage":6,"enemies":"2 Thieves","floor":18,"turns":4},{"damage":18,"enemies":"Shell Parasite","floor":19,"turns":8},{"damage":62,"enemies":"Cultist and Chosen","floor":20,"turns":10}],"seed_played":"-4788402926679709878","potions_obtained":[{"floor":1,"key":"SteroidPotion"},{"floor":12,"key":"Ancient Potion"},{"floor":13,"key":"EssenceOfSteel"},{"floor":16,"key":"Dexterity Potion"}],"is_trial":false,"path_per_floor":["M","M","M","$","?","R","M","?","T","$","R","M","M","M","R","B",null,"M","M"],"character_chosen":"THE_SILENT","items_purchased":["Slice","Bullet Time","Footwork+1"],"campfire_rested":2,"item_purchase_floors":[4,4,10],"current_hp_per_floor":[70,69,69,69,69,69,66,29,29,29,50,50,46,46,67,31,70,64,46,0],"gold":193,"neow_bonus":"","is_prod":false,"is_daily":false,"chose_seed":false,"campfire_upgraded":1,"win_rate":0.0,"timestamp":1530798666,"path_taken":["M","M","?","$","?","R","M","?","T","$","R","M","M","M","R","BOSS","M","M","M"],"build_version":"2018-06-28","purchased_purges":0,"victory":false,"max_hp_per_floor":[70,70,70,70,70,70,70,70,70,70,70,70,70,70,70,70,70,70,70,70],"card_choices":[{"not_picked":["Deflect","Slice"],"picked":"Flying Knee","floor":1},{"not_picked":["Poisoned Stab","Bouncing Flask"],"picked":"Dodge and Roll","floor":2},{"not_picked":["Acrobatics","Skewer"],"picked":"PiercingWail","floor":3},{"not_picked":["Flying Knee","Blur"],"picked":"Slice","floor":7},{"not_picked":["Outmaneuver","Acrobatics"],"picked":"Leg Sweep","floor":8},{"not_picked":["Expertise","Outmaneuver"],"picked":"Acrobatics","floor":12},{"not_picked":["Deflect","Leg Sweep"],"picked":"Backstab","floor":13},{"not_picked":["Acrobatics","Wraith Form v2+1"],"picked":"Dagger Spray","floor":14},{"not_picked":["Tactician","After Image+1"],"picked":"Glass Knife","floor":16},{"not_picked":["Bouncing Flask+1","Dodge and Roll+1"],"picked":"Choke+1","floor":18},{"not_picked":["Outmaneuver+1","Choke"],"picked":"Flying Knee+1","floor":19}],"player_experience":6730,"relics_obtained":[{"floor":9,"key":"Frozen Egg 2"}],"event_choices":[{"event_name":"Golden Wing","player_choice":"Ignored","floor":5,"damage_taken":0},{"event_name":"Dead Adventurer","player_choice":"Searched \u00273\u0027 times","floor":8,"damage_taken":0}],"boss_relics":[{"not_picked":["Orrery","Runic Dome"],"picked":"Eternal Feather"}],"items_purged_floors":[],"is_endless":false,"potions_floor_spawned":[1,12,13,16,18],"killed_by":"Cultist and Chosen","ascension_level":0}