{"gold_per_floor":[116,129,129,129,141,158,158,158,158,183,194,208,208,228,228,228],"floor_reached":16,"playtime":569,"items_purged":[],"score":146,"play_id":"87209938-98bd-4adc-99aa-767f6fa2f551","local_time":"20181002040757","is_ascension_mode":true,"campfire_choices":[{"data":"Neutralize","floor":8,"key":"SMITH"},{"data":"Cloak And Dagger","floor":13,"key":"SMITH"},{"data":"Infinite Blades","floor":15,"key":"SMITH"}],"neow_cost":"","seed_source_timestamp":1374956268456429,"circlet_count":0,"master_deck":["Defend_G","Defend_G","Defend_G","Defend_G","Defend_G","Strike_G","Strike_G","Strike_G","Strike_G","Strike_G","Survivor","Neutralize+1","Slice","All Out Attack","Cloak And Dagger+1","Escape Plan","Deflect","Cloak And Dagger","Infinite Blades+1"],"relics":["Ring of the Snake","Dream Catcher","Question Card"],"potions_floor_usage":[10],"damage_taken":[{"damage":1,"enemies":"Small Slimes","floor":1,"turns":4},{"damage":0,"enemies":"2 Louse","floor":2,"turns":3},{"damage":0,"enemies":"Cultist","floor":5,"turns":3},{"damage":4,"enemies":"Large Slime","floor":6,"turns":7},{"damage":19,"enemies":"Gremlin Nob","floor":10,"turns":5},{"damage":5,"enemies":"Looter","floor":11,"turns":4},{"damage":0,"enemies":"Lots of Slimes","floor":12,"turns":1},{"damage":0,"enemies":"3 Louse","floor":14,"turns":3},{"damage":0,"enemies":"The Guardian","floor":16,"turns":2}],"seed_played":"-8190061256190885416","potions_obtained":[{"floor":2,"key":"EssenceOfSteel"},{"floor":11,"key":"PowerPotion"},{"floor":12,"key":"SpeedPotion"}],"is_trial":false,"path_per_floor":["M","M","?","?","M","M","?","R","T","E","M","M","R","M","R"],"character_chosen":"THE_SILENT","items_purchased":[],"campfire_rested":0,"item_purchase_floors":[],"current_hp_per_floor":[62,62,62,67,67,63,63,63,63,44,39,39,39,39,39,39],"gold":228,"neow_bonus":"","is_prod":false,"is_daily":false,"chose_seed":false,"campfire_upgraded":3,"win_rate":0,"timestamp":1538420877,"path_taken":["M","M","?","?","M","M","?","R","T","E","M","?","R","M","R","BOSS"],"build_version":"2018-09-27","purchased_purges":0,"victory":false,"max_hp_per_floor":[70,70,70,75,75,75,75,75,75,75,75,75,75,75,75,75],"card_choices":[{"not_picked":["Quick Slash","Catalyst"],"picked":"Slice","floor":1},{"not_picked":["Infinite Blades","Skewer"],"picked":"All Out Attack","floor":2},{"not_picked":["Sucker Punch","Underhanded Strike"],"picked":"Cloak And Dagger","floor":5},{"not_picked":["Terror","Flying Knee","Catalyst"],"picked":"SKIP","floor":6},{"not_picked":["Quick Slash","Underhanded Strike"],"picked":"Escape Plan","floor":10},{"not_picked":["Bane","Riddle With Holes","Deadly Poison"],"picked":"Deflect","floor":11},{"not_picked":["Caltrops","PiercingWail","Prepared"],"picked":"Cloak And Dagger","floor":12},{"not_picked":["Slice","Escape Plan","Terror"],"picked":"Infinite Blades","floor":14}],"player_experience":337564,"relics_obtained":[{"floor":9,"key":"Dream Catcher"},{"floor":10,"key":"Question Card"}],"event_choices":[{"event_name":"Liars Game","player_choice":"disagreed","floor":3,"damage_taken":0},{"event_name":"Big Fish","player_choice":"Donut","floor":4,"damage_taken":0},{"event_name":"Dead Adventurer","player_choice":"Searched \u00271\u0027 times","floor":7,"damage_taken":0}],"is_beta":false,"boss_relics":[],"items_purged_floors":[],"is_endless":false,"potions_floor_spawned":[2,11,12],"killed_by":"The Guardian","ascension_level":8}