{"gold_per_floor":[114,132,132,82,98,123,187,187,187,187,222,222,222,238,238,340,340,360,360,370,54,70,70,70,70,70,86,120,120,20,30,30,133,133,147,147,157,177,191,191,191],"floor_reached":41,"playtime":2431,"items_purged":["Strike_G","Defend_G"],"score":468,"play_id":"203fc9ac-715f-4c0c-b50e-03961b34add8","local_time":"20180906052803","is_ascension_mode":true,"campfire_choices":[{"floor":8,"key":"REST"},{"data":"Deadly Poison","floor":10,"key":"SMITH"},{"data":"Cloak And Dagger","floor":12,"key":"SMITH"},{"data":"Crippling Poison","floor":15,"key":"SMITH"},{"data":"Burst","floor":23,"key":"SMITH"},{"data":"Noxious Fumes","floor":25,"key":"SMITH"},{"data":"PiercingWail","floor":29,"key":"SMITH"},{"data":"Poisoned Stab","floor":32,"key":"SMITH"},{"floor":40,"key":"REST"}],"neow_cost":"NONE","seed_source_timestamp":1503776719771642,"circlet_count":0,"master_deck":["Defend_G","Defend_G+1","Strike_G","Survivor","Neutralize+1","Backflip","Bane","Crippling Poison+1","Deadly Poison+1","Cloak And Dagger+1","Burst+1","Grand Finale+1","Corpse Explosion+1","Expertise+1","Noxious Fumes+1","PiercingWail+1","Cloak And Dagger","Bouncing Flask+1","Cloak And Dagger","Poisoned Stab+1","PiercingWail+1","Deflect+1"],"relics":["Ring of the Snake","Kunai","Bag of Marbles","Meat on the Bone","Shovel","Astrolabe","Snake Skull","Darkstone Periapt","Vajra","Black Star"],"potions_floor_usage":[6,6,28,33,33,37,41],"damage_taken":[{"damage":0,"enemies":"Jaw Worm","floor":1,"turns":5},{"damage":0,"enemies":"2 Louse","floor":2,"turns":2},{"damage":0,"enemies":"Small Slimes","floor":5,"turns":4},{"damage":26,"enemies":"Lagavulin","floor":6,"turns":10},{"damage":26,"enemies":"3 Sentries","floor":7,"turns":10},{"damage":3,"enemies":"Gremlin Nob","floor":11,"turns":3},{"damage":2,"enemies":"Looter","floor":14,"turns":2},{"damage":27,"enemies":"Slime Boss","floor":16,"turns":11},{"damage":0,"enemies":"Chosen","floor":18,"turns":3},{"damage":1,"enemies":"Shell Parasite","floor":20,"turns":3},{"damage":0,"enemies":"Snake Plant","floor":22,"turns":4},{"damage":13,"enemies":"Centurion and Healer","floor":27,"turns":4},{"damage":12,"enemies":"Gremlin Leader","floor":28,"turns":4},{"damage":0,"enemies":"Chosen and Byrds","floor":31,"turns":4},{"damage":31,"enemies":"Automaton","floor":33,"turns":9},{"damage":2,"enemies":"Orb Walker","floor":35,"turns":4},{"damage":5,"enemies":"3 Darklings","floor":37,"turns":2},{"damage":50,"enemies":"Spire Growth","floor":38,"turns":5},{"damage":21,"enemies":"Maw","floor":39,"turns":7},{"damage":49,"enemies":"Nemesis","floor":41,"turns":4}],"seed_played":"-8779760503044689307","potions_obtained":[{"floor":1,"key":"Weak Potion"},{"floor":2,"key":"Fire Potion"},{"floor":5,"key":"Regen Potion"},{"floor":7,"key":"Weak Potion"},{"floor":22,"key":"Fire Potion"},{"floor":28,"key":"Poison Potion"},{"floor":37,"key":"Dexterity Potion"}],"is_trial":false,"path_per_floor":["M","M","?","?","M","E","?","R","T","R","E","R","?","M","R","B",null,"M","?","M","$","M","R","?","R","T","M","E","R","$","M","R","B",null,"M","?","M","M","M","R"],"character_chosen":"THE_SILENT","items_purchased":["Noxious Fumes","Snake Skull","PiercingWail"],"campfire_rested":2,"item_purchase_floors":[21,21,21],"current_hp_per_floor":[70,70,70,70,70,54,28,49,49,49,46,46,32,42,42,27,70,70,70,69,69,69,69,69,69,69,56,44,44,44,44,44,25,70,68,68,63,25,16,37,0],"gold":191,"neow_bonus":"UPGRADE_CARD","is_prod":false,"is_daily":false,"chose_seed":false,"campfire_upgraded":7,"win_rate":0,"timestamp":1536179283,"path_taken":["M","M","?","?","?","E","?","R","T","R","E","R","?","?","R","BOSS","M","?","M","$","M","R","?","R","T","?","E","R","$","M","R","BOSS","M","?","?","M","M","R","E"],"build_version":"2018-08-30","purchased_purges":2,"victory":false,"max_hp_per_floor":[70,70,70,70,70,70,70,70,70,70,70,70,70,70,70,70,70,70,70,70,70,70,70,70,70,70,70,70,70,70,70,70,70,70,70,70,70,70,70,70,70],"card_choices":[{"not_picked":["Setup","Sucker Punch","Well Laid Plans"],"picked":"SKIP","floor":1},{"not_picked":["Deflect","Reflex"],"picked":"Backflip","floor":2},{"not_picked":["Calculated Gamble","Flying Knee"],"picked":"Bane","floor":5},{"not_picked":["Venomology","Blur"],"picked":"Crippling Poison","floor":6},{"not_picked":["Riddle With Holes","Slice"],"picked":"Deadly Poison","floor":7},{"not_picked":["Deflect","Infinite Blades"],"picked":"Cloak And Dagger","floor":11},{"not_picked":["Acrobatics","Sucker Punch"],"picked":"Well Laid Plans","floor":14},{"not_picked":["Unload","Bullet Time"],"picked":"Burst","floor":16},{"not_picked":["Acrobatics","Choke","Predator"],"picked":"SKIP","floor":18},{"not_picked":["Dodge and Roll","Riddle With Holes","Flying Knee+1"],"picked":"SKIP","floor":20},{"not_picked":["Dodge and Roll","Acrobatics","Quick Slash+1"],"picked":"SKIP","floor":22},{"not_picked":["Dodge and Roll","Deadly Poison"],"picked":"Bouncing Flask+1","floor":27},{"not_picked":["Finisher","Flying Knee"],"picked":"Cloak And Dagger","floor":28},{"not_picked":["Acrobatics","Cloak And Dagger"],"picked":"Poisoned Stab","floor":31},{"not_picked":["Slice","Distraction"],"picked":"PiercingWail+1","floor":35},{"not_picked":["Predator","Choke+1","Dash"],"picked":"SKIP","floor":37},{"not_picked":["Sucker Punch+1","Infinite Blades","Endless Agony+1"],"picked":"SKIP","floor":38},{"not_picked":["Terror","Deadly Poison"],"picked":"Deflect+1","floor":39}],"player_experience":231186,"relics_obtained":[{"floor":6,"key":"Kunai"},{"floor":9,"key":"Meat on the Bone"},{"floor":11,"key":"Shovel"},{"floor":26,"key":"Darkstone Periapt"},{"floor":28,"key":"Vajra"}],"event_choices":[{"event_name":"Living Wall","player_choice":"Forget","floor":3,"damage_taken":0},{"event_name":"The Cleric","player_choice":"Card Removal","floor":4,"damage_taken":0},{"event_name":"Dead Adventurer","player_choice":"Searched \u00273\u0027 times","floor":7,"damage_taken":0},{"event_name":"Shining Light","player_choice":"Entered Light","floor":13,"damage_taken":0},{"event_name":"Vampires","player_choice":"Ignored","floor":19,"damage_taken":0},{"event_name":"The Library","player_choice":"Read","floor":24,"damage_taken":0},{"event_name":"Falling","player_choice":"Removed Power","floor":36,"damage_taken":0}],"is_beta":false,"boss_relics":[{"not_picked":["Tiny House","Runic Pyramid"],"picked":"Astrolabe"},{"not_picked":["Snecko Eye","Runic Dome"],"picked":"Black Star"}],"items_purged_floors":[21,30],"is_endless":false,"potions_floor_spawned":[1,2,5,7,22,28,37],"killed_by":"Nemesis","ascension_level":1}