{"gold_per_floor":[210,220,148,160,125,125,400,36,84,84,100,100,112,125,125,229,229,239,259,275,275,200,200,225,225,225,225,225,225,239,239,239,341,341,359,459,459,108,125,125,135,135],"floor_reached":42,"playtime":1811,"items_purged":["Regret","Normality"],"score":654,"play_id":"5fc9623e-eb20-46dc-b845-055f22f120af","local_time":"20190514172653","is_ascension_mode":true,"campfire_choices":[{"data":"Noxious Fumes","floor":6,"key":"SMITH"},{"data":"Venomology","floor":10,"key":"SMITH"},{"data":"Neutralize","floor":12,"key":"SMITH"},{"data":"Accuracy","floor":15,"key":"SMITH"},{"floor":23,"key":"REST"},{"floor":25,"key":"REST"},{"data":"Night Terror","floor":27,"key":"SMITH"},{"data":"Well Laid Plans","floor":29,"key":"SMITH"},{"floor":32,"key":"REST"},{"floor":40,"key":"REST"}],"neow_cost":"NONE","seed_source_timestamp":2498364900311083,"circlet_count":0,"master_deck":["AscendersBane","Defend_G","Defend_G","Defend_G","Defend_G","Defend_G","Strike_G","Strike_G","Survivor","Neutralize+1","Leg Sweep","Noxious Fumes+1","Infinite Blades","Venomology+1","Blur","Accuracy+1","Well Laid Plans+1","Venomology","Escape Plan+1","Infinite Blades","Night Terror+1","All Out Attack","PiercingWail","Dodge and Roll","Calculated Gamble+1","Footwork+1","Well Laid Plans","Apotheosis","Dagger Spray"],"relics":["Ring of the Snake","Orichalcum","Boot","Cursed Key","Pear","Matryoshka","Black Star","Calipers"],"potions_floor_usage":[16,16,16,18,19,20,24,24,24,33,33,33,33,36,36,36,39,39,41,41,41,42,42,42],"damage_taken":[{"damage":9,"enemies":"Cultist","floor":1,"turns":5},{"damage":0,"enemies":"Jaw Worm","floor":2,"turns":7},{"damage":2,"enemies":"Small Slimes","floor":4,"turns":5},{"damage":1,"enemies":"2 Fungi Beasts","floor":11,"turns":4},{"damage":5,"enemies":"Exordium Thugs","floor":13,"turns":4},{"damage":21,"enemies":"Exordium Wildlife","floor":14,"turns":7},{"damage":5,"enemies":"The Guardian","floor":16,"turns":11},{"damage":11,"enemies":"3 Byrds","floor":18,"turns":5},{"damage":6,"enemies":"Chosen","floor":19,"turns":5},{"damage":31,"enemies":"Snecko","floor":20,"turns":7},{"damage":35,"enemies":"Book of Stabbing","floor":24,"turns":7},{"damage":16,"enemies":"3 Cultists","floor":30,"turns":5},{"damage":41,"enemies":"Collector","floor":33,"turns":9},{"damage":9,"enemies":"3 Shapes","floor":35,"turns":8},{"damage":7,"enemies":"Mind Bloom Boss Battle","floor":36,"turns":6},{"damage":36,"enemies":"3 Darklings","floor":39,"turns":8},{"damage":17,"enemies":"Maw","floor":41,"turns":8},{"damage":30,"enemies":"Reptomancer","floor":42,"turns":2}],"seed_played":"-4595826428926612193","potions_obtained":[{"floor":1,"key":"Fire Potion"},{"floor":20,"key":"AttackPotion"},{"floor":30,"key":"LiquidBronze"},{"floor":33,"key":"Weak Potion"},{"floor":35,"key":"Block Potion"},{"floor":39,"key":"PowerPotion"}],"is_trial":false,"path_per_floor":["M","M","$","M","$","R","?","$","T","R","M","R","M","M","R","B",null,"M","M","M","?","?","R","E","R","T","R","?","R","M","?","R","B",null,"M","?","?","$","M","R","M","E"],"character_chosen":"THE_SILENT","items_purchased":["Noxious Fumes","Infinite Blades","Venomology","Orichalcum","Well Laid Plans","Apotheosis"],"campfire_rested":4,"item_purchase_floors":[3,5,8,8,38,38],"current_hp_per_floor":[54,54,54,52,52,52,52,52,52,52,51,51,46,25,25,20,58,59,53,22,22,22,43,32,56,56,56,56,56,40,25,50,9,66,57,50,50,50,14,39,22,0],"gold":135,"neow_bonus":"HUNDRED_GOLD","is_prod":false,"is_daily":false,"chose_seed":false,"campfire_upgraded":6,"win_rate":0,"timestamp":1557811613,"path_taken":["M","?","$","?","$","R","?","?","T","R","M","R","M","M","R","BOSS","M","M","M","?","?","R","E","R","T","R","?","R","M","?","R","BOSS","M","?","?","$","M","R","M","E"],"build_version":"2019-01-23","purchased_purges":2,"victory":false,"max_hp_per_floor":[70,70,70,70,70,70,70,70,70,70,70,70,70,70,70,70,70,70,70,70,70,70,70,80,80,80,80,80,80,80,85,85,85,85,85,85,85,85,85,85,85,85],"card_choices":[{"not_picked":["Skewer","Concentrate"],"picked":"Leg Sweep","floor":1},{"not_picked":["Dagger Throw","Slice","Reflex"],"picked":"SKIP","floor":2},{"not_picked":["Slice","Outmaneuver","Skewer"],"picked":"SKIP","floor":4},{"not_picked":["Bane","Endless Agony"],"picked":"Blur","floor":11},{"not_picked":["Dagger Spray","Calculated Gamble"],"picked":"Accuracy","floor":13},{"not_picked":["Storm of Steel","Bane"],"picked":"Well Laid Plans","floor":14},{"not_picked":["Unload","Storm of Steel"],"picked":"Venomology","floor":16},{"not_picked":["Skewer+1","Predator"],"picked":"Escape Plan+1","floor":18},{"not_picked":["Outmaneuver","Masterful Stab","Eviscerate"],"picked":"SKIP","floor":19},{"not_picked":["PiercingWail","Deflect"],"picked":"Infinite Blades","floor":20},{"not_picked":["Quick Slash","Sucker Punch"],"picked":"PiercingWail","floor":24},{"not_picked":["Setup","Poisoned Stab"],"picked":"Dodge and Roll","floor":30},{"not_picked":["All Out Attack+1","Poisoned Stab"],"picked":"Calculated Gamble+1","floor":35},{"not_picked":["Blur","Masterful Stab+1"],"picked":"Footwork+1","floor":36},{"not_picked":["Riddle With Holes+1","Endless Agony+1"],"picked":"Dagger Spray","floor":39},{"not_picked":["Outmaneuver+1","Caltrops","Deadly Poison"],"picked":"SKIP","floor":41}],"player_experience":250147,"relics_obtained":[{"floor":9,"key":"Boot"},{"floor":24,"key":"Pear"},{"floor":26,"key":"Matryoshka"},{"floor":36,"key":"Calipers"}],"event_choices":[{"damage_healed":0,"gold_gain":275,"player_choice":"Desecrate","damage_taken":0,"max_hp_gain":0,"max_hp_loss":0,"event_name":"Golden Shrine","floor":7,"gold_loss":0,"cards_obtained":["Regret"]},{"damage_healed":0,"gold_gain":0,"cards_transformed":["Strike_G","Strike_G"],"player_choice":"Became Test Subject","damage_taken":0,"max_hp_gain":0,"max_hp_loss":0,"event_name":"Drug Dealer","floor":21,"gold_loss":0,"cards_obtained":["Night Terror","All Out Attack"]},{"cards_removed":["Strike_G"],"damage_healed":0,"gold_gain":0,"player_choice":"Gave Gold","damage_taken":0,"max_hp_gain":0,"max_hp_loss":0,"event_name":"Beggar","floor":22,"gold_loss":75},{"damage_healed":0,"gold_gain":0,"player_choice":"Ignored","damage_taken":0,"max_hp_gain":0,"max_hp_loss":0,"event_name":"Cursed Tome","floor":28,"gold_loss":0},{"damage_healed":0,"gold_gain":0,"player_choice":"Shed Blood","damage_taken":20,"max_hp_gain":5,"max_hp_loss":0,"event_name":"Forgotten Altar","floor":31,"gold_loss":0},{"damage_healed":0,"gold_gain":0,"player_choice":"Fight","damage_taken":0,"max_hp_gain":0,"max_hp_loss":0,"event_name":"MindBloom","floor":36,"gold_loss":0},{"damage_healed":0,"gold_gain":0,"player_choice":"Ignored","damage_taken":0,"max_hp_gain":0,"max_hp_loss":0,"event_name":"Tomb of Lord Red Mask","floor":37,"gold_loss":0}],"is_beta":false,"boss_relics":[{"not_picked":["Empty Cage","Runic Dome"],"picked":"Cursed Key"},{"not_picked":["Velvet Choker","Sozu"],"picked":"Black Star"}],"items_purged_floors":[8,38],"is_endless":false,"potions_floor_spawned":[1,11,14,20,30,33,35,39],"killed_by":"Reptomancer","ascension_level":11}