{"gold_per_floor":[109,127,127,145,145,179,179,195,195,195,213,238,252,252,252,378,378,369,5,18,41,41,41,41,57,81,81,100,100,0,0],"floor_reached":31,"playtime":1105,"items_purged":["Regret","Clumsy"],"score":239,"play_id":"54c247de-df7b-4b63-b6bd-dde48fbcd2a1","local_time":"20190421133401","is_ascension_mode":false,"campfire_choices":[{"floor":7,"key":"REST"},{"floor":15,"key":"REST"},{"floor":23,"key":"REST"},{"floor":27,"key":"REST"}],"neow_cost":"NONE","seed_source_timestamp":497900817057137,"circlet_count":0,"master_deck":["Strike_B","Strike_B","Strike_B","Strike_B","Defend_B","Defend_B","Defend_B","Zap","Dualcast","Cold Snap","Conserve Battery","Streamline+1","Self Repair","Go for the Eyes","Barrage","Redo","Go for the Eyes+1","Rebound","Echo Form","White Noise","Gash","Loop","Capacitor","Core Surge"],"relics":["Cracked Core","NeowsBlessing","Kunai","Golden Idol","Question Card","Nuclear Battery","Cables","Whetstone"],"potions_floor_usage":[16,21],"damage_taken":[{"damage":0,"enemies":"Jaw Worm","floor":1,"turns":1},{"damage":0,"enemies":"2 Louse","floor":2,"turns":1},{"damage":0,"enemies":"Small Slimes","floor":4,"turns":1},{"damage":22,"enemies":"3 Sentries","floor":6,"turns":10},{"damage":8,"enemies":"Red Slaver","floor":8,"turns":3},{"damage":8,"enemies":"Gremlin Gang","floor":11,"turns":4},{"damage":3,"enemies":"Looter","floor":12,"turns":3},{"damage":13,"enemies":"Exordium Thugs","floor":13,"turns":4},{"damage":37,"enemies":"Slime Boss","floor":16,"turns":12},{"damage":29,"enemies":"2 Thieves","floor":18,"turns":4},{"damage":29,"enemies":"Shell Parasite","floor":20,"turns":5},{"damage":28,"enemies":"Sentry and Sphere","floor":21,"turns":6},{"damage":26,"enemies":"Snecko","floor":25,"turns":6},{"damage":23,"enemies":"Snake Plant","floor":28,"turns":4},{"damage":28,"enemies":"3 Cultists","floor":31,"turns":4}],"seed_played":"986638779956317406","potions_obtained":[{"floor":1,"key":"Strength Potion"},{"floor":8,"key":"SkillPotion"},{"floor":16,"key":"Swift Potion"},{"floor":20,"key":"FearPotion"},{"floor":25,"key":"Energy Potion"}],"is_trial":false,"path_per_floor":["M","M","?","M","?","E","R","M","T","?","M","M","M","?","R","B",null,"M","$","M","M","?","R","?","M","T","R","M","?","$","M"],"character_chosen":"DEFECT","items_purchased":["Gash","Cables"],"campfire_rested":4,"item_purchase_floors":[19,19],"current_hp_per_floor":[75,75,63,63,63,41,63,55,55,55,54,51,38,38,60,30,75,53,53,38,17,17,39,39,20,20,42,26,26,26,0],"gold":0,"neow_bonus":"THREE_ENEMY_KILL","is_prod":false,"is_daily":false,"chose_seed":false,"campfire_upgraded":0,"win_rate":0,"timestamp":1555810441,"path_taken":["M","M","?","M","?","E","R","M","T","?","?","?","M","?","R","BOSS","M","$","M","M","?","R","?","?","T","R","M","?","?","M"],"build_version":"2019-01-23","purchased_purges":2,"victory":false,"max_hp_per_floor":[75,75,75,75,75,75,75,75,75,75,75,75,75,75,75,75,75,75,75,75,75,75,75,75,75,75,75,75,75,75,75],"card_choices":[{"not_picked":["Self Repair","Hologram"],"picked":"Cold Snap","floor":1},{"not_picked":["Turbo","Consume"],"picked":"Conserve Battery","floor":2},{"not_picked":["Skim","Beam Cell"],"picked":"Streamline","floor":4},{"not_picked":["Turbo","Sweeping Beam"],"picked":"Self Repair","floor":6},{"not_picked":["Streamline","Fusion"],"picked":"Go for the Eyes","floor":8},{"not_picked":["Rainbow","Fusion"],"picked":"Redo","floor":11},{"not_picked":["Doom and Gloom","Hologram"],"picked":"Go for the Eyes","floor":12},{"not_picked":["Steam","Double Energy"],"picked":"Rebound","floor":13},{"not_picked":["Rainbow","Machine Learning","Seek"],"picked":"Echo Form","floor":16},{"not_picked":["Hologram","Melter","Sunder"],"picked":"White Noise","floor":18},{"not_picked":["Barrage","Compile Driver+1","Chaos","Stack+1"],"picked":"SKIP","floor":20},{"not_picked":["Hologram+1","Aggregate","Steam"],"picked":"Loop","floor":21},{"not_picked":["Barrage","Chill","Gash"],"picked":"Capacitor","floor":25},{"not_picked":["Consume+1","Hello World","Steam Power"],"picked":"Core Surge","floor":28}],"player_experience":42238,"relics_obtained":[{"floor":26,"key":"Whetstone"}],"event_choices":[{"damage_healed":0,"gold_gain":0,"player_choice":"Success","damage_taken":12,"relics_obtained":["Kunai"],"max_hp_gain":0,"max_hp_loss":0,"event_name":"Scrap Ooze","floor":3,"gold_loss":0},{"damage_healed":0,"gold_gain":0,"player_choice":"Take Wound","damage_taken":0,"relics_obtained":["Golden Idol"],"max_hp_gain":0,"max_hp_loss":0,"event_name":"Golden Idol","floor":5,"gold_loss":0,"cards_obtained":["Injury"]},{"damage_healed":0,"gold_gain":0,"cards_transformed":["Defend_B"],"player_choice":"Transformed","damage_taken":0,"max_hp_gain":0,"max_hp_loss":0,"event_name":"Transmorgrifier","floor":10,"gold_loss":0,"cards_obtained":["Barrage"]},{"damage_healed":0,"gold_gain":0,"player_choice":"Box","damage_taken":0,"relics_obtained":["Question Card"],"max_hp_gain":0,"max_hp_loss":0,"event_name":"Big Fish","floor":14,"gold_loss":0,"cards_obtained":["Regret"]},{"damage_healed":0,"gold_gain":0,"player_choice":"Ignored","damage_taken":0,"max_hp_gain":0,"max_hp_loss":0,"event_name":"Ghosts","floor":22,"gold_loss":0},{"damage_healed":0,"gold_gain":0,"cards_transformed":["Injury"],"player_choice":"Transformed","damage_taken":0,"max_hp_gain":0,"max_hp_loss":0,"event_name":"Transmorgrifier","floor":24,"gold_loss":0,"cards_obtained":["Clumsy"]},{"damage_healed":0,"gold_gain":0,"player_choice":"Ignored","damage_taken":0,"max_hp_gain":0,"max_hp_loss":0,"event_name":"Vampires","floor":29,"gold_loss":0}],"is_beta":false,"boss_relics":[{"not_picked":["Busted Crown","Empty Cage"],"picked":"Nuclear Battery"}],"items_purged_floors":[19,30],"is_endless":false,"potions_floor_spawned":[1,8,16,20,25],"killed_by":"3 Cultists","ascension_level":0}