{"gold_per_floor":[212,222,222,222,222,256,256,283,283,283,294,314,345,362,362,461,461,461,461,461,76,76,76,76,76,76,76],"floor_reached":27,"playtime":4319,"items_purged":["Strike_G"],"score":266,"play_id":"bc96f577-4833-4a81-8c0b-fe27b719f653","local_time":"20190508191140","is_ascension_mode":true,"campfire_choices":[{"data":"Sucker Punch","floor":7.0,"key":"SMITH"},{"floor":10.0,"key":"REST"},{"data":"1","floor":15.0,"key":"LIFT"}],"neow_cost":"NONE","seed_source_timestamp":0,"circlet_count":0,"master_deck":["Defend_G","Defend_G","Defend_G","Defend_G","Defend_G","Strike_G","Strike_G","Strike_G","Strike_G","Survivor","Neutralize+1","Dagger Spray","Backstab","Sucker Punch+1","Well Laid Plans","Acrobatics","Poisoned Stab","Phantasmal Killer","PiercingWail","Noxious Fumes","Bouncing Flask","Die Die Die+1","PiercingWail+1","Poisoned Stab+1"],"special_seed":0,"relics":["Ring of the Snake","Girya","Bird Faced Urn","Pen Nib","Matryoshka","Unceasing Top","Ectoplasm","Peace Pipe","Molten Egg 2","Pantograph","Letter Opener","Strawberry"],"potions_floor_usage":[24,25,27],"damage_taken":[{"damage":0.0,"enemies":"2 Louse","floor":1.0,"turns":4.0},{"damage":0.0,"enemies":"Small Slimes","floor":2.0,"turns":4.0},{"damage":24.0,"enemies":"Gremlin Nob","floor":6.0,"turns":5.0},{"damage":14.0,"enemies":"3 Sentries","floor":8.0,"turns":10.0},{"damage":3.0,"enemies":"Jaw Worm","floor":11.0,"turns":2.0},{"damage":4.0,"enemies":"Large Slime","floor":12.0,"turns":5.0},{"damage":13.0,"enemies":"Lagavulin","floor":13.0,"turns":8.0},{"damage":0.0,"enemies":"3 Louse","floor":14.0,"turns":3.0},{"damage":14.0,"enemies":"Hexaghost","floor":16.0,"turns":10.0},{"damage":14,"enemies":"Spheric Guardian","floor":18,"turns":4},{"damage":11,"enemies":"Colosseum Slavers","floor":19,"turns":5},{"damage":17,"enemies":"Colosseum Nobs","floor":19,"turns":5},{"damage":6,"enemies":"Shell Parasite","floor":20,"turns":4},{"damage":33,"enemies":"Book of Stabbing","floor":23,"turns":6},{"damage":3,"enemies":"Centurion and Healer","floor":24,"turns":5},{"damage":0,"enemies":"Snecko","floor":25,"turns":3},{"damage":17,"enemies":"Gremlin Leader","floor":27,"turns":4}],"seed_played":"-866510337184470051","potions_obtained":[{"floor":11.0,"key":"LiquidBronze"},{"floor":12.0,"key":"GamblersBrew"},{"floor":13.0,"key":"Dexterity Potion"},{"floor":14.0,"key":"LiquidBronze"},{"floor":19,"key":"Energy Potion"},{"floor":23,"key":"Poison Potion"},{"floor":24,"key":"Ancient Potion"}],"is_trial":false,"path_per_floor":["M","M","?","?","?","E","R","E","T","R","M","M","E","M","R","B",null,"M","?","M","$","?","E","M","M","T","E"],"character_chosen":"THE_SILENT","items_purchased":["Noxious Fumes","Bouncing Flask","Die Die Die+1"],"campfire_rested":1,"item_purchase_floors":[21,21,21],"current_hp_per_floor":[70,70,70,63,68,44,44,30,30,52,49,47,36,36,36,24,75,61,37,33,33,33,2,3,5,12,0],"gold":76,"neow_bonus":"HUNDRED_GOLD","is_prod":false,"is_daily":false,"chose_seed":false,"campfire_upgraded":1,"win_rate":0,"timestamp":1557357100,"path_taken":["M","M","?","?","?","E","R","E","T","R","M","?","E","M","R","BOSS","M","?","M","$","?","E","M","M","T","E"],"build_version":"2019-01-23","purchased_purges":1,"victory":false,"max_hp_per_floor":[70,70,70,70,75,75,75,75,75,75,75,75,75,75,75,75,75,75,75,75,75,75,75,75,75,82,82],"card_choices":[{"not_picked":["Bane","Outmaneuver"],"picked":"Dagger Spray","floor":1.0},{"not_picked":["Underhanded Strike","Backflip"],"picked":"Backstab","floor":2.0},{"not_picked":["Crippling Poison","Cloak And Dagger"],"picked":"Sucker Punch","floor":6.0},{"not_picked":["After Image","Flying Knee"],"picked":"Well Laid Plans","floor":8.0},{"not_picked":["Quick Slash","Dagger Spray","Outmaneuver"],"picked":"SKIP","floor":11.0},{"not_picked":["Expertise","Deadly Poison","Slice"],"picked":"SKIP","floor":12.0},{"not_picked":["Riddle With Holes","Caltrops"],"picked":"Acrobatics","floor":13.0},{"not_picked":["Backflip","Flechettes"],"picked":"Poisoned Stab","floor":14.0},{"not_picked":["Unload","Wraith Form v2"],"picked":"Phantasmal Killer","floor":16.0},{"not_picked":["Prepared+1","Dodge and Roll","Dagger Spray"],"picked":"SKIP","floor":18},{"not_picked":["Reflex","Prepared"],"picked":"PiercingWail","floor":20},{"not_picked":["Underhanded Strike+1","Cloak And Dagger"],"picked":"PiercingWail+1","floor":23},{"not_picked":["Calculated Gamble","Blade Dance"],"picked":"Poisoned Stab+1","floor":24},{"not_picked":["Finisher+1","Crippling Poison","Wraith Form v2"],"picked":"SKIP","floor":25}],"player_experience":136789,"relics_obtained":[{"floor":6.0,"key":"Bird Faced Urn"},{"floor":8.0,"key":"Pen Nib"},{"floor":9.0,"key":"Matryoshka"},{"floor":13.0,"key":"Unceasing Top"},{"floor":19,"key":"Peace Pipe"},{"floor":19,"key":"Molten Egg 2"},{"floor":23,"key":"Pantograph"},{"floor":26,"key":"Letter Opener"},{"floor":26,"key":"Strawberry"}],"event_choices":[{"damage_healed":0.0,"max_hp_gain":0.0,"max_hp_loss":0.0,"gold_gain":0.0,"event_name":"Living Wall","player_choice":"Grow","floor":3.0,"gold_loss":0.0,"damage_taken":0.0,"cards_upgraded":["Neutralize"]},{"damage_healed":0.0,"max_hp_gain":0.0,"max_hp_loss":0.0,"gold_gain":0.0,"event_name":"Scrap Ooze","player_choice":"Success","floor":4.0,"gold_loss":0.0,"damage_taken":7.0,"relics_obtained":["Girya"]},{"damage_healed":0.0,"max_hp_gain":5.0,"max_hp_loss":0.0,"gold_gain":0.0,"event_name":"Big Fish","player_choice":"Donut","floor":5.0,"gold_loss":0.0,"damage_taken":0.0},{"damage_healed":0,"gold_gain":0,"player_choice":"Fight","damage_taken":0,"max_hp_gain":0,"max_hp_loss":0,"event_name":"Colosseum","floor":19,"gold_loss":0},{"damage_healed":0,"gold_gain":0,"player_choice":"Fought Nobs","damage_taken":0,"max_hp_gain":0,"max_hp_loss":0,"event_name":"Colosseum","floor":19,"gold_loss":0},{"damage_healed":0,"gold_gain":0,"player_choice":"Ignored","damage_taken":0,"max_hp_gain":0,"max_hp_loss":0,"event_name":"Vampires","floor":22,"gold_loss":0}],"is_beta":false,"boss_relics":[{"not_picked":["Calling Bell","Snecko Eye"],"picked":"Ectoplasm"}],"items_purged_floors":[21],"is_endless":false,"potions_floor_spawned":[11,12,13,14,19,23,24],"killed_by":"Gremlin Leader","ascension_level":1}