{"gold_per_floor":[117,137,102,113,288,288,299,299,381,381,394,1,33,49,49,49],"floor_reached":16,"playtime":418,"items_purged":[],"score":158,"play_id":"f5bc5590-429b-45ff-8e2a-851b9d4024f4","local_time":"20190514162724","is_ascension_mode":true,"campfire_choices":[{"data":"Crippling Poison","floor":6,"key":"SMITH"},{"floor":8,"key":"REST"},{"floor":15,"key":"REST"}],"neow_cost":"NONE","seed_source_timestamp":2496190346480813,"circlet_count":0,"master_deck":["AscendersBane","Defend_G","Defend_G","Defend_G","Defend_G","Defend_G","Strike_G","Strike_G","Strike_G","Strike_G","Strike_G","Survivor","Neutralize+1","Escape Plan","Escape Plan","Crippling Poison+1","Bouncing Flask","PiercingWail","Caltrops","Venomology","Poisoned Stab"],"relics":["Ring of the Snake","Darkstone Periapt","Membership Card","Torii","Lantern"],"potions_floor_usage":[13,14,16,16],"damage_taken":[{"damage":2,"enemies":"Jaw Worm","floor":1,"turns":5},{"damage":2,"enemies":"2 Louse","floor":2,"turns":2},{"damage":3,"enemies":"Cultist","floor":4,"turns":5},{"damage":4,"enemies":"Red Slaver","floor":7,"turns":5},{"damage":4,"enemies":"Lots of Slimes","floor":11,"turns":2},{"damage":26,"enemies":"Gremlin Nob","floor":13,"turns":4},{"damage":24,"enemies":"Gremlin Gang","floor":14,"turns":4},{"damage":40,"enemies":"Slime Boss","floor":16,"turns":6}],"seed_played":"795778406519792410","potions_obtained":[{"floor":1,"key":"Ancient Potion"},{"floor":4,"key":"Energy Potion"}],"is_trial":false,"path_per_floor":["M","M","$","M","?","R","M","R","T","?","M","$","E","M","R","B"],"character_chosen":"THE_SILENT","items_purchased":["Escape Plan","Membership Card","Torii","Caltrops"],"campfire_rested":2,"item_purchase_floors":[3,12,12,12],"current_hp_per_floor":[61,59,59,56,56,56,52,70,70,70,66,66,40,16,37,0],"gold":49,"neow_bonus":"UPGRADE_CARD","is_prod":false,"is_daily":false,"chose_seed":false,"campfire_upgraded":1,"win_rate":0,"timestamp":1557808044,"path_taken":["M","M","$","M","?","R","M","R","T","?","?","?","E","?","R","BOSS"],"build_version":"2019-01-23","purchased_purges":0,"victory":false,"max_hp_per_floor":[70,70,70,70,70,70,70,70,70,70,70,70,70,70,70,70],"card_choices":[{"not_picked":["Riddle With Holes","Outmaneuver","Acrobatics"],"picked":"SKIP","floor":1},{"not_picked":["Poisoned Stab","Flechettes"],"picked":"Escape Plan","floor":2},{"not_picked":["Cloak And Dagger","Accuracy"],"picked":"Crippling Poison","floor":4},{"not_picked":["Flying Knee","Bane"],"picked":"Bouncing Flask","floor":7},{"not_picked":["Sucker Punch","Backstab"],"picked":"PiercingWail","floor":11},{"not_picked":["Slice","Accuracy"],"picked":"Venomology","floor":13},{"not_picked":["Backstab","Flechettes"],"picked":"Poisoned Stab","floor":14}],"player_experience":248070,"relics_obtained":[{"floor":9,"key":"Darkstone Periapt"},{"floor":13,"key":"Lantern"}],"event_choices":[{"damage_healed":0,"gold_gain":175,"player_choice":"AGREE","damage_taken":0,"max_hp_gain":0,"max_hp_loss":0,"event_name":"Liars Game","floor":5,"gold_loss":0,"cards_obtained":["Doubt"]},{"cards_removed":["Doubt"],"damage_healed":0,"gold_gain":0,"player_choice":"Removed Curses","damage_taken":0,"max_hp_gain":0,"max_hp_loss":0,"event_name":"Fountain of Cleansing","floor":10,"gold_loss":0}],"is_beta":false,"boss_relics":[],"items_purged_floors":[],"is_endless":false,"potions_floor_spawned":[1,4,11],"killed_by":"Slime Boss","ascension_level":11}