{"gold_per_floor":[117,117,132,145,220,255,255,255,255,255,267,287,137,149,149,253,253,271,13,31,31],"floor_reached":21,"playtime":784,"items_purged":["Defend_G","Normality"],"score":208,"play_id":"17d4d0c0-49bf-4152-ba64-646eeb85e84e","local_time":"20190428153322","is_ascension_mode":true,"campfire_choices":[{"floor":8,"key":"REST"},{"floor":15,"key":"REST"}],"neow_cost":"NONE","seed_source_timestamp":1110180259087333,"circlet_count":0,"master_deck":["Defend_G","Defend_G","Defend_G","Defend_G","Strike_G","Strike_G","Strike_G","Strike_G","Strike_G","Survivor","Neutralize","Cloak And Dagger","Deadly Poison","Footwork","Flying Knee","Bouncing Flask","Flying Knee","Well Laid Plans","Backflip","Tools of the Trade","Decay","Backflip+1","A Thousand Cuts","Caltrops"],"relics":["Ring of the Snake","NeowsBlessing","Omamori","Orichalcum","WarpedTongs","Mercury Hourglass","Calling Bell","Art of War","Pantograph","Calipers"],"potions_floor_usage":[21],"damage_taken":[{"damage":0,"enemies":"2 Louse","floor":1,"turns":1},{"damage":0,"enemies":"Small Slimes","floor":3,"turns":1},{"damage":0,"enemies":"Cultist","floor":4,"turns":1},{"damage":28,"enemies":"Lagavulin","floor":6,"turns":9},{"damage":3,"enemies":"Looter","floor":11,"turns":3},{"damage":27,"enemies":"Gremlin Gang","floor":12,"turns":4},{"damage":14,"enemies":"Large Slime","floor":14,"turns":5},{"damage":17,"enemies":"Slime Boss","floor":16,"turns":10},{"damage":18,"enemies":"Chosen","floor":18,"turns":5},{"damage":47,"enemies":"3 Byrds","floor":20,"turns":5},{"damage":17,"enemies":"Cultist and Chosen","floor":21,"turns":6}],"seed_played":"8744886708671741225","potions_obtained":[{"floor":3,"key":"FearPotion"},{"floor":6,"key":"EssenceOfSteel"},{"floor":12,"key":"LiquidBronze"},{"floor":14,"key":"SpeedPotion"}],"is_trial":false,"path_per_floor":["M","?","M","M","?","E","?","R","T","$","M","M","$","M","R","B",null,"M","$","M","M"],"character_chosen":"THE_SILENT","items_purchased":["Well Laid Plans","A Thousand Cuts"],"campfire_rested":2,"item_purchase_floors":[13,19],"current_hp_per_floor":[70,67,67,67,56,28,28,49,49,49,46,19,19,5,26,9,70,52,52,5,0],"gold":31,"neow_bonus":"THREE_ENEMY_KILL","is_prod":false,"is_daily":false,"chose_seed":false,"campfire_upgraded":0,"win_rate":0,"timestamp":1556422402,"path_taken":["M","?","M","M","?","E","?","R","T","$","M","M","$","M","R","BOSS","M","$","M","M"],"build_version":"2019-01-23","purchased_purges":2,"victory":false,"max_hp_per_floor":[70,70,70,70,70,70,70,70,70,70,70,70,70,70,70,70,70,70,70,70,70],"card_choices":[{"not_picked":["Flying Knee","Sucker Punch"],"picked":"Cloak And Dagger","floor":1},{"not_picked":["Acrobatics","Slice"],"picked":"Deadly Poison","floor":3},{"not_picked":["Masterful Stab","Slice"],"picked":"Footwork","floor":4},{"not_picked":["Quick Slash","Sucker Punch"],"picked":"Flying Knee","floor":6},{"not_picked":["Poisoned Stab","Predator"],"picked":"Bouncing Flask","floor":11},{"not_picked":["Dagger Throw","Bane"],"picked":"Flying Knee","floor":12},{"not_picked":["Deflect","Corpse Explosion"],"picked":"Backflip","floor":14},{"not_picked":["Unload","Bullet Time"],"picked":"Tools of the Trade","floor":16},{"not_picked":["Outmaneuver","Leg Sweep"],"picked":"Backflip+1","floor":18},{"not_picked":["Deflect","Reflex"],"picked":"Caltrops","floor":20}],"player_experience":112792,"relics_obtained":[{"floor":6,"key":"Orichalcum"},{"floor":9,"key":"Mercury Hourglass"},{"floor":17,"key":"Art of War"},{"floor":17,"key":"Pantograph"},{"floor":17,"key":"Calipers"}],"event_choices":[{"damage_healed":0,"gold_gain":0,"player_choice":"Success","damage_taken":3,"relics_obtained":["Omamori"],"max_hp_gain":0,"max_hp_loss":0,"event_name":"Scrap Ooze","floor":2,"gold_loss":0},{"damage_healed":0,"gold_gain":75,"player_choice":"Gather Gold","damage_taken":11,"max_hp_gain":0,"max_hp_loss":0,"event_name":"World of Goop","floor":5,"gold_loss":0},{"damage_healed":0,"gold_gain":0,"player_choice":"Rummage","damage_taken":0,"relics_obtained":["WarpedTongs"],"max_hp_gain":0,"max_hp_loss":0,"event_name":"Accursed Blacksmith","floor":7,"gold_loss":0,"cards_obtained":["Pain"]}],"is_beta":false,"boss_relics":[{"not_picked":["Ring of the Serpent","Coffee Dripper"],"picked":"Calling Bell"}],"items_purged_floors":[13,19],"is_endless":false,"potions_floor_spawned":[3,6,12,14,18,20],"killed_by":"Cultist and Chosen","ascension_level":3}