{"gold_per_floor":[12,87,107,127,143,143,168,168,168,168,183,199,199,216,216,317,317,335,352,352,367,46,46,57,76,76,94,94,110,110,129,129,231,231,244,260,6,20,20,20,36,36,84,121,153,181,193,27,27,27],"floor_reached":51,"playtime":3994,"items_purged":[],"score":687,"play_id":"32cc8b6e-ba4c-4ea7-b387-80e359099139","local_time":"20190420132133","is_ascension_mode":false,"campfire_choices":[{"data":"Defragment","floor":6,"key":"SMITH"},{"data":"Chill","floor":8,"key":"SMITH"},{"floor":15,"key":"REST"},{"data":"Apotheosis","floor":23,"key":"SMITH"},{"floor":30,"key":"REST"},{"floor":32,"key":"REST"},{"floor":40,"key":"REST"},{"floor":42,"key":"REST"},{"data":"Echo Form","floor":49,"key":"SMITH"}],"neow_cost":"NO_GOLD","seed_source_timestamp":407847898095525,"circlet_count":0,"master_deck":["Strike_B","Strike_B","Strike_B","Strike_B","Defend_B","Defend_B","Defend_B","Defend_B","Dualcast+1","Conserve Battery","Gash","Chill+1","Defragment+1","Coolheaded","Rebound","White Noise","Buffer","Capacitor","Hologram","Decay","Barrage","Amplify","Apotheosis+1","Turbo","Redo+1","Blizzard","Melter","Go for the Eyes+1","Echo Form+1","Cold Snap+1","Chill","Sunder","BootSequence+1","Aggregate+1","Writhe","Skim"],"relics":["Cracked Core","Lantern","Oddly Smooth Stone","Runic Pyramid","Kunai","Inserter","PreservedInsect","MawBank","Dodecahedron","Omamori"],"potions_floor_usage":[7,29,44,44,44],"damage_taken":[{"damage":0,"enemies":"2 Louse","floor":1,"turns":3},{"damage":0,"enemies":"Jaw Worm","floor":3,"turns":3},{"damage":0,"enemies":"Cultist","floor":4,"turns":3},{"damage":9,"enemies":"Large Slime","floor":5,"turns":7},{"damage":32,"enemies":"Gremlin Nob","floor":7,"turns":4},{"damage":0,"enemies":"Lots of Slimes","floor":11,"turns":6},{"damage":3,"enemies":"2 Fungi Beasts","floor":12,"turns":3},{"damage":1,"enemies":"Red Slaver","floor":14,"turns":3},{"damage":22,"enemies":"Slime Boss","floor":16,"turns":14},{"damage":0,"enemies":"3 Byrds","floor":18,"turns":9},{"damage":6,"enemies":"Chosen","floor":19,"turns":5},{"damage":16,"enemies":"Centurion and Healer","floor":21,"turns":8},{"damage":3,"enemies":"3 Cultists","floor":24,"turns":10},{"damage":10,"enemies":"Snake Plant","floor":25,"turns":6},{"damage":5,"enemies":"Centurion and Healer","floor":27,"turns":9},{"damage":43,"enemies":"Cultist and Chosen","floor":29,"turns":8},{"damage":27,"enemies":"Snake Plant","floor":31,"turns":6},{"damage":22,"enemies":"Champ","floor":33,"turns":18},{"damage":30,"enemies":"3 Darklings","floor":35,"turns":9},{"damage":3,"enemies":"3 Shapes","floor":36,"turns":5},{"damage":29,"enemies":"Spire Growth","floor":38,"turns":6},{"damage":12,"enemies":"Jaw Worm Horde","floor":41,"turns":6},{"damage":22,"enemies":"Giant Head","floor":44,"turns":11},{"damage":11,"enemies":"Sphere and 2 Shapes","floor":45,"turns":4},{"damage":8,"enemies":"Transient","floor":46,"turns":5},{"damage":53,"enemies":"Awakened One","floor":50,"turns":16}],"seed_played":"3724078253529186116","potions_obtained":[{"floor":3,"key":"FearPotion"},{"floor":4,"key":"Strength Potion"},{"floor":5,"key":"SkillPotion"},{"floor":19,"key":"Dexterity Potion"},{"floor":25,"key":"Fruit Juice"},{"floor":29,"key":"Strength Potion"},{"floor":33,"key":"Weak Potion"},{"floor":41,"key":"Regen Potion"},{"floor":45,"key":"Explosive Potion"}],"is_trial":false,"path_per_floor":["M","?","M","M","M","R","E","R","T","?","M","M","?","M","R","B",null,"M","M","?","M","$","R","M","M","T","M","$","M","R","M","R","B",null,"M","M","$","M","$","R","M","R","T","E","M","M","?","$","R","B",null],"character_chosen":"DEFECT","items_purchased":["Amplify","Apotheosis","Chill","Sunder","PreservedInsect","Skim","Omamori"],"campfire_rested":5,"item_purchase_floors":[22,22,37,37,37,48,48],"current_hp_per_floor":[89,78,78,78,69,69,37,37,37,37,37,34,34,33,59,37,89,89,83,83,67,67,67,64,54,54,49,49,11,39,12,40,18,94,64,61,61,32,32,60,48,76,76,69,58,50,74,74,74,21],"gold":27,"neow_bonus":"TWENTY_PERCENT_HP_BONUS","is_prod":false,"is_daily":false,"chose_seed":false,"campfire_upgraded":4,"win_rate":0.0,"timestamp":1555723293,"path_taken":["M","?","M","M","M","R","E","R","T","?","?","M","?","M","R","BOSS","M","?","?","M","$","R","M","?","T","M","$","M","R","M","R","BOSS","M","?","$","M","?","R","M","R","T","E","M","M","?","$","R","BOSS"],"build_version":"2019-01-23","purchased_purges":0,"victory":true,"max_hp_per_floor":[89,89,89,89,89,89,89,89,89,89,89,89,89,89,89,89,89,89,89,89,89,89,89,89,89,89,89,89,94,94,94,94,94,94,94,94,94,94,94,94,94,94,94,94,94,94,94,94,94,94],"card_choices":[{"not_picked":["Steam","Stack"],"picked":"Conserve Battery","floor":1},{"not_picked":["Auto Shields","Stack"],"picked":"Gash","floor":3},{"not_picked":["Storm","Conserve Battery"],"picked":"Chill","floor":4},{"not_picked":["Beam Cell","Turbo"],"picked":"Defragment","floor":5},{"not_picked":["Chaos","Barrage"],"picked":"Coolheaded","floor":7},{"not_picked":["Doom and Gloom","Stack"],"picked":"Rebound","floor":11},{"not_picked":["Conserve Battery","Sweeping Beam"],"picked":"White Noise","floor":12},{"not_picked":["Ball Lightning","Thunder Strike","Sweeping Beam"],"picked":"SKIP","floor":14},{"not_picked":["Seek","Rainbow"],"picked":"Buffer","floor":16},{"not_picked":["Rebound","Compile Driver"],"picked":"Capacitor","floor":18},{"not_picked":["Compile Driver+1","Consume"],"picked":"Hologram","floor":19},{"not_picked":["Static Discharge","Leap+1"],"picked":"Barrage","floor":21},{"not_picked":["Rebound+1","Lockon+1"],"picked":"Turbo","floor":24},{"not_picked":["Lockon","Ball Lightning"],"picked":"Redo+1","floor":25},{"not_picked":["Rebound","Heatsinks"],"picked":"Blizzard","floor":27},{"not_picked":["Darkness+1","Hologram+1"],"picked":"Melter","floor":29},{"not_picked":["Hello World","Redo"],"picked":"Go for the Eyes+1","floor":31},{"not_picked":["Seek","Fission"],"picked":"Echo Form","floor":33},{"not_picked":["Tempest+1","Barrage+1","Ball Lightning+1"],"picked":"SKIP","floor":35},{"not_picked":["Redo+1","Genetic Algorithm+1"],"picked":"Cold Snap+1","floor":36},{"not_picked":["Undo","Barrage+1","Redo"],"picked":"SKIP","floor":38},{"not_picked":["Rebound+1","Chaos+1","Reinforced Body"],"picked":"SKIP","floor":41},{"not_picked":["Stack","Blizzard+1"],"picked":"BootSequence+1","floor":44},{"not_picked":["FTL","Beam Cell","Scrape"],"picked":"SKIP","floor":45},{"not_picked":["Barrage+1","Leap+1"],"picked":"Aggregate+1","floor":46}],"player_experience":17507,"relics_obtained":[{"floor":7,"key":"Lantern"},{"floor":9,"key":"Oddly Smooth Stone"},{"floor":26,"key":"Kunai"},{"floor":43,"key":"MawBank"},{"floor":44,"key":"Dodecahedron"}],"event_choices":[{"damage_healed":0,"gold_gain":75,"player_choice":"Gather Gold","damage_taken":11,"max_hp_gain":0,"max_hp_loss":0,"event_name":"World of Goop","floor":2,"gold_loss":0},{"damage_healed":0,"gold_gain":0,"player_choice":"Upgraded","damage_taken":0,"max_hp_gain":0,"max_hp_loss":0,"event_name":"Upgrade Shrine","floor":10,"gold_loss":0,"cards_upgraded":["Dualcast"]},{"cards_removed":["Zap"],"damage_healed":0,"gold_gain":0,"player_choice":"Offered Basic","damage_taken":0,"max_hp_gain":0,"max_hp_loss":0,"event_name":"Bonfire Elementals","floor":13,"gold_loss":0},{"damage_healed":0,"gold_gain":0,"player_choice":"Cursed","damage_taken":0,"max_hp_gain":0,"max_hp_loss":0,"event_name":"Wheel of Change","floor":20,"gold_loss":0,"cards_obtained":["Decay"]},{"damage_healed":24,"gold_gain":0,"player_choice":"Writhe","damage_taken":0,"max_hp_gain":0,"max_hp_loss":0,"event_name":"Winding Halls","floor":47,"gold_loss":0,"cards_obtained":["Writhe"]}],"is_beta":false,"boss_relics":[{"not_picked":["Coffee Dripper","Runic Dome"],"picked":"Runic Pyramid"},{"not_picked":["White Beast Statue","Sozu"],"picked":"Inserter"}],"items_purged_floors":[],"is_endless":false,"potions_floor_spawned":[3,4,5,19,25,29,31,33,35,41,45],"ascension_level":0}