{"gold_per_floor":[16,31,41,41,41,41,71,85,110,175,185,205,205,130,130,204,204,220,232,157,157,0,33,33,33,59,73,73,86,118,118],"floor_reached":31,"playtime":3813,"items_purged":["Strike_G","Strike_G"],"score":670,"play_id":"266d22c8-6101-480f-b804-3afa7f5bd88a","local_time":"20190211232638","is_ascension_mode":true,"campfire_choices":[{"data":"Bouncing Flask","floor":6,"key":"SMITH"},{"data":"Deadly Poison","floor":13,"key":"SMITH"},{"data":"Burst","floor":15,"key":"SMITH"},{"data":"After Image","floor":24,"key":"SMITH"},{"data":"Neutralize","floor":25,"key":"SMITH"},{"data":"Dodge and Roll","floor":28,"key":"SMITH"}],"neow_cost":"NO_GOLD","seed_source_timestamp":2323477644249641,"circlet_count":0,"master_deck":["AscendersBane","Defend_G","Defend_G","Defend_G","Defend_G","Defend_G","Strike_G","Survivor","Neutralize+1","Poisoned Stab","Deadly Poison+1","Bouncing Flask+1","After Image+1","Burst+1","Burst","Bouncing Flask+1","Dodge and Roll","Night Terror","Dodge and Roll+1","Deadly Poison+1"],"relics":["Ring of the Snake","Torii","Oddly Smooth Stone","Ancient Tea Set","Tiny Chest","Runic Pyramid","WingedGreaves","Orichalcum","Vajra"],"potions_floor_usage":[10,10,16,19,23,23,31],"damage_taken":[{"damage":1,"enemies":"2 Louse","floor":1,"turns":3},{"damage":1,"enemies":"Jaw Worm","floor":2,"turns":6},{"damage":1,"enemies":"Small Slimes","floor":3,"turns":3},{"damage":22,"enemies":"Lagavulin","floor":7,"turns":6},{"damage":1,"enemies":"Looter","floor":8,"turns":4},{"damage":20,"enemies":"3 Sentries","floor":10,"turns":13},{"damage":0,"enemies":"2 Fungi Beasts","floor":11,"turns":5},{"damage":0,"enemies":"Blue Slaver","floor":12,"turns":4},{"damage":0,"enemies":"Hexaghost","floor":16,"turns":8},{"damage":0,"enemies":"Spheric Guardian","floor":18,"turns":2},{"damage":2,"enemies":"3 Byrds","floor":19,"turns":4},{"damage":19,"enemies":"Gremlin Leader","floor":23,"turns":8},{"damage":1,"enemies":"Snake Plant","floor":27,"turns":4},{"damage":1,"enemies":"Shelled Parasite and Fungi","floor":29,"turns":6},{"damage":4,"enemies":"Book of Stabbing","floor":30,"turns":6},{"damage":44,"enemies":"Slavers","floor":31,"turns":7}],"seed_played":"-2569085258119877869","potions_obtained":[{"floor":2,"key":"Ancient Potion"},{"floor":7,"key":"PowerPotion"},{"floor":8,"key":"PowerPotion"},{"floor":12,"key":"EssenceOfSteel"},{"floor":16,"key":"Dexterity Potion"},{"floor":18,"key":"Fire Potion"},{"floor":29,"key":"Fire Potion"}],"is_trial":false,"path_per_floor":["M","M","M","?","$","R","E","M","T","E","M","M","R","$","R","B",null,"M","M","?","?","$","E","R","R","T","M","R","M","E","E"],"character_chosen":"THE_SILENT","items_purchased":["Fire Potion"],"campfire_rested":0,"item_purchase_floors":[22],"current_hp_per_floor":[58,57,56,49,49,49,27,26,26,6,6,6,6,6,6,6,51,51,49,49,62,62,43,43,43,43,42,42,41,37,0],"gold":118,"neow_bonus":"ONE_RARE_RELIC","is_prod":false,"is_daily":false,"chose_seed":false,"campfire_upgraded":6,"win_rate":0,"timestamp":1549923998,"path_taken":["M","M","M","?","?","R","E","M","T","E","?","M","R","$","R","BOSS","M","M","?","?","$","E","R","R","T","M","R","M","E","E"],"build_version":"2019-01-23","purchased_purges":2,"victory":false,"max_hp_per_floor":[66,66,66,66,66,66,66,66,66,66,66,66,66,66,66,66,66,66,66,66,66,66,66,66,66,66,66,66,66,66,66],"card_choices":[{"not_picked":["Dagger Throw","Acrobatics"],"picked":"Poisoned Stab","floor":1},{"not_picked":["Slice","Quick Slash"],"picked":"Deadly Poison","floor":2},{"not_picked":["Accuracy","Poisoned Stab"],"picked":"Bouncing Flask","floor":3},{"not_picked":["Slice","Cloak And Dagger"],"picked":"After Image","floor":7},{"not_picked":["Prepared","Blade Dance","Deflect"],"picked":"SKIP","floor":8},{"not_picked":["Bane","Prepared","Skewer"],"picked":"SKIP","floor":10},{"not_picked":["Underhanded Strike","Finisher","Sucker Punch"],"picked":"SKIP","floor":11},{"not_picked":["Deadly Poison","Bane"],"picked":"Burst","floor":12},{"not_picked":["Night Terror","Unload"],"picked":"Burst","floor":16},{"not_picked":["Slice","Deflect"],"picked":"Bouncing Flask+1","floor":18},{"not_picked":["Noxious Fumes","Acrobatics"],"picked":"Dodge and Roll","floor":19},{"not_picked":["Setup","Tools of the Trade"],"picked":"Night Terror","floor":23},{"not_picked":["Underhanded Strike","Poisoned Stab"],"picked":"Dodge and Roll","floor":27},{"not_picked":["Distraction+1","Choke"],"picked":"Deadly Poison+1","floor":29},{"not_picked":["Quick Slash","Underhanded Strike+1","Acrobatics"],"picked":"SKIP","floor":30}],"player_experience":1880449,"relics_obtained":[{"floor":7,"key":"Oddly Smooth Stone"},{"floor":9,"key":"Ancient Tea Set"},{"floor":10,"key":"Tiny Chest"},{"floor":23,"key":"WingedGreaves"},{"floor":26,"key":"Orichalcum"},{"floor":30,"key":"Vajra"}],"event_choices":[{"cards_removed":["Strike_G"],"damage_healed":0,"gold_gain":0,"player_choice":"Card Removal","damage_taken":7,"max_hp_gain":0,"max_hp_loss":0,"event_name":"Golden Wing","floor":4,"gold_loss":0},{"cards_removed":["Strike_G"],"damage_healed":0,"gold_gain":0,"player_choice":"Gave Gold","damage_taken":0,"max_hp_gain":0,"max_hp_loss":0,"event_name":"Beggar","floor":20,"gold_loss":75},{"damage_healed":13,"gold_gain":0,"player_choice":"Heal","damage_taken":0,"max_hp_gain":0,"max_hp_loss":0,"event_name":"The Library","floor":21,"gold_loss":0}],"is_beta":false,"boss_relics":[{"not_picked":["HoveringKite","Sozu"],"picked":"Runic Pyramid"}],"items_purged_floors":[14,22],"is_endless":false,"potions_floor_spawned":[2,7,8,12,16,18,29],"killed_by":"Slavers","ascension_level":20}