{"gold_per_floor":[111,131,96,115,169,169,197,13,13,44,44,44,44,71,71,71],"floor_reached":16,"playtime":497,"items_purged":[],"score":212,"play_id":"2baee5af-e36c-4724-a50f-eace5f7cf47e","local_time":"20190113130020","is_ascension_mode":true,"campfire_choices":[{"data":"Uppercut","floor":6,"key":"SMITH"},{"data":"Flame Barrier","floor":12,"key":"SMITH"},{"data":"Flame Barrier","floor":15,"key":"SMITH"}],"neow_cost":"PERCENT_DAMAGE","seed_source_timestamp":3881198853825,"circlet_count":0,"master_deck":["AscendersBane","Strike_R","Strike_R","Strike_R","Strike_R","Strike_R","Defend_R","Defend_R","Defend_R","Defend_R","Bash","Flame Barrier+1","Uppercut+1","Sword Boomerang","Flame Barrier+1","Feed","Shrug It Off","Feed+1"],"relics":["Burning Blood","Bag of Marbles","Gremlin Horn","Self Forming Clay","Molten Egg 2"],"potions_floor_usage":[10],"damage_taken":[{"damage":7,"enemies":"Cultist","floor":1,"turns":4},{"damage":7,"enemies":"Jaw Worm","floor":2,"turns":6},{"damage":4,"enemies":"Small Slimes","floor":4,"turns":4},{"damage":52,"enemies":"3 Sentries","floor":7,"turns":10},{"damage":21,"enemies":"Gremlin Nob","floor":10,"turns":4},{"damage":40,"enemies":"Slime Boss","floor":16,"turns":6}],"seed_played":"6317323553344269227","potions_obtained":[{"floor":2,"key":"LiquidBronze"},{"floor":7,"key":"Dexterity Potion"}],"is_trial":false,"path_per_floor":["M","M","?","M","T","R","E","$","T","E","$","R","$","T","R","B"],"character_chosen":"IRONCLAD","items_purchased":["Feed","Shrug It Off"],"campfire_rested":0,"item_purchase_floors":[8,8],"current_hp_per_floor":[63,62,84,86,86,86,40,40,40,28,28,28,28,28,28,0],"gold":71,"neow_bonus":"TWENTY_PERCENT_HP_BONUS","is_prod":false,"is_daily":false,"chose_seed":false,"campfire_upgraded":3,"win_rate":0,"timestamp":1547380820,"path_taken":["M","?","?","M","?","R","E","?","T","E","$","R","$","?","R","BOSS"],"build_version":"2019-01-10","purchased_purges":0,"victory":false,"max_hp_per_floor":[89,89,89,89,89,89,89,89,89,92,92,92,92,92,92,92],"card_choices":[{"not_picked":["Shrug It Off","Thunderclap"],"picked":"Flame Barrier","floor":1},{"not_picked":["Headbutt","Sentinel"],"picked":"Uppercut","floor":2},{"not_picked":["Corruption","Hemokinesis"],"picked":"Sword Boomerang","floor":4},{"not_picked":["Iron Wave","Blood for Blood"],"picked":"Flame Barrier","floor":7},{"not_picked":["Clash","Cleave"],"picked":"Feed","floor":10}],"player_experience":1780470,"relics_obtained":[{"floor":5,"key":"Bag of Marbles"},{"floor":7,"key":"Gremlin Horn"},{"floor":9,"key":"Self Forming Clay"},{"floor":10,"key":"Molten Egg 2"}],"event_choices":[{"damage_healed":22,"gold_gain":0,"player_choice":"Healed","damage_taken":0,"max_hp_gain":0,"max_hp_loss":0,"event_name":"The Cleric","floor":3,"gold_loss":35}],"is_beta":false,"boss_relics":[],"items_purged_floors":[],"is_endless":false,"potions_floor_spawned":[2,7],"killed_by":"Slime Boss","ascension_level":20}