{"gold_per_floor":[111,124,136,156,168,193,193,213,237,237,237],"floor_reached":11,"playtime":534,"items_purged":[],"score":104,"play_id":"09936d1a-5b14-459e-9e4f-fd3c5f2e1b89","local_time":"20190212191230","is_ascension_mode":true,"campfire_choices":[{"data":"Shrug It Off","floor":7.0,"key":"SMITH"},{"data":"Uppercut","floor":10,"key":"SMITH"}],"neow_cost":"NONE","seed_source_timestamp":590479145381700,"circlet_count":0,"master_deck":["Strike_R","Strike_R","Strike_R","Strike_R","Strike_R","Defend_R","Defend_R","Defend_R","Defend_R","Bash+1","Pommel Strike","Headbutt","Shrug It Off+1","Uppercut+1"],"special_seed":0,"relics":["Burning Blood","Peace Pipe","Potion Belt"],"potions_floor_usage":[],"damage_taken":[{"damage":8.0,"enemies":"Jaw Worm","floor":1.0,"turns":6.0},{"damage":13.0,"enemies":"Small Slimes","floor":2.0,"turns":4.0},{"damage":6.0,"enemies":"Cultist","floor":3.0,"turns":3.0},{"damage":26.0,"enemies":"Lots of Slimes","floor":4.0,"turns":7.0},{"damage":11.0,"enemies":"Looter","floor":5.0,"turns":2.0},{"damage":18.0,"enemies":"Gremlin Nob","floor":6.0,"turns":4.0},{"damage":10,"enemies":"Large Slime","floor":8,"turns":8},{"damage":22,"enemies":"Lagavulin Event","floor":11,"turns":3}],"seed_played":"3093665915628890139","potions_obtained":[{"floor":5.0,"key":"LiquidBronze"},{"floor":6.0,"key":"SpeedPotion"},{"floor":8,"key":"Weak Potion"}],"is_trial":false,"path_per_floor":["M","M","M","M","M","E","R","M","T","R","?"],"character_chosen":"IRONCLAD","items_purchased":[],"campfire_rested":0,"item_purchase_floors":[],"current_hp_per_floor":[70,63,63,43,38,26,26,22,22,22,0],"gold":237,"neow_bonus":"UPGRADE_CARD","is_prod":false,"is_daily":false,"chose_seed":false,"campfire_upgraded":2,"win_rate":0,"timestamp":1550016750,"path_taken":["M","M","M","M","M","E","R","M","T","R","?"],"build_version":"2019-01-23","purchased_purges":0,"victory":false,"max_hp_per_floor":[80,80,80,80,80,80,80,80,80,80,80],"card_choices":[{"not_picked":["Heavy Blade","Clash","Flex"],"picked":"SKIP","floor":1.0},{"not_picked":["Flex","Ghostly Armor"],"picked":"Pommel Strike","floor":2.0},{"not_picked":["Entrench","Perfected Strike"],"picked":"Headbutt","floor":3.0},{"not_picked":["Headbutt","Dark Embrace","Second Wind"],"picked":"SKIP","floor":4.0},{"not_picked":["Sword Boomerang","Cleave"],"picked":"Shrug It Off","floor":5.0},{"not_picked":["Heavy Blade","Headbutt","Sentinel"],"picked":"SKIP","floor":6.0},{"not_picked":["Wild Strike","Clash"],"picked":"Uppercut","floor":8}],"player_experience":220512,"relics_obtained":[{"floor":6.0,"key":"Peace Pipe"},{"floor":9,"key":"Potion Belt"}],"event_choices":[{"damage_healed":0,"gold_gain":0,"player_choice":"Searched \u00271\u0027 times","damage_taken":0,"max_hp_gain":0,"max_hp_loss":0,"event_name":"Dead Adventurer","floor":11,"gold_loss":0}],"is_beta":false,"boss_relics":[],"items_purged_floors":[],"is_endless":false,"potions_floor_spawned":[5,6,8],"killed_by":"Lagavulin Event","ascension_level":7}