{"gold_per_floor":[118,118,138,138,5,36,36,68,68,68,68],"floor_reached":11,"playtime":309,"items_purged":[],"score":158,"play_id":"32cae6f0-f3c1-43e0-b123-983fa95b464d","local_time":"20181228160906","is_ascension_mode":true,"campfire_choices":[{"data":"Consume","floor":7,"key":"SMITH"},{"data":"Sweeping Beam","floor":10,"key":"SMITH"}],"neow_cost":"NONE","seed_source_timestamp":319547223708126,"circlet_count":0,"master_deck":["AscendersBane","Strike_B","Strike_B","Strike_B","Strike_B","Defend_B","Defend_B","Defend_B","Defend_B","Zap+1","Dualcast","Consume+1","Gash","Loop","Sweeping Beam+1","Self Repair"],"relics":["Cracked Core","Pocketwatch","Prayer Wheel","Regal Pillow","Sundial"],"potions_floor_usage":[6],"damage_taken":[{"damage":1,"enemies":"Cultist","floor":1,"turns":3},{"damage":14,"enemies":"Small Slimes","floor":3,"turns":3},{"damage":20,"enemies":"3 Sentries","floor":6,"turns":6},{"damage":8,"enemies":"Gremlin Nob","floor":8,"turns":3},{"damage":20,"enemies":"Lagavulin","floor":11,"turns":3}],"seed_played":"1567473478845898702","potions_obtained":[{"floor":1,"key":"LiquidBronze"}],"is_trial":false,"path_per_floor":["M","?","M","?","$","E","R","E","T","R","E"],"character_chosen":"DEFECT","items_purchased":["Loop","PowerPotion"],"campfire_rested":0,"item_purchase_floors":[5,5],"current_hp_per_floor":[63,63,49,42,42,22,22,14,14,14,0],"gold":68,"neow_bonus":"UPGRADE_CARD","is_prod":false,"is_daily":false,"chose_seed":false,"campfire_upgraded":2,"win_rate":0,"timestamp":1546009746,"path_taken":["M","?","M","?","$","E","R","E","T","R","E"],"build_version":"2018-12-20","purchased_purges":0,"victory":false,"max_hp_per_floor":[71,71,71,71,71,71,71,71,71,71,71],"card_choices":[{"not_picked":["FTL","Reprogram"],"picked":"Consume","floor":1},{"not_picked":["Conserve Battery","Turbo"],"picked":"Gash","floor":3},{"not_picked":["Streamline","Steam"],"picked":"Sweeping Beam","floor":6},{"not_picked":["Conserve Battery","Double Energy"],"picked":"Self Repair","floor":8}],"player_experience":1752855,"relics_obtained":[{"floor":6,"key":"Prayer Wheel"},{"floor":8,"key":"Regal Pillow"},{"floor":9,"key":"Sundial"}],"event_choices":[{"damage_healed":0,"gold_gain":0,"player_choice":"Box","damage_taken":0,"relics_obtained":["Pocketwatch"],"max_hp_gain":0,"max_hp_loss":0,"event_name":"Big Fish","floor":2,"gold_loss":0,"cards_obtained":["Regret"]},{"cards_removed":["Regret"],"damage_healed":0,"gold_gain":0,"player_choice":"Card Removal","damage_taken":7,"max_hp_gain":0,"max_hp_loss":0,"event_name":"Golden Wing","floor":4,"gold_loss":0}],"is_beta":false,"boss_relics":[],"items_purged_floors":[],"is_endless":false,"potions_floor_spawned":[1],"killed_by":"Lagavulin","ascension_level":20}