{"gold_per_floor":[118,66,66,66,86,86,127,127,127,127,165,186,186,206,206,296,296,320,335,356,356,372,408,408,439,439,96,130,180,180,221,221,320,320,334,384,403,424,424,459,459,478,503,518,557,557,557,601,601,601,601,601,601,128,163,163],"floor_reached":57,"playtime":3102,"items_purged":["Strike_G","Phantasmal Killer"],"score":3252,"play_id":"cd9720ec-68e9-4f5d-99f0-29841aa97465","local_time":"20190127222952","is_ascension_mode":true,"campfire_choices":[{"data":"Deadly Poison","floor":6,"key":"SMITH"},{"data":"Poisoned Stab","floor":8,"key":"SMITH"},{"data":"Dodge and Roll","floor":10,"key":"SMITH"},{"data":"Crippling Poison","floor":15,"key":"SMITH"},{"floor":24,"key":"REST"},{"data":"Wraith Form v2","floor":30,"key":"SMITH"},{"data":"Wraith Form v2","floor":32,"key":"SMITH"},{"data":"Catalyst","floor":41,"key":"SMITH"},{"floor":47,"key":"RECALL"},{"data":"Bouncing Flask","floor":49,"key":"SMITH"},{"floor":53,"key":"REST"}],"neow_cost":"NONE","seed_source_timestamp":1024651500257759,"circlet_count":0,"master_deck":["AscendersBane","Survivor","Neutralize","Dodge and Roll+1","Deadly Poison+1","Poisoned Stab+1","Backflip","Poisoned Stab","Crippling Poison+1","Wraith Form v2+1","Catalyst+1","After Image","Crippling Poison","Wraith Form v2+1","Malaise","Tools of the Trade","Quick Slash","Deadly Poison","Bouncing Flask+1","Malaise","Die Die Die","Storm of Steel","Terror","Crippling Poison","Burst","Leg Sweep+1"],"relics":["Ring of the Snake","NeowsBlessing","Golden Idol","Ancient Tea Set","Kunai","Question Card","Paper Crane","Snecko Eye","Singing Bowl","Mercury Hourglass","Lantern","DollysMirror","Anchor","Shuriken","Pandora\u0027s Box","Sundial","Dream Catcher","Ninja Scroll","Darkstone Periapt","Gambling Chip","Mango"],"potions_floor_usage":[23,42,48,56],"damage_taken":[{"damage":0,"enemies":"Small Slimes","floor":1,"turns":1},{"damage":0,"enemies":"2 Louse","floor":5,"turns":1},{"damage":0,"enemies":"Gremlin Nob","floor":7,"turns":1},{"damage":19,"enemies":"3 Sentries","floor":11,"turns":11},{"damage":0,"enemies":"Jaw Worm","floor":12,"turns":3},{"damage":6,"enemies":"Exordium Wildlife","floor":14,"turns":5},{"damage":6,"enemies":"Hexaghost","floor":16,"turns":8},{"damage":5,"enemies":"Shell Parasite","floor":18,"turns":4},{"damage":0,"enemies":"Chosen","floor":19,"turns":4},{"damage":23,"enemies":"Shelled Parasite and Fungi","floor":20,"turns":4},{"damage":2,"enemies":"Chosen and Byrds","floor":22,"turns":7},{"damage":18,"enemies":"Gremlin Leader","floor":23,"turns":6},{"damage":2,"enemies":"Book of Stabbing","floor":25,"turns":4},{"damage":0,"enemies":"Gremlin Leader","floor":28,"turns":6},{"damage":0,"enemies":"Slavers","floor":31,"turns":4},{"damage":6,"enemies":"Collector","floor":33,"turns":8},{"damage":0,"enemies":"3 Shapes","floor":35,"turns":3},{"damage":0,"enemies":"Orb Walker","floor":37,"turns":3},{"damage":0,"enemies":"4 Shapes","floor":38,"turns":3},{"damage":0,"enemies":"Reptomancer","floor":40,"turns":6},{"damage":0,"enemies":"Writhing Mass","floor":42,"turns":6},{"damage":2,"enemies":"Spire Growth","floor":44,"turns":5},{"damage":2,"enemies":"Giant Head","floor":45,"turns":8},{"damage":0,"enemies":"Reptomancer","floor":48,"turns":7},{"damage":0,"enemies":"Time Eater","floor":50,"turns":8},{"damage":65,"enemies":"Donu and Deca","floor":51,"turns":9},{"damage":0,"enemies":"Shield and Spear","floor":55,"turns":7},{"damage":60,"enemies":"The Heart","floor":56,"turns":11}],"seed_played":"8334450119599060843","potions_obtained":[{"floor":7,"key":"Dexterity Potion"},{"floor":11,"key":"Explosive Potion"},{"floor":28,"key":"Fire Potion"},{"floor":40,"key":"Regen Potion"},{"floor":42,"key":"SkillPotion"},{"floor":44,"key":"FairyPotion"}],"is_trial":false,"path_per_floor":["M","$","?","?","M","R","E","R","T","R","E","M","T","M","R","B",null,"M","M","M","?","M","E","R","E","T","$","E","?","R","E","R","B",null,"M","?","M","M","?","E","R","M","T","M","E","?","R","E","R","B","B",null,"R","$","E","B",null],"character_chosen":"THE_SILENT","items_purchased":["Deadly Poison","DollysMirror","Swift Potion","Block Potion","Gambling Chip"],"campfire_rested":2,"item_purchase_floors":[2,27,27,54,54],"current_hp_per_floor":[59,59,59,54,54,54,54,54,54,54,35,35,35,29,29,23,51,46,46,23,23,21,5,23,21,21,21,23,23,23,25,25,19,54,54,54,56,58,58,60,60,74,74,72,70,70,70,72,72,72,7,56,74,74,90,30],"gold":163,"neow_bonus":"THREE_ENEMY_KILL","is_prod":false,"is_daily":false,"chose_seed":false,"campfire_upgraded":8,"win_rate":0,"timestamp":1548624592,"path_taken":["M","$","?","?","?","R","E","R","T","R","E","M","?","M","R","BOSS","M","?","M","?","?","E","R","E","T","?","E","?","R","E","R","BOSS","M","?","M","?","?","E","R","M","T","M","E","?","R","E","R","BOSS","BOSS","R","$","E","BOSS"],"build_version":"2019-01-23","purchased_purges":2,"victory":true,"max_hp_per_floor":[66,66,60,60,60,60,60,60,60,60,60,60,60,60,60,60,60,60,60,60,60,60,62,62,62,62,62,64,64,64,66,66,66,66,66,66,68,70,70,72,72,74,74,74,74,70,70,72,72,72,72,72,74,74,90,90],"card_choices":[{"not_picked":["Bane","Distraction"],"picked":"Dodge and Roll","floor":1},{"not_picked":["Blade Dance","All Out Attack"],"picked":"Poisoned Stab","floor":5},{"not_picked":["Quick Slash","Bane","Slice"],"picked":"SKIP","floor":7},{"not_picked":["Concentrate","Prepared","Bane"],"picked":"Backflip","floor":11},{"not_picked":["Quick Slash","Slice","Outmaneuver"],"picked":"Poisoned Stab","floor":12},{"not_picked":["Sucker Punch","Phantasmal Killer","Acrobatics"],"picked":"Crippling Poison","floor":14},{"not_picked":["Grand Finale","Malaise","Corpse Explosion"],"picked":"Wraith Form v2","floor":16},{"not_picked":["Underhanded Strike","Deflect","Caltrops","Sucker Punch"],"picked":"SKIP","floor":18},{"not_picked":["Acrobatics","Blade Dance+1","Dagger Throw"],"picked":"Catalyst","floor":19},{"not_picked":["Dagger Spray+1","Flying Knee","Expertise"],"picked":"After Image","floor":20},{"not_picked":["Deflect","Quick Slash","Flechettes","Dagger Throw+1"],"picked":"SKIP","floor":22},{"not_picked":["Dagger Throw","Footwork","Acrobatics","Riddle With Holes"],"picked":"Singing Bowl","floor":23},{"not_picked":["Expertise+1","Prepared","Tactician"],"picked":"Crippling Poison","floor":25},{"not_picked":["Unload","Concentrate","Heel Hook","Sucker Punch"],"picked":"Singing Bowl","floor":28},{"not_picked":["Unload","Backflip","Dagger Spray","Heel Hook"],"picked":"Singing Bowl","floor":31},{"not_picked":["Storm of Steel","Die Die Die","Glass Knife"],"picked":"Malaise","floor":33},{"not_picked":["Choke","Dagger Throw+1","Deflect"],"picked":"Crippling Poison","floor":35},{"not_picked":["Deflect","Slice","Footwork+1","Poisoned Stab"],"picked":"Singing Bowl","floor":37},{"not_picked":["Dodge and Roll","Deadly Poison","Outmaneuver","Bane"],"picked":"Singing Bowl","floor":38},{"not_picked":["Deflect","Quick Slash+1","Sucker Punch","Eviscerate"],"picked":"Singing Bowl","floor":40},{"not_picked":["Blur+1","Escape Plan","Blade Dance","Riddle With Holes"],"picked":"Singing Bowl","floor":42},{"not_picked":["Reflex","Poisoned Stab+1","Flechettes"],"picked":"Burst","floor":44},{"not_picked":["Prepared","Footwork","Blade Dance+1"],"picked":"Leg Sweep+1","floor":45},{"not_picked":["Setup","Slice","Quick Slash","Masterful Stab"],"picked":"Singing Bowl","floor":48},{"not_picked":["Outmaneuver","Backstab","Bane+1","Expertise+1"],"picked":"Singing Bowl","floor":53},{"not_picked":["Flying Knee+1","Corpse Explosion","Blur","All Out Attack+1"],"picked":"Singing Bowl","floor":55}],"player_experience":1813483,"relics_obtained":[{"floor":7,"key":"Kunai"},{"floor":9,"key":"Question Card"},{"floor":11,"key":"Paper Crane"},{"floor":23,"key":"Singing Bowl"},{"floor":25,"key":"Mercury Hourglass"},{"floor":26,"key":"Lantern"},{"floor":28,"key":"Anchor"},{"floor":31,"key":"Shuriken"},{"floor":40,"key":"Sundial"},{"floor":43,"key":"Dream Catcher"},{"floor":45,"key":"Ninja Scroll"},{"floor":48,"key":"Darkstone Periapt"},{"floor":55,"key":"Mango"}],"event_choices":[{"damage_healed":0,"gold_gain":0,"player_choice":"Lose Max HP","damage_taken":0,"relics_obtained":["Golden Idol"],"max_hp_gain":0,"max_hp_loss":6,"event_name":"Golden Idol","floor":3,"gold_loss":0},{"damage_healed":0,"gold_gain":0,"player_choice":"Success","damage_taken":5,"relics_obtained":["Ancient Tea Set"],"max_hp_gain":0,"max_hp_loss":0,"event_name":"Scrap Ooze","floor":4,"gold_loss":0},{"damage_healed":0,"gold_gain":0,"player_choice":"Ignored","damage_taken":0,"max_hp_gain":0,"max_hp_loss":0,"event_name":"N\u0027loth","floor":21,"gold_loss":0},{"damage_healed":0,"gold_gain":50,"player_choice":"Stole From Cult","damage_taken":0,"max_hp_gain":0,"max_hp_loss":0,"event_name":"Nest","floor":29,"gold_loss":0},{"damage_healed":0,"gold_gain":50,"player_choice":"Pray","damage_taken":0,"max_hp_gain":0,"max_hp_loss":0,"event_name":"Golden Shrine","floor":36,"gold_loss":0},{"damage_healed":0,"gold_gain":0,"player_choice":"Ignored","damage_taken":0,"max_hp_gain":0,"max_hp_loss":0,"event_name":"Tomb of Lord Red Mask","floor":39,"gold_loss":0},{"damage_healed":0,"gold_gain":0,"player_choice":"Max HP","damage_taken":0,"max_hp_gain":0,"max_hp_loss":4,"event_name":"Winding Halls","floor":46,"gold_loss":0}],"is_beta":false,"boss_relics":[{"not_picked":["Coffee Dripper","Cursed Key"],"picked":"Snecko Eye"},{"not_picked":["Ring of the Serpent","Eternal Feather"],"picked":"Pandora\u0027s Box"}],"items_purged_floors":[27,54],"is_endless":false,"potions_floor_spawned":[7,11,16,28,31,33,40,42,44],"ascension_level":20}