{"gold_per_floor":[362,382,382,396,243,243,271,4,4,4,24,24,38,67,67,141,141,154,171,171,187,187,187,220,237,237,26,46,56,56,70,70,144,144,159,159,176,176,156,156],"floor_reached":40,"playtime":2076,"items_purged":["Strike_B"],"score":773,"play_id":"d44eeb70-fbb2-47d1-9e44-6827886fe4f4","local_time":"20190309131202","is_ascension_mode":true,"campfire_choices":[{"data":"Sunder","floor":6,"key":"SMITH"},{"floor":10,"key":"REST"},{"floor":15,"key":"REST"},{"data":"Multi-Cast","floor":23,"key":"SMITH"},{"floor":30,"key":"REST"},{"data":"Seek","floor":32,"key":"SMITH"}],"neow_cost":"CURSE","seed_source_timestamp":174471630309918,"circlet_count":0,"master_deck":["AscendersBane","Strike_B+1","Defend_B+1","Defend_B+1","Defend_B+1","Defend_B+1","Dualcast+1","Conserve Battery","Sweeping Beam","Sunder+1","Glacier+1","Compile Driver+1","Beam Cell+1","Core Surge+1","Sweeping Beam+1","Multi-Cast+1","Seek+1","Go for the Eyes+1","Conserve Battery","Capacitor+1","Tempest","Creative AI","Amplify+1","Chill+1","Buffer+1","Conserve Battery","Undo"],"relics":["Cracked Core","Bottled Lightning","Molten Egg 2","Question Card","Symbiotic Virus","Bag of Preparation","Sozu","War Paint","Mercury Hourglass","Toolbox","Astrolabe"],"potions_floor_usage":[24],"damage_taken":[{"damage":0,"enemies":"2 Louse","floor":1,"turns":2},{"damage":12,"enemies":"Jaw Worm","floor":2,"turns":4},{"damage":0,"enemies":"Cultist","floor":4,"turns":3},{"damage":29,"enemies":"Lagavulin","floor":7,"turns":7},{"damage":2,"enemies":"Exordium Wildlife","floor":11,"turns":6},{"damage":0,"enemies":"3 Louse","floor":13,"turns":3},{"damage":15,"enemies":"3 Sentries","floor":14,"turns":5},{"damage":21,"enemies":"Slime Boss","floor":16,"turns":7},{"damage":8,"enemies":"Spheric Guardian","floor":18,"turns":4},{"damage":13,"enemies":"2 Thieves","floor":19,"turns":3},{"damage":13,"enemies":"Snake Plant","floor":21,"turns":2},{"damage":15,"enemies":"Slavers","floor":24,"turns":4},{"damage":0,"enemies":"3 Cultists","floor":25,"turns":4},{"damage":0,"enemies":"Centurion and Healer","floor":28,"turns":3},{"damage":0,"enemies":"Snake Plant","floor":29,"turns":2},{"damage":0,"enemies":"3 Cultists","floor":31,"turns":3},{"damage":30,"enemies":"Champ","floor":33,"turns":8},{"damage":1,"enemies":"3 Darklings","floor":35,"turns":5},{"damage":0,"enemies":"3 Shapes","floor":37,"turns":3},{"damage":0,"enemies":"Reptomancer","floor":40,"turns":1}],"seed_played":"1738581934633299934","potions_obtained":[{"floor":1,"key":"PowerPotion"},{"floor":4,"key":"Weak Potion"}],"is_trial":false,"path_per_floor":["?","T","M","?","?","M","?","?","?"],"character_chosen":"DEFECT","items_purchased":["Glacier","Molten Egg 2","Toolbox"],"campfire_rested":3,"item_purchase_floors":[5,8,27],"current_hp_per_floor":[64,52,45,45,45,45,16,16,16,37,35,35,35,20,41,20,58,50,37,37,24,38,38,23,23,23,23,23,23,44,44,44,14,57,56,56,56,56,56,56],"gold":156,"neow_bonus":"TWO_FIFTY_GOLD","is_prod":false,"is_daily":false,"chose_seed":false,"campfire_upgraded":3,"win_rate":0,"timestamp":1552155122,"path_taken":["M","M","?","M","$","R","E","$","T","R","M","?","M","E","R","BOSS","M","?","?","M","?","R","E","M","T","$","M","?","R","M","R","BOSS","M","?","M","?","?","E"],"build_version":"2019-01-23","purchased_purges":1,"victory":false,"max_hp_per_floor":[71,71,71,71,71,71,71,71,71,71,71,71,71,71,71,71,71,71,71,71,71,71,71,71,71,71,71,71,71,71,71,71,71,71,71,71,71,71,71,71],"card_choices":[{"not_picked":["BootSequence","Redo"],"picked":"Conserve Battery","floor":1},{"not_picked":["Force Field","Auto Shields"],"picked":"Sweeping Beam","floor":2},{"not_picked":["Sweeping Beam","Compile Driver"],"picked":"Sunder","floor":4},{"not_picked":["Streamline","Scrape","Recycle"],"picked":"SKIP","floor":7},{"not_picked":["Conserve Battery","Steam Power","Leap","Stack"],"picked":"SKIP","floor":11},{"not_picked":["Chaos","Hello World","Coolheaded"],"picked":"Compile Driver+1","floor":13},{"not_picked":["Double Energy","Reprogram","Melter+1"],"picked":"Beam Cell+1","floor":14},{"not_picked":["Hyperbeam+1","Buffer","Rainbow"],"picked":"Core Surge+1","floor":16},{"not_picked":["White Noise","Stack","Coolheaded"],"picked":"Sweeping Beam+1","floor":18},{"not_picked":["Streamline+1","Auto Shields","Rebound+1"],"picked":"Multi-Cast","floor":19},{"not_picked":["Cold Snap+1","Skim","Compile Driver+1","Steam Power"],"picked":"SKIP","floor":21},{"not_picked":["Rip and Tear+1","Steam Power","Sweeping Beam+1"],"picked":"Seek","floor":24},{"not_picked":["Steam","Beam Cell+1","Coolheaded"],"picked":"Go for the Eyes+1","floor":25},{"not_picked":["Leap","Go for the Eyes+1","Barrage+1"],"picked":"Conserve Battery","floor":28},{"not_picked":["Go for the Eyes+1","Turbo","Skim"],"picked":"Capacitor+1","floor":29},{"not_picked":["Melter+1","Barrage+1","BootSequence"],"picked":"Tempest","floor":31},{"not_picked":["Buffer","Meteor Strike+1","Rainbow"],"picked":"Creative AI","floor":33},{"not_picked":["Turbo","Leap+1","Sunder+1"],"picked":"Conserve Battery","floor":35},{"not_picked":["Steam","Compile Driver+1","Fusion"],"picked":"Undo","floor":37}],"player_experience":581438,"relics_obtained":[{"floor":7,"key":"Bottled Lightning"},{"floor":9,"key":"Question Card"},{"floor":12,"key":"Symbiotic Virus"},{"floor":14,"key":"Bag of Preparation"},{"floor":24,"key":"War Paint"},{"floor":26,"key":"Mercury Hourglass"}],"event_choices":[{"cards_removed":["Normality"],"damage_healed":0,"gold_gain":0,"player_choice":"Card Removal","damage_taken":7,"max_hp_gain":0,"max_hp_loss":0,"event_name":"Golden Wing","floor":3,"gold_loss":0},{"damage_healed":0,"gold_gain":0,"player_choice":"Simplicity","damage_taken":0,"max_hp_gain":0,"max_hp_loss":0,"event_name":"Back to Basics","floor":20,"gold_loss":0,"cards_upgraded":["Strike_B","Strike_B","Strike_B","Defend_B","Defend_B","Defend_B","Defend_B"]},{"damage_healed":14,"gold_gain":0,"player_choice":"Heal","damage_taken":0,"max_hp_gain":0,"max_hp_loss":0,"event_name":"The Library","floor":22,"gold_loss":0},{"damage_healed":0,"gold_gain":0,"player_choice":"Memory 1","damage_taken":0,"max_hp_gain":0,"max_hp_loss":0,"event_name":"SensoryStone","floor":36,"gold_loss":0},{"damage_healed":0,"gold_gain":0,"player_choice":"Ignored","damage_taken":0,"max_hp_gain":0,"max_hp_loss":0,"event_name":"Tomb of Lord Red Mask","floor":38,"gold_loss":0},{"damage_healed":0,"gold_gain":0,"player_choice":"Bought 1 Potion","damage_taken":0,"max_hp_gain":0,"max_hp_loss":0,"event_name":"The Woman in Blue","floor":39,"gold_loss":0}],"is_beta":false,"boss_relics":[{"not_picked":["Orrery","Ectoplasm"],"picked":"Sozu"},{"not_picked":["Eternal Feather","Fusion Hammer"],"picked":"Astrolabe"}],"items_purged_floors":[5],"is_endless":false,"potions_floor_spawned":[1,4,11,16,19,21,24,33,37],"killed_by":"Reptomancer","ascension_level":17}