{"gold_per_floor":[116,166,180,195,210,210,236,161,210,210,210,235,17,39,39,115,115,128,138,157,3,3,3,21,21],"floor_reached":25,"playtime":1582,"items_purged":[],"score":422,"play_id":"fe611bd0-f5af-4a0b-80d6-b18e4fc09c1d","local_time":"20190202160448","is_ascension_mode":true,"campfire_choices":[{"data":"Sunder","floor":6,"key":"SMITH"},{"data":"Melter","floor":10,"key":"SMITH"},{"data":"Rainbow","floor":15,"key":"SMITH"},{"data":"Electrodynamics","floor":23,"key":"SMITH"}],"neow_cost":"NONE","seed_source_timestamp":323727804753312,"circlet_count":0,"master_deck":["AscendersBane","Strike_B","Strike_B","Strike_B","Defend_B","Defend_B","Defend_B","Defend_B","Zap","Dualcast","Melter+1","BootSequence","Glacier","Sunder+1","FTL","Self Repair","Beam Cell","Steam","Heatsinks","Rainbow+1","Electrodynamics+1","Glacier","Loop","Tempest"],"relics":["Cracked Core","Question Card","Orichalcum","Mummified Hand","DataDisk","Odd Mushroom","Snecko Eye"],"potions_floor_usage":[5,7,7,16,16,25,25],"damage_taken":[{"damage":0,"enemies":"Small Slimes","floor":1,"turns":2},{"damage":6,"enemies":"Cultist","floor":3,"turns":3},{"damage":0,"enemies":"Jaw Worm","floor":4,"turns":3},{"damage":4,"enemies":"Exordium Wildlife","floor":5,"turns":7},{"damage":14,"enemies":"3 Sentries","floor":7,"turns":4},{"damage":18,"enemies":"Gremlin Nob","floor":12,"turns":4},{"damage":0,"enemies":"The Mushroom Lair","floor":14,"turns":3},{"damage":8,"enemies":"Slime Boss","floor":16,"turns":7},{"damage":1,"enemies":"2 Thieves","floor":18,"turns":4},{"damage":4,"enemies":"Spheric Guardian","floor":19,"turns":4},{"damage":6,"enemies":"Chosen and Byrds","floor":20,"turns":4},{"damage":14,"enemies":"Cultist and Chosen","floor":24,"turns":4},{"damage":58,"enemies":"Book of Stabbing","floor":25,"turns":5}],"seed_played":"3277889629384374642","potions_obtained":[{"floor":1,"key":"GamblersBrew"},{"floor":3,"key":"GamblersBrew"},{"floor":5,"key":"Explosive Potion"},{"floor":20,"key":"EssenceOfSteel"},{"floor":24,"key":"Block Potion"}],"is_trial":false,"path_per_floor":["M","?","M","M","M","R","E","?","T","R","T","E","$","?","R","B",null,"M","M","M","$","?","R","M","E"],"character_chosen":"DEFECT","items_purchased":["Steam","Heatsinks","Fire Potion","AttackPotion","Loop","Tempest"],"campfire_rested":0,"item_purchase_floors":[13,13,13,13,21,21],"current_hp_per_floor":[64,64,58,58,54,54,40,40,40,40,40,29,29,36,36,35,62,61,64,65,65,65,65,58,0],"gold":21,"neow_bonus":"THREE_CARDS","is_prod":false,"is_daily":false,"chose_seed":false,"campfire_upgraded":4,"win_rate":0,"timestamp":1549116288,"path_taken":["M","?","?","M","M","R","E","?","T","R","?","E","$","?","R","BOSS","M","M","M","$","?","R","M","E"],"build_version":"2019-01-23","purchased_purges":0,"victory":false,"max_hp_per_floor":[71,71,71,71,71,71,71,71,71,71,71,71,71,71,71,71,71,71,71,71,71,71,71,71,71],"card_choices":[{"not_picked":["Sweeping Beam","Consume"],"picked":"Melter","floor":0},{"not_picked":["Steam","Blizzard"],"picked":"BootSequence","floor":1},{"not_picked":["Stack","Scrape"],"picked":"Glacier","floor":3},{"not_picked":["Hologram","FTL"],"picked":"Sunder","floor":4},{"not_picked":["Gash","Compile Driver"],"picked":"FTL","floor":5},{"not_picked":["Recycle","Compile Driver"],"picked":"Self Repair","floor":7},{"not_picked":["Darkness","Turbo","Redo"],"picked":"Beam Cell","floor":12},{"not_picked":["Leap","Redo","Steam Power"],"picked":"Rainbow","floor":14},{"not_picked":["Multi-Cast","Fission","Seek"],"picked":"Electrodynamics","floor":16},{"not_picked":["Compile Driver","Go for the Eyes","Beam Cell"],"picked":"Glacier","floor":18},{"not_picked":["Redo","Aggregate","Sweeping Beam","Hologram"],"picked":"SKIP","floor":19},{"not_picked":["Beam Cell","Conserve Battery","Rebound","Cold Snap"],"picked":"SKIP","floor":20},{"not_picked":["Leap","Darkness","Steam","Beam Cell"],"picked":"SKIP","floor":24}],"player_experience":1503185,"relics_obtained":[{"floor":7,"key":"Question Card"},{"floor":9,"key":"Orichalcum"},{"floor":11,"key":"Mummified Hand"},{"floor":12,"key":"DataDisk"},{"floor":14,"key":"Odd Mushroom"}],"event_choices":[{"damage_healed":0,"gold_gain":50,"player_choice":"Pray","damage_taken":0,"max_hp_gain":0,"max_hp_loss":0,"event_name":"Golden Shrine","floor":2,"gold_loss":0},{"cards_removed":["Strike_B"],"damage_healed":0,"gold_gain":0,"player_choice":"Card Removal","damage_taken":0,"max_hp_gain":0,"max_hp_loss":0,"event_name":"The Cleric","floor":8,"gold_loss":75},{"damage_healed":0,"gold_gain":0,"player_choice":"Fought Mushrooms","damage_taken":0,"max_hp_gain":0,"max_hp_loss":0,"event_name":"Mushrooms","floor":14,"gold_loss":0},{"damage_healed":0,"gold_gain":0,"player_choice":"Ignored","damage_taken":0,"max_hp_gain":0,"max_hp_loss":0,"event_name":"The Mausoleum","floor":22,"gold_loss":0}],"is_beta":false,"boss_relics":[{"not_picked":["Calling Bell","Sozu"],"picked":"Snecko Eye"}],"items_purged_floors":[],"is_endless":false,"potions_floor_spawned":[1,3,5,14,20,24],"killed_by":"Book of Stabbing","ascension_level":20}