{"gold_per_floor":[117,117,127,143,160,185,185,250,250,277,295,315,325,345,345,418,418,437,455,455,474,489,515,515,569,569,586,616,664,664,692,692,692],"floor_reached":33,"playtime":1144,"items_purged":[],"score":737,"play_id":"044aa630-365b-4d83-bde2-de98809c60db","local_time":"20190121190449","is_ascension_mode":true,"campfire_choices":[{"floor":7,"key":"REST"},{"data":"Perfected Strike","floor":15,"key":"SMITH"},{"data":"Perfected Strike","floor":24,"key":"SMITH"},{"floor":30,"key":"REST"},{"floor":32,"key":"REST"}],"neow_cost":"NONE","seed_source_timestamp":495835296315095,"circlet_count":0,"master_deck":["AscendersBane","Strike_R","Strike_R","Strike_R","Strike_R","Strike_R","Defend_R+1","Defend_R","Defend_R","Bash","Demon Form","Perfected Strike","Evolve","Shrug It Off","Perfected Strike","Sword Boomerang","Shockwave","Perfected Strike+1","Perfected Strike+1","Anger","Anger","Perfected Strike","Offering","Disarm","Havoc+1","Writhe","Shrug It Off+1","Flex+1","Perfected Strike"],"relics":["Burning Blood","Bag of Marbles","Tiny Chest","Kunai","Mummified Hand","Runic Dome","Incense Burner","Bronze Scales","Red Skull","Sundial","Art of War","War Paint","Strawberry"],"potions_floor_usage":[6,8,10,13,18,21,23,31,33],"damage_taken":[{"damage":7,"enemies":"2 Louse","floor":1,"turns":4},{"damage":1,"enemies":"Cultist","floor":3,"turns":3},{"damage":15,"enemies":"Small Slimes","floor":4,"turns":4},{"damage":15,"enemies":"Exordium Wildlife","floor":5,"turns":4},{"damage":20,"enemies":"Gremlin Nob","floor":6,"turns":4},{"damage":0,"enemies":"Lagavulin","floor":8,"turns":5},{"damage":29,"enemies":"3 Sentries","floor":10,"turns":7},{"damage":16,"enemies":"Blue Slaver","floor":11,"turns":3},{"damage":3,"enemies":"2 Fungi Beasts","floor":12,"turns":4},{"damage":6,"enemies":"Looter","floor":13,"turns":3},{"damage":5,"enemies":"Red Slaver","floor":14,"turns":3},{"damage":34,"enemies":"Hexaghost","floor":16,"turns":7},{"damage":6,"enemies":"Shell Parasite","floor":18,"turns":1},{"damage":18,"enemies":"3 Byrds","floor":19,"turns":5},{"damage":9,"enemies":"Centurion and Healer","floor":21,"turns":4},{"damage":10,"enemies":"Snake Plant","floor":22,"turns":2},{"damage":18,"enemies":"Slavers","floor":23,"turns":5},{"damage":0,"enemies":"Cultist and Chosen","floor":27,"turns":3},{"damage":25,"enemies":"Book of Stabbing","floor":28,"turns":4},{"damage":24,"enemies":"Slavers","floor":31,"turns":3},{"damage":53,"enemies":"Collector","floor":33,"turns":5}],"seed_played":"-2204050001531640829","potions_obtained":[{"floor":4,"key":"Energy Potion"},{"floor":5,"key":"Block Potion"},{"floor":8,"key":"PowerPotion"},{"floor":10,"key":"EssenceOfSteel"},{"floor":12,"key":"BloodPotion"},{"floor":16,"key":"GamblersBrew"},{"floor":19,"key":"Block Potion"},{"floor":23,"key":"Fire Potion"},{"floor":28,"key":"FearPotion"}],"is_trial":false,"path_per_floor":["M","?","M","M","M","E","R","E","T","E","M","M","M","M","R","B",null,"M","M","?","M","M","E","R","T","T","M","E","T","R","E","R","B"],"character_chosen":"IRONCLAD","items_purchased":[],"campfire_rested":3,"item_purchase_floors":[],"current_hp_per_floor":[67,67,72,63,54,40,62,68,68,45,35,38,45,46,46,18,61,61,49,49,46,42,30,30,30,30,36,17,17,39,28,52,0],"gold":692,"neow_bonus":"ONE_RANDOM_RARE_CARD","is_prod":false,"is_daily":false,"chose_seed":false,"campfire_upgraded":2,"win_rate":0,"timestamp":1548093889,"path_taken":["M","?","?","M","M","E","R","E","T","E","M","?","M","M","R","BOSS","M","M","?","M","M","E","R","?","T","M","E","?","R","E","R","BOSS"],"build_version":"2019-01-17v2","purchased_purges":0,"victory":false,"max_hp_per_floor":[75,75,75,75,75,75,75,75,75,75,75,75,75,75,75,75,75,75,75,75,75,75,75,75,75,75,75,75,75,75,82,82,82],"card_choices":[{"not_picked":["Feel No Pain","True Grit"],"picked":"Perfected Strike","floor":1},{"not_picked":["Rampage","Sever Soul"],"picked":"Shrug It Off","floor":3},{"not_picked":["Clothesline","Pommel Strike"],"picked":"Perfected Strike","floor":4},{"not_picked":["Clash","Sentinel"],"picked":"Sword Boomerang","floor":5},{"not_picked":["Body Slam","Thunderclap"],"picked":"Shockwave","floor":6},{"not_picked":["Clash","Berserk","Infernal Blade"],"picked":"SKIP","floor":8},{"not_picked":["Dropkick","Bloodletting"],"picked":"Perfected Strike","floor":10},{"not_picked":["Sword Boomerang","Blood for Blood"],"picked":"Perfected Strike","floor":11},{"not_picked":["Spot Weakness","Bloodletting"],"picked":"Anger","floor":12},{"not_picked":["Whirlwind","Pommel Strike"],"picked":"Anger","floor":13},{"not_picked":["Ghostly Armor","Pommel Strike"],"picked":"Perfected Strike","floor":14},{"not_picked":["Double Tap","Berserk"],"picked":"Offering","floor":16},{"not_picked":["Dual Wield","Clothesline"],"picked":"Disarm","floor":18},{"not_picked":["Twin Strike","Inflame"],"picked":"Havoc+1","floor":19},{"not_picked":["Sword Boomerang","Rupture","Clothesline"],"picked":"SKIP","floor":21},{"not_picked":["Havoc","True Grit"],"picked":"Shrug It Off","floor":22},{"not_picked":["Headbutt","Blood for Blood","Uppercut"],"picked":"SKIP","floor":23},{"not_picked":["Twin Strike","Cleave"],"picked":"Flex+1","floor":27},{"not_picked":["Sever Soul","Dual Wield+1"],"picked":"Perfected Strike","floor":28},{"not_picked":["Flex","Sentinel","Pommel Strike"],"picked":"SKIP","floor":31}],"player_experience":1803618,"relics_obtained":[{"floor":6,"key":"Bag of Marbles"},{"floor":8,"key":"Tiny Chest"},{"floor":9,"key":"Kunai"},{"floor":10,"key":"Mummified Hand"},{"floor":23,"key":"Bronze Scales"},{"floor":25,"key":"Red Skull"},{"floor":26,"key":"Sundial"},{"floor":28,"key":"Art of War"},{"floor":29,"key":"War Paint"},{"floor":31,"key":"Strawberry"}],"event_choices":[{"damage_healed":0,"gold_gain":0,"cards_transformed":["Defend_R"],"player_choice":"Transformed","damage_taken":0,"max_hp_gain":0,"max_hp_loss":0,"event_name":"Transmorgrifier","floor":2,"gold_loss":0,"cards_obtained":["Evolve"]},{"damage_healed":0,"gold_gain":0,"player_choice":"Opened","damage_taken":0,"relics_obtained":["Incense Burner"],"max_hp_gain":0,"max_hp_loss":0,"event_name":"The Mausoleum","floor":20,"gold_loss":0,"cards_obtained":["Writhe"]}],"is_beta":false,"boss_relics":[{"not_picked":["Philosopher\u0027s Stone","Lizard Tail"],"picked":"Runic Dome"}],"items_purged_floors":[],"is_endless":false,"potions_floor_spawned":[4,5,8,10,12,16,19,23,28],"killed_by":"Collector","ascension_level":20}