{"gold_per_floor":[123,149,161,188,200,246,258,290,302,314,344,356,383,420,432,523,535,567,598,255,271,295,330,330,355,406,437,437,467,467,500,500,573,573,592,603,1,13,27,27,27,0,0,0,0,10,10,28,28,28,28],"floor_reached":51,"playtime":3881,"items_purged":["Strike_B","Strike_B"],"score":1460,"play_id":"8dc635a9-5ac1-46c1-9e8f-d31747985993","local_time":"20181122200049","is_ascension_mode":true,"campfire_choices":[{"data":"Rip and Tear","floor":7,"key":"SMITH"},{"data":"Dualcast","floor":10,"key":"SMITH"},{"data":"Coolheaded","floor":12,"key":"SMITH"},{"data":"Self Repair","floor":15,"key":"SMITH"},{"data":"Defragment","floor":24,"key":"SMITH"},{"data":"Strike_B","floor":30,"key":"PURGE"},{"floor":32,"key":"REST"},{"data":"Creative AI","floor":40,"key":"SMITH"},{"data":"Biased Cognition","floor":44,"key":"SMITH"},{"data":"Cold Snap","floor":47,"key":"PURGE"},{"data":"Machine Learning","floor":49,"key":"SMITH"}],"neow_cost":"NONE","seed_source_timestamp":606923495200319,"circlet_count":0,"master_deck":["AscendersBane","Defend_B","Defend_B","Defend_B","Defend_B","Zap+1","Dualcast+1","Self Repair+1","Rip and Tear+1","FTL+1","Ball Lightning","Coolheaded+1","Chill","Echo Form","Biased Cognition+1","Sweeping Beam+1","Defragment+1","Undo","Ball Lightning","Chill","Reinforced Body","Hologram+1","Creative AI+1","Consume+1","Undo+1","BootSequence+1","Compile Driver","Machine Learning+1","Hologram+1"],"relics":["Cracked Core","MawBank","Mummified Hand","Pear","Dodecahedron","Sozu","Whetstone","Bronze Scales","WingedGreaves","Regal Pillow","Ancient Tea Set","Smiling Mask","Peace Pipe","Toxic Egg 2","Runic Pyramid","Oddly Smooth Stone","Letter Opener","Red Mask","Bag of Preparation"],"potions_floor_usage":[6,11,50,51],"damage_taken":[{"damage":5,"enemies":"2 Louse","floor":1,"turns":4},{"damage":1,"enemies":"Cultist","floor":2,"turns":3},{"damage":7,"enemies":"Jaw Worm","floor":4,"turns":4},{"damage":29,"enemies":"Gremlin Nob","floor":6,"turns":5},{"damage":4,"enemies":"3 Louse","floor":8,"turns":3},{"damage":7,"enemies":"Exordium Wildlife","floor":11,"turns":2},{"damage":1,"enemies":"Looter","floor":13,"turns":2},{"damage":9,"enemies":"Lagavulin","floor":14,"turns":7},{"damage":26,"enemies":"Hexaghost","floor":16,"turns":8},{"damage":24,"enemies":"Shell Parasite","floor":18,"turns":3},{"damage":11,"enemies":"3 Byrds","floor":19,"turns":5},{"damage":7,"enemies":"Centurion and Healer","floor":21,"turns":6},{"damage":0,"enemies":"Gremlin Leader","floor":23,"turns":5},{"damage":16,"enemies":"Book of Stabbing","floor":25,"turns":4},{"damage":8,"enemies":"Gremlin Leader","floor":27,"turns":6},{"damage":20,"enemies":"Slavers","floor":29,"turns":4},{"damage":41,"enemies":"Gremlin Leader","floor":31,"turns":7},{"damage":33,"enemies":"Automaton","floor":33,"turns":9},{"damage":7,"enemies":"3 Darklings","floor":35,"turns":5},{"damage":2,"enemies":"Orb Walker","floor":36,"turns":3},{"damage":9,"enemies":"Writhing Mass","floor":38,"turns":7},{"damage":0,"enemies":"Jaw Worm Horde","floor":39,"turns":5},{"damage":0,"enemies":"Maw","floor":46,"turns":6},{"damage":0,"enemies":"3 Darklings","floor":48,"turns":5},{"damage":10,"enemies":"Donu and Deca","floor":50,"turns":6},{"damage":82,"enemies":"Time Eater","floor":51,"turns":10}],"seed_played":"-4355350947973642562","potions_obtained":[{"floor":1,"key":"Weak Potion"},{"floor":4,"key":"Ancient Potion"},{"floor":8,"key":"Explosive Potion"},{"floor":14,"key":"PowerPotion"}],"is_trial":false,"path_per_floor":["M","M","?","M","?","E","R","M","T","R","M","R","M","E","R","B",null,"M","M","$","M","T","E","R","E","T","E","?","E","R","E","R","B",null,"M","M","$","M","M","R","?","?","T","R","$","M","R","M","R","B","B"],"character_chosen":"DEFECT","items_purchased":["Defragment","Undo","Whetstone","Oddly Smooth Stone","Letter Opener","BootSequence+1","Compile Driver"],"campfire_rested":1,"item_purchase_floors":[20,20,20,37,37,37,37],"current_hp_per_floor":[59,65,58,58,58,36,36,39,49,49,49,49,55,53,53,37,70,56,55,55,58,58,78,78,72,72,74,74,64,64,33,72,49,73,76,81,81,81,81,81,77,77,77,77,77,77,77,77,77,77,0],"gold":28,"neow_bonus":"RANDOM_COMMON_RELIC","is_prod":false,"is_daily":false,"chose_seed":false,"campfire_upgraded":8,"win_rate":0,"timestamp":1542913249,"path_taken":["M","M","?","M","?","E","R","M","T","R","M","R","M","E","R","BOSS","M","M","$","M","?","E","R","E","T","E","?","E","R","E","R","BOSS","M","M","$","M","M","R","?","?","T","R","$","M","R","M","R","BOSS","BOSS"],"build_version":"2018-11-15","purchased_purges":2,"victory":false,"max_hp_per_floor":[71,71,71,71,71,71,71,71,81,81,81,81,81,81,81,81,81,81,81,81,81,81,81,81,81,81,81,81,81,81,81,81,81,81,81,81,81,81,81,81,77,77,77,77,77,77,77,77,77,77,77],"card_choices":[{"not_picked":["Conserve Battery","Aggregate"],"picked":"Self Repair","floor":1},{"not_picked":["Rebound","BootSequence"],"picked":"Rip and Tear","floor":2},{"not_picked":["Stack","Compile Driver"],"picked":"Cold Snap","floor":4},{"not_picked":["Barrage","Conserve Battery"],"picked":"FTL","floor":6},{"not_picked":["All For One","Force Field"],"picked":"Ball Lightning","floor":8},{"not_picked":["Steam","Recycle"],"picked":"Coolheaded","floor":11},{"not_picked":["Rebound","Turbo"],"picked":"Chill","floor":13},{"not_picked":["Go for the Eyes","Barrage"],"picked":"Echo Form","floor":14},{"not_picked":["Buffer","Creative AI"],"picked":"Biased Cognition","floor":16},{"not_picked":["Blizzard","Go for the Eyes","Loop"],"picked":"SKIP","floor":18},{"not_picked":["Loop","Redo"],"picked":"Sweeping Beam","floor":19},{"not_picked":["Lockon","Redo"],"picked":"Ball Lightning","floor":21},{"not_picked":["Beam Cell","Aggregate","Storm"],"picked":"SKIP","floor":23},{"not_picked":["Leap","Turbo"],"picked":"Chill","floor":25},{"not_picked":["Turbo","Steam Power"],"picked":"Reinforced Body","floor":27},{"not_picked":["All For One","Consume","Cold Snap"],"picked":"SKIP","floor":29},{"not_picked":["Beam Cell","Lockon"],"picked":"Hologram","floor":31},{"not_picked":["All For One","Multi-Cast+1"],"picked":"Creative AI","floor":33},{"not_picked":["Fusion+1","Rebound"],"picked":"Consume+1","floor":35},{"not_picked":["Leap+1","Coolheaded+1"],"picked":"Undo+1","floor":36},{"not_picked":["Beam Cell","Conserve Battery+1"],"picked":"Machine Learning","floor":38},{"not_picked":["Gash","Sunder","Heatsinks"],"picked":"SKIP","floor":39},{"not_picked":["Defragment","Chaos+1"],"picked":"Hologram+1","floor":46},{"not_picked":["Sweeping Beam","Go for the Eyes","Barrage+1"],"picked":"SKIP","floor":48}],"player_experience":1647323,"relics_obtained":[{"floor":6,"key":"Mummified Hand"},{"floor":9,"key":"Pear"},{"floor":14,"key":"Dodecahedron"},{"floor":22,"key":"Bronze Scales"},{"floor":23,"key":"WingedGreaves"},{"floor":25,"key":"Regal Pillow"},{"floor":26,"key":"Ancient Tea Set"},{"floor":27,"key":"Smiling Mask"},{"floor":29,"key":"Peace Pipe"},{"floor":31,"key":"Toxic Egg 2"},{"floor":43,"key":"Bag of Preparation"}],"event_choices":[{"cards_removed":["Strike_B"],"damage_healed":0,"gold_gain":0,"player_choice":"Card Removal","damage_taken":7,"max_hp_gain":0,"max_hp_loss":0,"event_name":"Golden Wing","floor":3,"gold_loss":0},{"damage_healed":0,"gold_gain":0,"player_choice":"Forge","damage_taken":0,"max_hp_gain":0,"max_hp_loss":0,"event_name":"Accursed Blacksmith","floor":5,"gold_loss":0,"cards_upgraded":["Zap"]},{"damage_healed":0,"gold_gain":0,"player_choice":"Ignored","damage_taken":0,"max_hp_gain":0,"max_hp_loss":0,"event_name":"Ghosts","floor":28,"gold_loss":0},{"damage_healed":0,"gold_gain":0,"player_choice":"Max HP","damage_taken":0,"max_hp_gain":0,"max_hp_loss":4,"event_name":"Winding Halls","floor":41,"gold_loss":0},{"damage_healed":0,"gold_gain":0,"player_choice":"Paid","damage_taken":0,"relics_obtained":["Red Mask"],"max_hp_gain":0,"max_hp_loss":0,"event_name":"Tomb of Lord Red Mask","floor":42,"gold_loss":27}],"is_beta":false,"boss_relics":[{"not_picked":["Inserter","Ectoplasm"],"picked":"Sozu"},{"not_picked":["Pandora\u0027s Box","Coffee Dripper"],"picked":"Runic Pyramid"}],"items_purged_floors":[20,37],"is_endless":false,"potions_floor_spawned":[1,4,8,14,19,21,31,33,36,38,39,46],"killed_by":"Time Eater","ascension_level":20}