{"gold_per_floor":[119,137,157,307,307,41,41,54,79,109,122,142,142,177,177,252,252,270,82,61,61,72,72,72,72,99,99,99,99,24,37,37,112,112,124,124,124,134,147,147,14,14,14,14,29,48,0,10,10,10],"floor_reached":50,"playtime":3924,"items_purged":["Strike_B"],"score":904,"play_id":"b2181a29-7db5-4ac0-b0e9-b0e806ec4f53","local_time":"20190204232639","is_ascension_mode":true,"campfire_choices":[{"data":"Defragment","floor":7,"key":"SMITH"},{"floor":13,"key":"REST"},{"data":"Lockon","floor":15,"key":"SMITH"},{"floor":23,"key":"REST"},{"data":"Machine Learning","floor":25,"key":"SMITH"},{"floor":32,"key":"REST"},{"floor":40,"key":"REST"},{"floor":42,"key":"REST"},{"floor":49,"key":"REST"}],"neow_cost":"NONE","seed_source_timestamp":520713916800197,"circlet_count":0,"master_deck":["AscendersBane","Strike_B","Defend_B","Defend_B","Defend_B","Zap","Dualcast","Defragment+1","Skim","Leap","Ball Lightning","Loop","Turbo","Machine Learning+1","BootSequence","Leap","Lockon+1","Echo Form","Coolheaded","Capacitor","Cold Snap","Turbo","All For One","Defragment+1","Amplify","Storm","Secret Technique","Mayhem","Go for the Eyes","Coolheaded","Glacier","Doubt","Chill"],"relics":["Cracked Core","Juzu Bracelet","Bag of Preparation","Lantern","Omamori","Question Card","Cursed Key","Orichalcum","Runic Pyramid","Regal Pillow","Red Mask"],"potions_floor_usage":[14,16,20,31,33,38,39,50,50],"damage_taken":[{"damage":3,"enemies":"Small Slimes","floor":1,"turns":3},{"damage":4,"enemies":"2 Louse","floor":2,"turns":3},{"damage":1,"enemies":"Cultist","floor":3,"turns":3},{"damage":7,"enemies":"Looter","floor":8,"turns":4},{"damage":11,"enemies":"Lagavulin","floor":10,"turns":6},{"damage":0,"enemies":"Blue Slaver","floor":11,"turns":4},{"damage":2,"enemies":"3 Louse","floor":12,"turns":3},{"damage":7,"enemies":"3 Sentries","floor":14,"turns":6},{"damage":4,"enemies":"Slime Boss","floor":16,"turns":6},{"damage":13,"enemies":"Shell Parasite","floor":18,"turns":6},{"damage":14,"enemies":"2 Thieves","floor":20,"turns":4},{"damage":5,"enemies":"Snecko","floor":22,"turns":6},{"damage":15,"enemies":"Shelled Parasite and Fungi","floor":31,"turns":5},{"damage":48,"enemies":"Automaton","floor":33,"turns":16},{"damage":6,"enemies":"3 Shapes","floor":35,"turns":6},{"damage":36,"enemies":"3 Darklings","floor":38,"turns":5},{"damage":6,"enemies":"Writhing Mass","floor":39,"turns":6},{"damage":0,"enemies":"Maw","floor":45,"turns":10},{"damage":10,"enemies":"Sphere and 2 Shapes","floor":46,"turns":8},{"damage":0,"enemies":"Spire Growth","floor":48,"turns":5},{"damage":68,"enemies":"Donu and Deca","floor":50,"turns":8}],"seed_played":"-8147137816811006739","potions_obtained":[{"floor":1,"key":"Fire Potion"},{"floor":8,"key":"Fire Potion"},{"floor":16,"key":"SteroidPotion"},{"floor":18,"key":"Fire Potion"},{"floor":20,"key":"AttackPotion"},{"floor":33,"key":"Fire Potion"},{"floor":38,"key":"PowerPotion"},{"floor":45,"key":"SneckoOil"},{"floor":46,"key":"LiquidBronze"}],"is_trial":false,"path_per_floor":["M","M","M","?","?","$","R","M","T","E","M","M","R","E","R","B",null,"M","$","M","?","M","R","?","R","T","?","$","?","?","M","R","B",null,"M","?","?","M","M","R","$","R","T","$","M","M","?","M","R","B"],"character_chosen":"DEFECT","items_purchased":["Bag of Preparation","Ball Lightning","Loop","Coolheaded","Capacitor","Glacier","PowerPotion"],"campfire_rested":6,"item_purchase_floors":[6,6,6,19,19,41,41],"current_hp_per_floor":[61,57,56,56,49,49,49,42,42,31,31,29,50,43,43,39,63,50,50,36,36,31,52,52,52,52,52,52,52,52,37,58,10,56,50,50,45,9,3,23,23,43,43,43,43,33,33,33,67,0],"gold":10,"neow_bonus":"RANDOM_COMMON_RELIC","is_prod":false,"is_daily":false,"chose_seed":false,"campfire_upgraded":3,"win_rate":0,"timestamp":1549315599,"path_taken":["M","M","M","?","?","$","R","M","T","E","M","M","R","E","R","BOSS","M","$","M","?","M","R","?","R","T","?","$","?","?","M","R","BOSS","M","?","?","M","M","R","?","R","T","$","M","M","?","M","R","BOSS"],"build_version":"2019-01-23","purchased_purges":1,"victory":false,"max_hp_per_floor":[71,71,71,71,71,71,71,71,71,71,71,71,71,71,71,71,71,71,71,71,71,71,71,71,71,71,71,71,71,71,71,71,71,71,71,67,67,67,67,67,67,67,67,67,67,67,67,67,67,67],"card_choices":[{"not_picked":["Doom and Gloom","Streamline"],"picked":"Defragment","floor":1},{"not_picked":["Hologram","Redo"],"picked":"Skim","floor":2},{"not_picked":["Stack","Barrage"],"picked":"Leap","floor":3},{"not_picked":["Recycle","Undo"],"picked":"Turbo","floor":8},{"not_picked":["Ball Lightning","Sunder"],"picked":"Machine Learning","floor":10},{"not_picked":["Go for the Eyes","Lockon"],"picked":"BootSequence","floor":11},{"not_picked":["Hello World","Tempest"],"picked":"Leap","floor":12},{"not_picked":["Scrape","Compile Driver"],"picked":"Lockon","floor":14},{"not_picked":["Fission","Buffer","Meteor Strike"],"picked":"Echo Form","floor":16},{"not_picked":["Conserve Battery","Gash","Hologram","Scrape"],"picked":"SKIP","floor":18},{"not_picked":["Stack+1","Recycle","Compile Driver"],"picked":"Cold Snap","floor":20},{"not_picked":["Aggregate","Gash","Hello World","Heatsinks"],"picked":"SKIP","floor":22},{"not_picked":["Leap","Conserve Battery","Rebound","Fusion"],"picked":"SKIP","floor":31},{"not_picked":["Machine Learning","Seek","Hyperbeam"],"picked":"Amplify","floor":33},{"not_picked":["Gash","Barrage","Turbo"],"picked":"Storm","floor":35},{"not_picked":["Enlightenment","Trip","Impatience"],"picked":"Secret Technique","floor":37},{"not_picked":["Secret Technique","PanicButton","Flash of Steel"],"picked":"Mayhem","floor":37},{"not_picked":["Steam+1","Hello World+1","Undo"],"picked":"Go for the Eyes","floor":38},{"not_picked":["Gash+1","Turbo+1","Stack"],"picked":"Coolheaded","floor":39},{"not_picked":["Consume","Sweeping Beam+1","Gash","Genetic Algorithm"],"picked":"SKIP","floor":45},{"not_picked":["Sunder","Conserve Battery","Coolheaded","Go for the Eyes+1"],"picked":"SKIP","floor":46},{"not_picked":["Lockon","Rip and Tear","Cold Snap+1"],"picked":"Chill","floor":48}],"player_experience":1511661,"relics_obtained":[{"floor":9,"key":"Lantern"},{"floor":10,"key":"Omamori"},{"floor":14,"key":"Question Card"},{"floor":26,"key":"Orichalcum"},{"floor":43,"key":"Regal Pillow"}],"event_choices":[{"damage_healed":0,"gold_gain":150,"player_choice":"AGREE","damage_taken":0,"max_hp_gain":0,"max_hp_loss":0,"event_name":"Liars Game","floor":4,"gold_loss":0,"cards_obtained":["Doubt"]},{"cards_removed":["Doubt"],"damage_healed":0,"gold_gain":0,"player_choice":"Card Removal","damage_taken":7,"max_hp_gain":0,"max_hp_loss":0,"event_name":"Golden Wing","floor":5,"gold_loss":0},{"damage_healed":0,"gold_gain":0,"cards_transformed":["Strike_B","Strike_B"],"player_choice":"Became Test Subject","damage_taken":0,"max_hp_gain":0,"max_hp_loss":0,"event_name":"Drug Dealer","floor":21,"gold_loss":0,"cards_obtained":["Turbo","All For One"]},{"damage_healed":0,"gold_gain":0,"player_choice":"Copied","damage_taken":0,"max_hp_gain":0,"max_hp_loss":0,"event_name":"Duplicator","floor":24,"gold_loss":0,"cards_obtained":["Defragment"]},{"damage_healed":0,"gold_gain":0,"player_choice":"Ignored","damage_taken":0,"max_hp_gain":0,"max_hp_loss":0,"event_name":"Vampires","floor":27,"gold_loss":0},{"damage_healed":0,"gold_gain":0,"player_choice":"Smashed Altar","damage_taken":0,"max_hp_gain":0,"max_hp_loss":0,"event_name":"Forgotten Altar","floor":29,"gold_loss":0,"cards_obtained":["Decay"]},{"cards_removed":["Defend_B"],"damage_healed":0,"gold_gain":0,"player_choice":"Gave Gold","damage_taken":0,"max_hp_gain":0,"max_hp_loss":0,"event_name":"Beggar","floor":30,"gold_loss":75},{"damage_healed":0,"gold_gain":0,"player_choice":"Max HP","damage_taken":0,"max_hp_gain":0,"max_hp_loss":4,"event_name":"Winding Halls","floor":36,"gold_loss":0},{"damage_healed":0,"gold_gain":0,"player_choice":"Memory 2","damage_taken":5,"max_hp_gain":0,"max_hp_loss":0,"event_name":"SensoryStone","floor":37,"gold_loss":0},{"damage_healed":0,"gold_gain":0,"player_choice":"Paid","damage_taken":0,"relics_obtained":["Red Mask"],"max_hp_gain":0,"max_hp_loss":0,"event_name":"Tomb of Lord Red Mask","floor":47,"gold_loss":48}],"is_beta":false,"boss_relics":[{"not_picked":["Orrery","FrozenCore"],"picked":"Cursed Key"},{"not_picked":["Tiny House","Eternal Feather"],"picked":"Runic Pyramid"}],"items_purged_floors":[19],"is_endless":false,"potions_floor_spawned":[1,8,11,12,16,18,20,33,38,45,46,48],"killed_by":"Donu and Deca","ascension_level":20}