{"gold_per_floor":[20,35,45,58,58,58,86,86,111,111,122,122,133,163,163,240,240,250,261,261,271,283,283,283],"floor_reached":24,"playtime":1127,"items_purged":[],"score":420,"play_id":"d9857c70-8bfa-42f8-b836-a8df702a3d72","local_time":"20181108190007","is_ascension_mode":true,"campfire_choices":[{"data":"Bash","floor":6,"key":"SMITH"},{"data":"Thunderclap","floor":10,"key":"SMITH"},{"data":"Clothesline","floor":15,"key":"SMITH"},{"floor":23,"key":"REST"}],"neow_cost":"NO_GOLD","seed_source_timestamp":1985899568320940,"circlet_count":0,"master_deck":["AscendersBane","Strike_R","Strike_R","Defend_R","Defend_R","Defend_R","Defend_R","Bash+1","Ghostly Armor","Shrug It Off","Thunderclap+1","Headbutt+1","Rampage","Flame Barrier","Clothesline+1","Immolate","Anger+1","Immolate","Battle Trance+1"],"relics":["Burning Blood","Oddly Smooth Stone","Juzu Bracelet","Potion Belt","Runic Pyramid","Nilry\u0027s Codex"],"potions_floor_usage":[7,16,24,24],"damage_taken":[{"damage":1,"enemies":"2 Louse","floor":1,"turns":3},{"damage":15,"enemies":"Small Slimes","floor":2,"turns":5},{"damage":9,"enemies":"Cultist","floor":3,"turns":6},{"damage":3,"enemies":"2 Fungi Beasts","floor":4,"turns":6},{"damage":3,"enemies":"Gremlin Nob","floor":7,"turns":3},{"damage":5,"enemies":"Looter","floor":11,"turns":4},{"damage":15,"enemies":"Exordium Thugs","floor":13,"turns":5},{"damage":32,"enemies":"3 Sentries","floor":14,"turns":8},{"damage":28,"enemies":"The Guardian","floor":16,"turns":17},{"damage":19,"enemies":"2 Thieves","floor":18,"turns":5},{"damage":17,"enemies":"Shell Parasite","floor":19,"turns":10},{"damage":0,"enemies":"Snecko","floor":21,"turns":5},{"damage":9,"enemies":"Chosen and Byrds","floor":22,"turns":7},{"damage":49,"enemies":"Book of Stabbing","floor":24,"turns":4}],"seed_played":"-5759026373605618989","potions_obtained":[{"floor":2,"key":"AttackPotion"},{"floor":4,"key":"Block Potion"},{"floor":14,"key":"LiquidBronze"},{"floor":22,"key":"SpeedPotion"}],"is_trial":false,"path_per_floor":["M","M","M","M","?","R","E","?","T","R","M","?","M","E","R","B",null,"M","M","?","M","M","R","E"],"character_chosen":"IRONCLAD","items_purchased":[],"campfire_rested":1,"item_purchase_floors":[],"current_hp_per_floor":[73,64,61,64,64,64,67,67,67,67,68,68,59,33,33,11,59,46,35,14,20,17,39,0],"gold":283,"neow_bonus":"TRANSFORM_TWO_CARDS","is_prod":false,"is_daily":false,"chose_seed":false,"campfire_upgraded":3,"win_rate":0,"timestamp":1541700007,"path_taken":["M","M","M","M","?","R","E","?","T","R","M","?","M","E","R","BOSS","M","M","?","M","M","R","E"],"build_version":"2018-11-01","purchased_purges":0,"victory":false,"max_hp_per_floor":[75,75,75,75,75,75,75,75,75,75,75,75,75,75,75,75,75,75,75,75,75,75,75,75],"card_choices":[{"not_picked":["Infernal Blade","True Grit"],"picked":"Thunderclap","floor":1},{"not_picked":["Anger","Corruption"],"picked":"Headbutt","floor":2},{"not_picked":["Warcry","Clash","Evolve"],"picked":"SKIP","floor":3},{"not_picked":["Thunderclap","Havoc"],"picked":"Rampage","floor":4},{"not_picked":["Body Slam","Clash","Barricade"],"picked":"SKIP","floor":7},{"not_picked":["Armaments","Wild Strike","Heavy Blade"],"picked":"SKIP","floor":11},{"not_picked":["Havoc","Reckless Charge"],"picked":"Flame Barrier","floor":13},{"not_picked":["Heavy Blade","Thunderclap"],"picked":"Clothesline","floor":14},{"not_picked":["Limit Break","Barricade"],"picked":"Immolate","floor":16},{"not_picked":["Fire Breathing","Bloodletting","Sword Boomerang"],"picked":"SKIP","floor":18},{"not_picked":["Flex","Rage+1"],"picked":"Anger+1","floor":19},{"not_picked":["Anger","Clothesline+1"],"picked":"Immolate","floor":21},{"not_picked":["Body Slam","Cleave"],"picked":"Battle Trance+1","floor":22}],"player_experience":1574517,"relics_obtained":[{"floor":7,"key":"Oddly Smooth Stone"},{"floor":9,"key":"Juzu Bracelet"},{"floor":14,"key":"Potion Belt"},{"floor":20,"key":"Nilry\u0027s Codex"}],"event_choices":[{"damage_healed":0,"gold_gain":0,"player_choice":"Leave","damage_taken":0,"max_hp_gain":0,"max_hp_loss":0,"event_name":"The Cleric","floor":5,"gold_loss":0},{"cards_removed":["Strike_R"],"damage_healed":0,"gold_gain":0,"player_choice":"Forget","damage_taken":0,"max_hp_gain":0,"max_hp_loss":0,"event_name":"Living Wall","floor":8,"gold_loss":0},{"damage_healed":0,"gold_gain":0,"player_choice":"Upgraded","damage_taken":0,"max_hp_gain":0,"max_hp_loss":0,"event_name":"Upgrade Shrine","floor":12,"gold_loss":0,"cards_upgraded":["Headbutt"]},{"damage_healed":0,"gold_gain":0,"player_choice":"Obtained Book","damage_taken":21,"max_hp_gain":0,"max_hp_loss":0,"event_name":"Cursed Tome","floor":20,"gold_loss":0}],"is_beta":false,"boss_relics":[{"not_picked":["Coffee Dripper","Mark of Pain"],"picked":"Runic Pyramid"}],"items_purged_floors":[],"is_endless":false,"potions_floor_spawned":[2,4,14,22],"killed_by":"Book of Stabbing","ascension_level":20}