{"gold_per_floor":[111,286,305,318,217,217,252,252,252,264,339,364,364,364,364,484,484,500,500,700,215,240,271,370,370,420,420,433,122,122,122,122,252,252,266,286,286,311,21,21,39,58,58,58,78,78,78,93,93,93],"floor_reached":51,"playtime":5257,"items_purged":["Doubt","Injury","Strike_R","Strike_R"],"score":856,"play_id":"040d54e4-5e7d-4b5a-a3b1-ea55aca8aa8f","local_time":"20190306214051","is_ascension_mode":true,"campfire_choices":[{"data":"Offering","floor":6,"key":"SMITH"},{"data":"Pommel Strike","floor":8,"key":"SMITH"},{"data":"Immolate","floor":15,"key":"SMITH"},{"data":"Dark Embrace","floor":25,"key":"SMITH"},{"data":"Bash","floor":27,"key":"SMITH"},{"data":"Barricade","floor":32,"key":"SMITH"},{"floor":40,"key":"RECALL"}],"neow_cost":"NONE","seed_source_timestamp":37086378619416,"circlet_count":0,"master_deck":["Strike_R+1","Strike_R","Strike_R","Defend_R","Defend_R","Defend_R","Defend_R","Bash+1","Metallicize","Pommel Strike+1","Offering+1","Headbutt","Armaments+1","True Grit+1","Immolate+1","Dark Embrace+1","Uppercut+1","Warcry+1","Iron Wave+1","True Grit+1","Barricade+1","Limit Break+1","Spot Weakness+1","Offering+1","Flame Barrier+1","Good Instincts+1","Warcry+1","Sword Boomerang+1"],"relics":["Burning Blood","Toxic Egg 2","Mercury Hourglass","Gremlin Horn","Unceasing Top","Golden Idol","Coffee Dripper","Shuriken","Whetstone","Omamori","Fusion Hammer","Meat on the Bone"],"potions_floor_usage":[16,23,35,48,50,50,50],"damage_taken":[{"damage":7,"enemies":"Small Slimes","floor":1,"turns":4},{"damage":11,"enemies":"Jaw Worm","floor":3,"turns":7},{"damage":4,"enemies":"2 Louse","floor":4,"turns":4},{"damage":14,"enemies":"Gremlin Nob","floor":7,"turns":3},{"damage":7,"enemies":"Looter","floor":10,"turns":3},{"damage":17,"enemies":"3 Sentries","floor":12,"turns":5},{"damage":6,"enemies":"Slime Boss","floor":16,"turns":5},{"damage":6,"enemies":"Shell Parasite","floor":18,"turns":6},{"damage":6,"enemies":"Chosen","floor":22,"turns":4},{"damage":0,"enemies":"Slavers","floor":23,"turns":1},{"damage":8,"enemies":"Centurion and Healer","floor":28,"turns":4},{"damage":10,"enemies":"Colosseum Slavers","floor":30,"turns":3},{"damage":38,"enemies":"Champ","floor":33,"turns":12},{"damage":13,"enemies":"3 Darklings","floor":35,"turns":3},{"damage":6,"enemies":"Orb Walker","floor":36,"turns":3},{"damage":9,"enemies":"Sphere and 2 Shapes","floor":38,"turns":1},{"damage":6,"enemies":"Jaw Worm Horde","floor":41,"turns":2},{"damage":23,"enemies":"Writhing Mass","floor":42,"turns":7},{"damage":12,"enemies":"Spire Growth","floor":45,"turns":6},{"damage":11,"enemies":"Transient","floor":48,"turns":5},{"damage":41,"enemies":"Donu and Deca","floor":50,"turns":6}],"seed_played":"-556434858535217386","potions_obtained":[{"floor":7,"key":"SteroidPotion"},{"floor":16,"key":"Energy Potion"},{"floor":18,"key":"Poison Potion"},{"floor":28,"key":"SpeedPotion"},{"floor":35,"key":"Explosive Potion"},{"floor":45,"key":"Strength Potion"},{"floor":48,"key":"LiquidBronze"}],"is_trial":false,"path_per_floor":["M","?","M","M","$","R","E","R","T","M","?","E","T","?","R","B",null,"M","?","?","$","M","E","?","R","T","R","M","$","?","$","R","B",null,"M","M","?","M","$","R","M","M","T","$","M","$","R","M","R","B",null],"character_chosen":"IRONCLAD","items_purchased":["Headbutt","Uppercut","Warcry+1","Shuriken","True Grit+1","Barricade","Strength Potion","Good Instincts+1"],"campfire_rested":0,"item_purchase_floors":[5,21,21,21,29,29,39,39],"current_hp_per_floor":[87,87,82,84,84,84,76,76,76,75,64,53,53,53,53,53,88,88,88,88,88,88,88,88,88,88,88,86,86,82,82,82,50,88,81,81,81,78,78,78,78,61,61,61,55,55,55,62,62,39],"gold":93,"neow_bonus":"TEN_PERCENT_HP_BONUS","is_prod":false,"is_daily":false,"chose_seed":false,"campfire_upgraded":6,"win_rate":0,"timestamp":1551901251,"path_taken":["M","?","M","M","$","R","E","R","T","M","?","E","?","?","R","BOSS","M","?","?","$","?","E","?","R","T","R","M","$","?","?","R","BOSS","M","M","?","M","$","R","M","M","T","?","M","$","R","M","R","BOSS"],"build_version":"2019-01-23","purchased_purges":4,"victory":true,"max_hp_per_floor":[88,88,88,88,88,88,88,88,88,88,88,88,88,88,88,88,88,88,88,88,88,88,88,88,88,88,88,88,88,88,88,88,88,88,88,88,88,88,88,88,88,88,88,88,88,88,88,88,88,88],"card_choices":[{"not_picked":["Shrug It Off","Body Slam"],"picked":"Metallicize","floor":1},{"not_picked":["Cleave","Havoc"],"picked":"Pommel Strike","floor":3},{"not_picked":["Cleave","Armaments"],"picked":"Offering","floor":4},{"not_picked":["Pommel Strike","Sever Soul"],"picked":"Armaments","floor":7},{"not_picked":["Dual Wield+1","Thunderclap"],"picked":"True Grit+1","floor":10},{"not_picked":["Combust","Sentinel+1"],"picked":"Immolate","floor":12},{"not_picked":["Limit Break+1","Bludgeon"],"picked":"Dark Embrace","floor":16},{"not_picked":["Flex+1","Twin Strike","Perfected Strike"],"picked":"SKIP","floor":18},{"not_picked":["Entrench+1","Flex+1","Wild Strike"],"picked":"SKIP","floor":22},{"not_picked":["Dual Wield+1","Reckless Charge","Body Slam+1"],"picked":"SKIP","floor":23},{"not_picked":["Immolate","Headbutt+1"],"picked":"Iron Wave+1","floor":28},{"not_picked":["Dark Embrace","Brutality"],"picked":"Limit Break+1","floor":33},{"not_picked":["Clothesline+1","Cleave","Headbutt+1"],"picked":"SKIP","floor":35},{"not_picked":["Twin Strike+1","Body Slam+1"],"picked":"Spot Weakness+1","floor":36},{"not_picked":["Intimidate+1","Armaments+1"],"picked":"Flame Barrier+1","floor":38},{"not_picked":["Armaments+1","Headbutt+1","Carnage"],"picked":"SKIP","floor":41},{"not_picked":["Hemokinesis+1","Armaments+1"],"picked":"Warcry+1","floor":42},{"not_picked":["True Grit+1","Anger","Dropkick+1"],"picked":"SKIP","floor":45},{"not_picked":["True Grit+1","Armaments+1"],"picked":"Sword Boomerang+1","floor":48}],"player_experience":675048,"relics_obtained":[{"floor":7,"key":"Toxic Egg 2"},{"floor":9,"key":"Mercury Hourglass"},{"floor":12,"key":"Gremlin Horn"},{"floor":13,"key":"Unceasing Top"},{"floor":23,"key":"Whetstone"},{"floor":26,"key":"Omamori"},{"floor":43,"key":"Meat on the Bone"}],"event_choices":[{"damage_healed":0,"gold_gain":175,"player_choice":"AGREE","damage_taken":0,"max_hp_gain":0,"max_hp_loss":0,"event_name":"Liars Game","floor":2,"gold_loss":0,"cards_obtained":["Doubt"]},{"damage_healed":0,"gold_gain":75,"player_choice":"Gather Gold","damage_taken":11,"max_hp_gain":0,"max_hp_loss":0,"event_name":"World of Goop","floor":11,"gold_loss":0},{"damage_healed":0,"gold_gain":0,"player_choice":"Take Wound","damage_taken":0,"relics_obtained":["Golden Idol"],"max_hp_gain":0,"max_hp_loss":0,"event_name":"Golden Idol","floor":14,"gold_loss":0,"cards_obtained":["Injury"]},{"damage_healed":0,"gold_gain":0,"player_choice":"Ignored","damage_taken":0,"max_hp_gain":0,"max_hp_loss":0,"event_name":"The Mausoleum","floor":19,"gold_loss":0},{"damage_healed":0,"gold_gain":250,"player_choice":"Bet on Owner","damage_taken":0,"max_hp_gain":0,"max_hp_loss":0,"event_name":"The Joust","floor":20,"gold_loss":50},{"damage_healed":0,"gold_gain":99,"player_choice":"Stole From Cult","damage_taken":0,"max_hp_gain":0,"max_hp_loss":0,"event_name":"Nest","floor":24,"gold_loss":0},{"damage_healed":0,"gold_gain":0,"player_choice":"Fight","damage_taken":0,"max_hp_gain":0,"max_hp_loss":0,"event_name":"Colosseum","floor":30,"gold_loss":0},{"damage_healed":0,"gold_gain":0,"player_choice":"Fled From Nobs","damage_taken":0,"max_hp_gain":0,"max_hp_loss":0,"event_name":"Colosseum","floor":30,"gold_loss":0},{"damage_healed":0,"gold_gain":0,"player_choice":"Copied","damage_taken":0,"max_hp_gain":0,"max_hp_loss":0,"event_name":"Duplicator","floor":37,"gold_loss":0,"cards_obtained":["Offering"]}],"is_beta":false,"boss_relics":[{"not_picked":["Philosopher\u0027s Stone","Lizard Tail"],"picked":"Coffee Dripper"},{"not_picked":["Velvet Choker","Runic Dome"],"picked":"Fusion Hammer"}],"items_purged_floors":[5,21,29,39],"is_endless":false,"potions_floor_spawned":[7,16,18,28,30,35,45,48],"ascension_level":3}