{"gold_per_floor":[114,127,138,155,173,208,208,270,323,335,360,372,384,409,421,433],"floor_reached":16,"playtime":933,"items_purged":[],"score":148,"play_id":"3817e0c1-325c-45bf-98cb-2a519b69dca1","local_time":"20190217194137","is_ascension_mode":true,"campfire_choices":[{"floor":7,"key":"REST"},{"floor":10,"key":"REST"},{"floor":13,"key":"REST"},{"data":"Conserve Battery","floor":15,"key":"SMITH"}],"neow_cost":"NONE","seed_source_timestamp":319659636887900,"circlet_count":0,"master_deck":["Strike_B","Strike_B","Strike_B","Defend_B","Defend_B","Defend_B","Defend_B","Zap","Dualcast","Coolheaded","Conserve Battery+1","Barrage","Redo","Biased Cognition","Rebound","Melter","Multi-Cast","Chill","Hologram"],"relics":["Cracked Core","Boot","Tiny Chest","MawBank"],"potions_floor_usage":[6,6,6,16],"damage_taken":[{"damage":0,"enemies":"Cultist","floor":1,"turns":3},{"damage":5,"enemies":"Jaw Worm","floor":2,"turns":4},{"damage":4,"enemies":"Small Slimes","floor":3,"turns":3},{"damage":7,"enemies":"Looter","floor":4,"turns":3},{"damage":25,"enemies":"Lots of Slimes","floor":5,"turns":7},{"damage":13,"enemies":"Lagavulin","floor":6,"turns":6},{"damage":19,"enemies":"Gremlin Nob","floor":8,"turns":4},{"damage":30,"enemies":"Gremlin Gang","floor":11,"turns":3},{"damage":3,"enemies":"3 Louse","floor":14,"turns":3},{"damage":31,"enemies":"Hexaghost","floor":16,"turns":16}],"seed_played":"-7798375440693616730","potions_obtained":[{"floor":3,"key":"Poison Potion"},{"floor":4,"key":"FocusPotion"},{"floor":5,"key":"FearPotion"},{"floor":8,"key":"FocusPotion"}],"is_trial":false,"path_per_floor":["M","M","M","M","M","E","R","E","T","R","M","?","R","M","R","B"],"character_chosen":"DEFECT","items_purchased":[],"campfire_rested":3,"item_purchase_floors":[],"current_hp_per_floor":[68,63,59,52,27,14,36,17,17,39,9,9,31,28,28,0],"gold":433,"neow_bonus":"THREE_CARDS","is_prod":false,"is_daily":false,"chose_seed":false,"campfire_upgraded":1,"win_rate":0,"timestamp":1550450497,"path_taken":["M","M","M","?","M","E","R","E","T","R","M","?","R","M","R","BOSS"],"build_version":"2019-01-23","purchased_purges":0,"victory":false,"max_hp_per_floor":[75,75,75,75,75,75,75,75,75,75,75,75,75,75,75,75],"card_choices":[{"not_picked":["Recycle","Barrage"],"picked":"Coolheaded","floor":0},{"not_picked":["Gash","Scrape"],"picked":"Conserve Battery","floor":1},{"not_picked":["Sunder","Streamline"],"picked":"Barrage","floor":2},{"not_picked":["Lockon","Stack"],"picked":"Redo","floor":3},{"not_picked":["Sweeping Beam","Conserve Battery"],"picked":"Biased Cognition","floor":4},{"not_picked":["Fusion","Reprogram"],"picked":"Rebound","floor":5},{"not_picked":["Conserve Battery","Recycle"],"picked":"Melter","floor":6},{"not_picked":["Turbo","Steam"],"picked":"Multi-Cast","floor":8},{"not_picked":["Doom and Gloom","Sweeping Beam"],"picked":"Chill","floor":11},{"not_picked":["Conserve Battery","Double Energy"],"picked":"Hologram","floor":14}],"player_experience":266232,"relics_obtained":[{"floor":6,"key":"Boot"},{"floor":8,"key":"Tiny Chest"},{"floor":9,"key":"MawBank"}],"event_choices":[{"cards_removed":["Strike_B"],"damage_healed":0,"gold_gain":0,"player_choice":"Forget","damage_taken":0,"max_hp_gain":0,"max_hp_loss":0,"event_name":"Living Wall","floor":12,"gold_loss":0}],"is_beta":false,"boss_relics":[],"items_purged_floors":[],"is_endless":false,"potions_floor_spawned":[3,4,5,8],"killed_by":"Hexaghost","ascension_level":6}