{"gold_per_floor":[112,187,202,202,214,214,164,193,193,193,228,228,228,52,52,157,157,172,191,191,291,291,291,307,307],"floor_reached":25,"playtime":990,"items_purged":[],"score":217,"play_id":"78c2eb73-256a-47fe-ab5a-090bdf5b1966","local_time":"20190309220412","is_ascension_mode":true,"campfire_choices":[{"data":"Spot Weakness","floor":6,"key":"SMITH"},{"data":"Bloodletting","floor":10,"key":"SMITH"},{"floor":13,"key":"REST"},{"floor":15,"key":"REST"},{"data":"Dual Wield","floor":23,"key":"SMITH"}],"neow_cost":"TEN_PERCENT_HP_LOSS","seed_source_timestamp":56520705504818,"circlet_count":0,"master_deck":["Strike_R+1","Defend_R","Defend_R","Defend_R","Defend_R","Bash","Spot Weakness+1","Offering+1","Bloodletting+1","Whirlwind+1","Dual Wield+1","Whirlwind","Reaper","True Grit","Flex"],"relics":["Burning Blood","The Courier","Smiling Mask","Matryoshka","Blood Vial","White Beast Statue","Thread and Needle","Ornamental Fan","Dodecahedron"],"potions_floor_usage":[11,16,21,21,25,25],"damage_taken":[{"damage":14,"enemies":"Small Slimes","floor":1,"turns":2},{"damage":15,"enemies":"2 Louse","floor":3,"turns":2},{"damage":9,"enemies":"Jaw Worm","floor":5,"turns":3},{"damage":10,"enemies":"3 Sentries","floor":8,"turns":2},{"damage":28,"enemies":"Lagavulin","floor":11,"turns":4},{"damage":43,"enemies":"Hexaghost","floor":16,"turns":9},{"damage":35,"enemies":"Spheric Guardian","floor":18,"turns":5},{"damage":16,"enemies":"Shell Parasite","floor":19,"turns":3},{"damage":17,"enemies":"Colosseum Slavers","floor":21,"turns":2},{"damage":9,"enemies":"Colosseum Nobs","floor":21,"turns":2},{"damage":25,"enemies":"Centurion and Healer","floor":24,"turns":6},{"damage":66,"enemies":"Book of Stabbing","floor":25,"turns":4}],"seed_played":"-139780608992026491","potions_obtained":[{"floor":1,"key":"AttackPotion"},{"floor":5,"key":"SteroidPotion"},{"floor":11,"key":"Weak Potion"},{"floor":18,"key":"Dexterity Potion"},{"floor":19,"key":"SteroidPotion"},{"floor":21,"key":"SpeedPotion"},{"floor":24,"key":"Block Potion"}],"is_trial":false,"path_per_floor":["M","?","M","?","M","R","?","E","T","R","E","?","R","$","R","B",null,"M","M","?","?","?","R","M","E"],"character_chosen":"IRONCLAD","items_purchased":["Whirlwind","Blood Vial"],"campfire_rested":2,"item_purchase_floors":[14,14],"current_hp_per_floor":[64,53,44,44,41,41,41,37,37,37,15,1,22,22,43,8,72,43,35,35,51,51,51,50,0],"gold":307,"neow_bonus":"TRANSFORM_TWO_CARDS","is_prod":false,"is_daily":false,"chose_seed":false,"campfire_upgraded":3,"win_rate":0,"timestamp":1552136652,"path_taken":["M","?","M","?","M","R","?","E","T","R","E","?","R","$","R","BOSS","M","M","?","?","?","R","?","E"],"build_version":"2019-01-23","purchased_purges":0,"victory":false,"max_hp_per_floor":[72,72,72,72,72,72,72,72,72,72,72,72,72,72,72,72,72,72,72,72,72,72,72,72,72],"card_choices":[{"not_picked":["Armaments","Disarm"],"picked":"Bloodletting","floor":1},{"not_picked":["Ghostly Armor","Clothesline"],"picked":"Whirlwind","floor":3},{"not_picked":["Anger","Clash","Rampage"],"picked":"SKIP","floor":5},{"not_picked":["True Grit","Body Slam","Havoc"],"picked":"SKIP","floor":8},{"not_picked":["Berserk","Dropkick"],"picked":"Dual Wield","floor":11},{"not_picked":["Exhume","Double Tap"],"picked":"Reaper","floor":16},{"not_picked":["Perfected Strike","Body Slam","Anger"],"picked":"SKIP","floor":18},{"not_picked":["Perfected Strike","Twin Strike+1"],"picked":"True Grit","floor":19},{"not_picked":["Cleave","Flame Barrier"],"picked":"Flex","floor":24}],"player_experience":269796,"relics_obtained":[{"floor":8,"key":"The Courier"},{"floor":9,"key":"Smiling Mask"},{"floor":11,"key":"Matryoshka"},{"floor":21,"key":"Thread and Needle"},{"floor":21,"key":"Ornamental Fan"}],"event_choices":[{"damage_healed":0,"gold_gain":75,"player_choice":"Gather Gold","damage_taken":11,"max_hp_gain":0,"max_hp_loss":0,"event_name":"World of Goop","floor":2,"gold_loss":0},{"damage_healed":0,"gold_gain":0,"player_choice":"Grow","damage_taken":0,"max_hp_gain":0,"max_hp_loss":0,"event_name":"Living Wall","floor":4,"gold_loss":0,"cards_upgraded":["Whirlwind"]},{"cards_removed":["Strike_R"],"damage_healed":0,"gold_gain":0,"player_choice":"Card Removal","damage_taken":0,"max_hp_gain":0,"max_hp_loss":0,"event_name":"The Cleric","floor":7,"gold_loss":50},{"damage_healed":0,"gold_gain":0,"player_choice":"Entered Light","damage_taken":14,"max_hp_gain":0,"max_hp_loss":0,"event_name":"Shining Light","floor":12,"gold_loss":0,"cards_upgraded":["Strike_R","Offering"]},{"cards_removed":["Strike_R"],"damage_healed":0,"gold_gain":0,"player_choice":"Elegance","damage_taken":0,"max_hp_gain":0,"max_hp_loss":0,"event_name":"Back to Basics","floor":20,"gold_loss":0},{"damage_healed":0,"gold_gain":0,"player_choice":"Fight","damage_taken":0,"max_hp_gain":0,"max_hp_loss":0,"event_name":"Colosseum","floor":21,"gold_loss":0},{"damage_healed":0,"gold_gain":0,"player_choice":"Fought Nobs","damage_taken":0,"max_hp_gain":0,"max_hp_loss":0,"event_name":"Colosseum","floor":21,"gold_loss":0},{"damage_healed":0,"gold_gain":0,"player_choice":"Opened","damage_taken":0,"relics_obtained":["Dodecahedron"],"max_hp_gain":0,"max_hp_loss":0,"event_name":"The Mausoleum","floor":22,"gold_loss":0}],"is_beta":false,"boss_relics":[{"not_picked":["Sozu","Ectoplasm"],"picked":"White Beast Statue"}],"items_purged_floors":[],"is_endless":false,"potions_floor_spawned":[1,5,11,18,19,21,21,24],"killed_by":"Book of Stabbing","ascension_level":1}