{"gold_per_floor":[109,109,126,7,7,35,35,45,69,69,80,80,115,141,141,215,215,235,255,255,272,59,59,85,100,148,148,183,183,208,223,223,295,295,310,310,323,82,82,82,108,108,133,161,161,177,187,213,213,213],"floor_reached":50,"playtime":3513,"items_purged":["Strike_G"],"score":1417,"play_id":"c644fddc-f600-4fcd-b719-97c928cc7fe5","local_time":"20190224021627","is_ascension_mode":true,"campfire_choices":[{"data":"Glass Knife","floor":7,"key":"SMITH"},{"data":"Bouncing Flask","floor":10,"key":"SMITH"},{"data":"Crippling Poison","floor":12,"key":"SMITH"},{"data":"Neutralize","floor":15,"key":"SMITH"},{"data":"Burst","floor":23,"key":"SMITH"},{"data":"A Thousand Cuts","floor":29,"key":"SMITH"},{"data":"Cloak And Dagger","floor":32,"key":"SMITH"},{"data":"Footwork","floor":40,"key":"SMITH"},{"floor":45,"key":"RECALL"},{"floor":49,"key":"REST"}],"neow_cost":"NONE","seed_source_timestamp":618696886353340,"circlet_count":0,"master_deck":["AscendersBane","Defend_G","Defend_G+1","Defend_G","Defend_G","Defend_G","Survivor","Neutralize+1","Backstab","Bouncing Flask+1","Glass Knife+1","Dodge and Roll","Crippling Poison+1","Burst+1","After Image","Crippling Poison+1","Bite","Bite","Bite","Dagger Spray+1","A Thousand Cuts+1","Cloak And Dagger+1","Blind","Dodge and Roll+1","Leg Sweep+1","Corpse Explosion","Escape Plan","Terror","Footwork+1","Burst","Adrenaline","Blade Dance+1","Burst","Calculated Gamble","Venomology","Outmaneuver"],"relics":["Ring of the Snake","NeowsBlessing","Bag of Marbles","Question Card","PreservedInsect","Centennial Puzzle","Odd Mushroom","Runic Pyramid","TwistedFunnel","Anchor","Oddly Smooth Stone","Bag of Preparation","Matryoshka","Black Star","Pen Nib","Dream Catcher","Shuriken","War Paint","Happy Flower","Ancient Tea Set"],"potions_floor_usage":[19,33,41,48,50,50],"damage_taken":[{"damage":0,"enemies":"Cultist","floor":1,"turns":1},{"damage":0,"enemies":"Small Slimes","floor":3,"turns":2},{"damage":0,"enemies":"Lagavulin","floor":6,"turns":1},{"damage":0,"enemies":"Jaw Worm","floor":8,"turns":1},{"damage":0,"enemies":"Blue Slaver","floor":11,"turns":2},{"damage":0,"enemies":"Gremlin Nob","floor":13,"turns":2},{"damage":1,"enemies":"The Mushroom Lair","floor":14,"turns":3},{"damage":8,"enemies":"The Guardian","floor":16,"turns":8},{"damage":0,"enemies":"Spheric Guardian","floor":18,"turns":3},{"damage":11,"enemies":"Shell Parasite","floor":19,"turns":6},{"damage":0,"enemies":"Chosen and Byrds","floor":21,"turns":5},{"damage":14,"enemies":"Slavers","floor":24,"turns":2},{"damage":13,"enemies":"Shelled Parasite and Fungi","floor":25,"turns":12},{"damage":0,"enemies":"Gremlin Leader","floor":28,"turns":5},{"damage":6,"enemies":"Book of Stabbing","floor":30,"turns":5},{"damage":2,"enemies":"Centurion and Healer","floor":31,"turns":5},{"damage":56,"enemies":"Champ","floor":33,"turns":17},{"damage":15,"enemies":"3 Shapes","floor":35,"turns":12},{"damage":43,"enemies":"3 Darklings","floor":37,"turns":40},{"damage":17,"enemies":"Giant Head","floor":41,"turns":7},{"damage":0,"enemies":"Nemesis","floor":44,"turns":5},{"damage":11,"enemies":"Maw","floor":46,"turns":8},{"damage":20,"enemies":"Spire Growth","floor":47,"turns":6},{"damage":14,"enemies":"Giant Head","floor":48,"turns":9},{"damage":39,"enemies":"Time Eater","floor":50,"turns":11}],"seed_played":"-4808863896899101534","potions_obtained":[{"floor":3,"key":"Explosive Potion"},{"floor":6,"key":"PowerPotion"},{"floor":14,"key":"PowerPotion"},{"floor":25,"key":"SpeedPotion"},{"floor":28,"key":"Poison Potion"},{"floor":35,"key":"LiquidBronze"},{"floor":41,"key":"Poison Potion"}],"is_trial":false,"path_per_floor":["M","?","M","$","$","E","R","M","T","R","M","R","E","?","R","B",null,"M","M","?","M","$","R","E","M","T","?","E","R","E","M","R","B",null,"M","?","M","$","?","R","E","$","T","E","R","M","M","E","R","B"],"character_chosen":"THE_SILENT","items_purchased":["Bouncing Flask","TwistedFunnel","Footwork","Burst"],"campfire_rested":1,"item_purchase_floors":[4,22,38,38],"current_hp_per_floor":[59,59,59,59,59,59,59,59,59,59,59,59,59,58,58,50,62,62,51,46,46,46,46,38,46,46,46,46,46,46,46,46,3,35,30,35,46,46,46,46,33,33,33,35,35,30,16,6,19,0],"gold":213,"neow_bonus":"THREE_ENEMY_KILL","is_prod":false,"is_daily":false,"chose_seed":false,"campfire_upgraded":8,"win_rate":0,"timestamp":1550970987,"path_taken":["M","?","M","?","$","E","R","M","T","R","M","R","E","?","R","BOSS","M","M","?","M","$","R","E","M","T","?","E","R","E","?","R","BOSS","M","?","?","$","?","R","E","?","T","E","R","M","M","E","R","BOSS"],"build_version":"2019-01-23","purchased_purges":1,"victory":false,"max_hp_per_floor":[66,66,66,66,66,66,66,66,66,66,66,66,66,66,66,66,66,66,66,46,46,46,46,46,46,46,46,46,46,46,46,46,46,46,46,46,46,46,46,46,46,46,46,46,46,46,46,46,46,46],"card_choices":[{"not_picked":["Dodge and Roll","Setup"],"picked":"Flying Knee","floor":1},{"not_picked":["Predator","Underhanded Strike"],"picked":"Backstab","floor":3},{"not_picked":["Acrobatics","Slice"],"picked":"Glass Knife","floor":6},{"not_picked":["Poisoned Stab","Deflect","Expertise"],"picked":"Dodge and Roll","floor":8},{"not_picked":["Sucker Punch","Cloak And Dagger","Slice"],"picked":"Crippling Poison","floor":11},{"not_picked":["Outmaneuver","Deflect","Predator","Slice"],"picked":"SKIP","floor":13},{"not_picked":["Masterful Stab","Poisoned Stab","Flying Knee"],"picked":"Burst","floor":14},{"not_picked":["Storm of Steel","Grand Finale","Envenom"],"picked":"After Image","floor":16},{"not_picked":["Outmaneuver","Deflect","Flying Knee+1"],"picked":"Crippling Poison+1","floor":18},{"not_picked":["Slice","Quick Slash","Prepared","Dagger Spray"],"picked":"SKIP","floor":19},{"not_picked":["Phantasmal Killer","Outmaneuver","Flying Knee"],"picked":"Dagger Spray+1","floor":21},{"not_picked":["Eviscerate","Acrobatics+1","Deflect"],"picked":"A Thousand Cuts","floor":24},{"not_picked":["Distraction","Deflect","Bane"],"picked":"Cloak And Dagger","floor":25},{"not_picked":["Leg Sweep","Blur","Dagger Spray"],"picked":"Dodge and Roll+1","floor":28},{"not_picked":["Bane","Slice","Dagger Throw+1","Deflect"],"picked":"SKIP","floor":30},{"not_picked":["Bane","Deflect","Concentrate"],"picked":"Leg Sweep","floor":31},{"not_picked":["Tools of the Trade","Phantasmal Killer","Storm of Steel"],"picked":"Corpse Explosion","floor":33},{"not_picked":["Underhanded Strike","Dagger Spray","Slice"],"picked":"Escape Plan","floor":35},{"not_picked":["Backflip","Outmaneuver","Sucker Punch"],"picked":"Terror","floor":37},{"not_picked":["All Out Attack","Backstab","Acrobatics+1"],"picked":"Blade Dance+1","floor":41},{"not_picked":["Backstab+1","Quick Slash","Outmaneuver"],"picked":"Burst","floor":44},{"not_picked":["Crippling Poison","Predator","Sucker Punch","Blur"],"picked":"SKIP","floor":46},{"not_picked":["Deflect","Concentrate","Expertise"],"picked":"Calculated Gamble","floor":47},{"not_picked":["Endless Agony","Dagger Throw","Underhanded Strike+1"],"picked":"Venomology","floor":48},{"not_picked":["Cloak And Dagger","Flying Knee","Dagger Spray"],"picked":"Outmaneuver","floor":49}],"player_experience":1925753,"relics_obtained":[{"floor":6,"key":"Question Card"},{"floor":9,"key":"PreservedInsect"},{"floor":13,"key":"Centennial Puzzle"},{"floor":14,"key":"Odd Mushroom"},{"floor":24,"key":"Anchor"},{"floor":26,"key":"Oddly Smooth Stone"},{"floor":28,"key":"Bag of Preparation"},{"floor":30,"key":"Matryoshka"},{"floor":41,"key":"Pen Nib"},{"floor":41,"key":"Dream Catcher"},{"floor":44,"key":"Shuriken"},{"floor":44,"key":"War Paint"},{"floor":48,"key":"Happy Flower"},{"floor":48,"key":"Ancient Tea Set"}],"event_choices":[{"cards_removed":["Flying Knee"],"damage_healed":0,"gold_gain":0,"player_choice":"Gave Card","damage_taken":0,"relics_obtained":["Bag of Marbles"],"max_hp_gain":0,"max_hp_loss":0,"event_name":"WeMeetAgain","floor":2,"gold_loss":0},{"damage_healed":0,"gold_gain":0,"player_choice":"Fought Mushrooms","damage_taken":0,"max_hp_gain":0,"max_hp_loss":0,"event_name":"Mushrooms","floor":14,"gold_loss":0},{"damage_healed":0,"gold_gain":0,"player_choice":"Became a vampire","damage_taken":0,"max_hp_gain":0,"max_hp_loss":20,"event_name":"Vampires","floor":20,"gold_loss":0,"cards_obtained":["Bite","Bite","Bite","Bite","Bite"]},{"damage_healed":0,"gold_gain":0,"cards_transformed":["Bite"],"player_choice":"Transformed","damage_taken":0,"max_hp_gain":0,"max_hp_loss":0,"event_name":"Transmorgrifier","floor":27,"gold_loss":0,"cards_obtained":["Blind"]},{"cards_removed":["Bite"],"damage_healed":5,"gold_gain":0,"player_choice":"Offered Special","damage_taken":0,"max_hp_gain":0,"max_hp_loss":0,"event_name":"Bonfire Elementals","floor":36,"gold_loss":0},{"damage_healed":0,"gold_gain":0,"player_choice":"1 cards matched","damage_taken":0,"max_hp_gain":0,"max_hp_loss":0,"event_name":"Match and Keep!","floor":39,"gold_loss":0,"cards_obtained":["Adrenaline"]}],"is_beta":false,"boss_relics":[{"not_picked":["HoveringKite","Eternal Feather"],"picked":"Runic Pyramid"},{"not_picked":["WristBlade","Empty Cage"],"picked":"Black Star"}],"items_purged_floors":[4],"is_endless":false,"potions_floor_spawned":[3,6,13,14,18,25,28,30,35,41,44],"killed_by":"Time Eater","ascension_level":20}