{"gold_per_floor":[115,130,55,75,125,160,160,177,177,177,188,188,207,41,41,41],"floor_reached":16,"playtime":537,"items_purged":[],"score":204,"play_id":"46c6d400-2a4a-4acd-9054-f4620ab872cd","local_time":"20181108195344","is_ascension_mode":true,"campfire_choices":[{"data":"Uppercut","floor":7,"key":"SMITH"},{"floor":10,"key":"REST"},{"data":"Bash","floor":15,"key":"SMITH"}],"neow_cost":"NONE","seed_source_timestamp":1989725977938668,"circlet_count":0,"master_deck":["AscendersBane","Strike_R","Strike_R","Strike_R","Strike_R","Defend_R","Defend_R","Defend_R","Defend_R","Bash+1","Cleave","Clothesline","Uppercut+1","Flame Barrier","Clothesline","Thunderclap+1","Thunderclap+1","Pain","Offering"],"relics":["Burning Blood","Regal Pillow","Dream Catcher","Molten Egg 2","WarpedTongs","Red Skull"],"potions_floor_usage":[8,16,16],"damage_taken":[{"damage":11,"enemies":"Jaw Worm","floor":1,"turns":6},{"damage":2,"enemies":"Cultist","floor":2,"turns":4},{"damage":1,"enemies":"2 Louse","floor":4,"turns":2},{"damage":54,"enemies":"Lagavulin","floor":6,"turns":9},{"damage":20,"enemies":"Exordium Thugs","floor":8,"turns":5},{"damage":3,"enemies":"3 Louse","floor":11,"turns":2},{"damage":41,"enemies":"Exordium Wildlife","floor":13,"turns":6},{"damage":16,"enemies":"Hexaghost","floor":16,"turns":9}],"seed_played":"-3665397875731329586","potions_obtained":[{"floor":1,"key":"SkillPotion"},{"floor":6,"key":"Swift Potion"},{"floor":11,"key":"SkillPotion"}],"is_trial":false,"path_per_floor":["M","M","?","M","?","E","R","M","T","R","M","?","M","$","R","B"],"character_chosen":"IRONCLAD","items_purchased":["Red Skull"],"campfire_rested":1,"item_purchase_floors":[14],"current_hp_per_floor":[63,67,67,72,72,24,24,10,10,47,50,50,15,15,15,0],"gold":41,"neow_bonus":"RANDOM_COMMON_RELIC","is_prod":false,"is_daily":false,"chose_seed":false,"campfire_upgraded":2,"win_rate":0,"timestamp":1541703224,"path_taken":["M","M","?","M","?","E","R","?","T","R","M","?","?","$","R","BOSS"],"build_version":"2018-11-01","purchased_purges":0,"victory":false,"max_hp_per_floor":[75,75,75,75,75,75,75,75,75,75,75,75,75,75,75,75],"card_choices":[{"not_picked":["Body Slam","Armaments"],"picked":"Cleave","floor":1},{"not_picked":["Corruption","Searing Blow"],"picked":"Clothesline","floor":2},{"not_picked":["Body Slam","Warcry"],"picked":"Uppercut","floor":4},{"not_picked":["Uppercut","Body Slam"],"picked":"Flame Barrier","floor":6},{"not_picked":["Infernal Blade","Barricade"],"picked":"Clothesline","floor":8},{"not_picked":["Armaments","Warcry"],"picked":"Thunderclap+1","floor":10},{"not_picked":["Reckless Charge+1","True Grit"],"picked":"Thunderclap+1","floor":11},{"not_picked":["Feel No Pain","Blood for Blood+1"],"picked":"Offering","floor":13}],"player_experience":1576116,"relics_obtained":[{"floor":6,"key":"Dream Catcher"},{"floor":9,"key":"Molten Egg 2"}],"event_choices":[{"cards_removed":["Strike_R"],"damage_healed":0,"gold_gain":0,"player_choice":"Card Removal","damage_taken":0,"max_hp_gain":0,"max_hp_loss":0,"event_name":"The Cleric","floor":3,"gold_loss":75},{"damage_healed":0,"gold_gain":50,"player_choice":"Pray","damage_taken":0,"max_hp_gain":0,"max_hp_loss":0,"event_name":"Golden Shrine","floor":5,"gold_loss":0},{"damage_healed":0,"gold_gain":0,"player_choice":"Rummage","damage_taken":0,"relics_obtained":["WarpedTongs"],"max_hp_gain":0,"max_hp_loss":0,"event_name":"Accursed Blacksmith","floor":12,"gold_loss":0,"cards_obtained":["Pain"]}],"is_beta":false,"boss_relics":[],"items_purged_floors":[],"is_endless":false,"potions_floor_spawned":[1,6,11],"killed_by":"Hexaghost","ascension_level":20}