{"gold_per_floor":[209,284,119,119,135,169,20,20,20,44,100,143,163,187,187,280,280,294,91,91,91,106,106,145,145,145,145,145,145,159,197,197,286,286,304,179,179,179,193,213,213,213,213,213,232,232,266,279,279,279],"floor_reached":51,"playtime":2320,"items_purged":["Strike_R","Strike_R","Strike_R"],"score":1189,"play_id":"8efec47a-c6eb-429e-ae56-2aaea42dbaf7","local_time":"20180923022825","is_ascension_mode":true,"campfire_choices":[{"floor":8,"key":"REST"},{"data":"Shrug It Off","floor":15,"key":"SMITH"},{"data":"Bash","floor":23,"key":"SMITH"},{"data":"Shockwave","floor":25,"key":"SMITH"},{"floor":27,"key":"REST"},{"floor":32,"key":"REST"},{"data":"Disarm","floor":41,"key":"SMITH"},{"data":"Battle Trance","floor":44,"key":"SMITH"},{"data":"Limit Break","floor":46,"key":"SMITH"},{"data":"Disarm","floor":49,"key":"SMITH"}],"neow_cost":"NONE","seed_source_timestamp":276278210825976,"circlet_count":0,"master_deck":["Strike_R","Defend_R","Defend_R","Defend_R","Defend_R","Bash+1","AscendersBane","Wild Strike","Discovery","Pummel","Headbutt","Battle Trance+1","Anger","Shrug It Off+1","Impervious","Shockwave+1","Shrug It Off+1","Necronomicurse","Carnage","Shrug It Off+1","Reaper","Limit Break+1","Shockwave+1","Dropkick","Disarm+1","Disarm+1"],"relics":["Burning Blood","Golden Idol","Strawberry","Oddly Smooth Stone","Bird Faced Urn","Dream Catcher","Runic Dome","Necronomicon","Bag of Marbles","Shuriken","MutagenicStrength","Red Mask","Sozu","Incense Burner","Bottled Lightning"],"potions_floor_usage":[12,18,33,33],"damage_taken":[{"damage":13,"enemies":"Jaw Worm","floor":1,"turns":5},{"damage":1,"enemies":"Cultist","floor":5,"turns":3},{"damage":65,"enemies":"3 Sentries","floor":6,"turns":13},{"damage":0,"enemies":"2 Louse","floor":10,"turns":2},{"damage":8,"enemies":"Gremlin Nob","floor":12,"turns":3},{"damage":6,"enemies":"Exordium Wildlife","floor":13,"turns":5},{"damage":2,"enemies":"Red Slaver","floor":14,"turns":3},{"damage":27,"enemies":"The Guardian","floor":16,"turns":20},{"damage":0,"enemies":"Spheric Guardian","floor":18,"turns":3},{"damage":0,"enemies":"3 Byrds","floor":22,"turns":3},{"damage":29,"enemies":"Book of Stabbing","floor":24,"turns":5},{"damage":0,"enemies":"Centurion and Healer","floor":30,"turns":3},{"damage":13,"enemies":"Masked Bandits","floor":31,"turns":4},{"damage":101,"enemies":"Collector","floor":33,"turns":9},{"damage":10,"enemies":"3 Darklings","floor":35,"turns":5},{"damage":0,"enemies":"Orb Walker","floor":39,"turns":1},{"damage":0,"enemies":"Maw","floor":40,"turns":6},{"damage":28,"enemies":"Sphere and 2 Shapes","floor":45,"turns":4},{"damage":1,"enemies":"2 Orb Walkers","floor":47,"turns":4},{"damage":9,"enemies":"3 Darklings","floor":48,"turns":3},{"damage":13,"enemies":"Awakened One","floor":50,"turns":8}],"seed_played":"789928334718629983","potions_obtained":[{"floor":6,"key":"FearPotion"},{"floor":13,"key":"Ancient Potion"},{"floor":14,"key":"AttackPotion"},{"floor":30,"key":"Regen Potion"}],"is_trial":false,"path_per_floor":["M","?","$","?","M","E","$","R","T","M","?","E","M","M","R","B",null,"M","$","?","?","M","R","E","R","T","R","?","?","M","?","R","B",null,"M","$","?","?","M","M","R","?","T","R","M","R","E","M","R","B"],"character_chosen":"IRONCLAD","items_purchased":["Discovery","Oddly Smooth Stone","Shrug It Off","AttackPotion"],"campfire_rested":3,"item_purchase_floors":[3,7,19,19],"current_hp_per_floor":[61,50,50,50,55,15,15,37,37,43,43,41,41,45,45,26,63,73,73,73,52,58,58,35,35,35,57,57,57,63,56,75,15,60,75,75,75,71,71,71,71,71,71,71,69,69,71,68,68,71],"gold":279,"neow_bonus":"HUNDRED_GOLD","is_prod":false,"is_daily":false,"chose_seed":false,"campfire_upgraded":7,"win_rate":0,"timestamp":1537662505,"path_taken":["M","?","$","?","M","E","$","R","T","M","?","E","M","M","R","BOSS","M","$","?","?","?","R","E","R","T","R","?","?","M","?","R","BOSS","M","$","?","?","M","M","R","?","T","R","M","R","E","M","R","BOSS"],"build_version":"2018-09-20","purchased_purges":3,"victory":true,"max_hp_per_floor":[75,75,75,68,68,75,75,75,75,75,75,75,75,75,75,75,75,75,75,75,75,75,75,75,75,75,75,75,75,75,75,75,75,75,75,75,75,71,71,71,71,71,71,71,71,71,71,71,71,71],"card_choices":[{"not_picked":["Sword Boomerang","Pommel Strike"],"picked":"Wild Strike","floor":1},{"not_picked":["Flex","Fire Breathing"],"picked":"Pummel","floor":5},{"not_picked":["Pommel Strike","Heavy Blade"],"picked":"Headbutt","floor":6},{"not_picked":["Whirlwind","Clothesline"],"picked":"Battle Trance","floor":10},{"not_picked":["Heavy Blade","Infernal Blade"],"picked":"Anger","floor":12},{"not_picked":["Wild Strike","Havoc","Bloodletting"],"picked":"SKIP","floor":13},{"not_picked":["Clash","Dual Wield"],"picked":"Shrug It Off","floor":14},{"not_picked":["Barricade","Brutality"],"picked":"Impervious","floor":16},{"not_picked":["Dropkick","Dual Wield"],"picked":"Shockwave","floor":18},{"not_picked":["Flex","Feel No Pain"],"picked":"Carnage","floor":22},{"not_picked":["Havoc","Combust","Body Slam"],"picked":"SKIP","floor":24},{"not_picked":["Iron Wave","Hemokinesis","Pommel Strike"],"picked":"SKIP","floor":30},{"not_picked":["Bloodletting+1","Entrench+1"],"picked":"Shrug It Off+1","floor":31},{"not_picked":["Shrug It Off","Searing Blow+1"],"picked":"Reaper","floor":32},{"not_picked":["Brutality","Berserk"],"picked":"Limit Break","floor":33},{"not_picked":["Sword Boomerang","Warcry+1"],"picked":"Shockwave+1","floor":35},{"not_picked":["Infernal Blade","Flex+1"],"picked":"Evolve+1","floor":39},{"not_picked":["Pommel Strike","Perfected Strike"],"picked":"Disarm","floor":40},{"not_picked":["Body Slam","Clash"],"picked":"Disarm","floor":45},{"not_picked":["Clash","Cleave","Metallicize"],"picked":"SKIP","floor":47},{"not_picked":["Clash","Headbutt","Rampage"],"picked":"SKIP","floor":48}],"player_experience":1211608,"relics_obtained":[{"floor":6,"key":"Strawberry"},{"floor":9,"key":"Bird Faced Urn"},{"floor":12,"key":"Dream Catcher"},{"floor":21,"key":"Necronomicon"},{"floor":24,"key":"Bag of Marbles"},{"floor":26,"key":"Shuriken"},{"floor":31,"key":"Red Mask"},{"floor":43,"key":"Incense Burner"},{"floor":47,"key":"Bottled Lightning"}],"event_choices":[{"event_name":"World of Goop","player_choice":"Gather Gold","floor":2,"damage_taken":0},{"event_name":"Golden Idol","player_choice":"Lose Max HP","floor":4,"damage_taken":0},{"event_name":"Golden Wing","player_choice":"Gained Gold","floor":11,"damage_taken":0},{"event_name":"Vampires","player_choice":"Ignored","floor":20,"damage_taken":0},{"event_name":"Cursed Tome","player_choice":"Obtained Book","floor":21,"damage_taken":0},{"event_name":"Drug Dealer","player_choice":"Inject Mutagens","floor":28,"damage_taken":0},{"event_name":"Upgrade Shrine","player_choice":"Upgraded","floor":29,"damage_taken":0},{"event_name":"Masked Bandits","player_choice":"Fought Bandits","floor":31,"damage_taken":0},{"event_name":"Transmorgrifier","player_choice":"Transform","floor":37,"damage_taken":0},{"event_name":"Winding Halls","player_choice":"Max HP","floor":38,"damage_taken":0},{"event_name":"Falling","player_choice":"Removed Power","floor":42,"damage_taken":0}],"is_beta":false,"boss_relics":[{"not_picked":["Snecko Eye","Lizard Tail"],"picked":"Runic Dome"},{"not_picked":["Empty Cage","Philosopher\u0027s Stone"],"picked":"Sozu"}],"items_purged_floors":[3,19,36],"is_endless":false,"potions_floor_spawned":[6,13,14,30,31,35,39,47],"ascension_level":15}