{"gold_per_floor":[112,112,135,160,181,181,181,181,230,273,298,298,298,323,323,418,418,437,437,450,450,450,484,484,518,518,518,518,591,601,601],"floor_reached":31,"playtime":994,"items_purged":[],"score":696,"play_id":"ac38afba-45d2-4bec-87aa-2af4fa73823a","local_time":"20190119012409","is_ascension_mode":true,"campfire_choices":[{"data":"Bouncing Flask","floor":6,"key":"SMITH"},{"data":"Catalyst","floor":8,"key":"SMITH"},{"data":"Deadly Poison","floor":12,"key":"SMITH"},{"data":"Poisoned Stab","floor":15,"key":"SMITH"},{"floor":24,"key":"REST"},{"floor":28,"key":"REST"}],"neow_cost":"NONE","seed_source_timestamp":259523485701022,"circlet_count":0,"master_deck":["AscendersBane","Defend_G","Defend_G","Defend_G","Defend_G","Defend_G","Strike_G","Strike_G","Survivor","Neutralize","Deadly Poison+1","Catalyst+1","Bouncing Flask+1","Poisoned Stab+1","Crippling Poison+1","Calculated Gamble","PiercingWail","Deadly Poison","Die Die Die","Backstab","Deadly Poison","Backflip"],"relics":["Ring of the Snake","Bloody Idol","Juzu Bracelet","Runic Pyramid","Nloth\u0027s Gift","StoneCalendar","Molten Egg 2","Mercury Hourglass"],"potions_floor_usage":[5,18,23,31],"damage_taken":[{"damage":11,"enemies":"Jaw Worm","floor":1,"turns":7},{"damage":4,"enemies":"Small Slimes","floor":3,"turns":4},{"damage":1,"enemies":"Cultist","floor":4,"turns":4},{"damage":11,"enemies":"Exordium Thugs","floor":5,"turns":5},{"damage":5,"enemies":"Lagavulin","floor":10,"turns":4},{"damage":15,"enemies":"Exordium Wildlife","floor":11,"turns":5},{"damage":7,"enemies":"Lots of Slimes","floor":14,"turns":2},{"damage":0,"enemies":"Slime Boss","floor":16,"turns":4},{"damage":15,"enemies":"Shell Parasite","floor":18,"turns":2},{"damage":0,"enemies":"Chosen","floor":20,"turns":3},{"damage":26,"enemies":"Book of Stabbing","floor":23,"turns":6},{"damage":35,"enemies":"Gremlin Leader","floor":25,"turns":7},{"damage":11,"enemies":"Centurion and Healer","floor":30,"turns":7},{"damage":34,"enemies":"Shelled Parasite and Fungi","floor":31,"turns":2}],"seed_played":"4144152885721146458","potions_obtained":[{"floor":1,"key":"GhostInAJar"},{"floor":3,"key":"Strength Potion"},{"floor":11,"key":"SkillPotion"},{"floor":18,"key":"GamblersBrew"},{"floor":25,"key":"Fire Potion"},{"floor":30,"key":"SteroidPotion"}],"is_trial":false,"path_per_floor":["M","?","M","M","M","R","?","R","T","E","M","R","?","M","R","B",null,"M","?","M","?","?","E","R","E","T","?","R","T","M","M"],"character_chosen":"THE_SILENT","items_purchased":[],"campfire_rested":2,"item_purchase_floors":[],"current_hp_per_floor":[54,54,50,49,38,38,38,38,38,33,18,18,18,11,11,11,52,37,37,42,42,42,21,40,10,10,10,29,34,28,0],"gold":601,"neow_bonus":"TEN_PERCENT_HP_BONUS","is_prod":false,"is_daily":false,"chose_seed":false,"campfire_upgraded":4,"win_rate":0,"timestamp":1547857449,"path_taken":["M","?","M","M","M","R","?","R","T","E","M","R","?","M","R","BOSS","M","?","M","?","?","E","R","E","T","?","R","?","M","M"],"build_version":"2019-01-17v2","purchased_purges":0,"victory":false,"max_hp_per_floor":[72,65,65,65,65,65,65,65,65,65,65,65,65,65,65,65,65,65,65,65,65,65,65,65,65,65,65,65,65,65,65],"card_choices":[{"not_picked":["Distraction","Flying Knee"],"picked":"Deadly Poison","floor":1},{"not_picked":["Choke","Reflex","Sucker Punch"],"picked":"SKIP","floor":3},{"not_picked":["Skewer","Tools of the Trade"],"picked":"Catalyst","floor":4},{"not_picked":["Flechettes","Deflect"],"picked":"Bouncing Flask","floor":5},{"not_picked":["Heel Hook","Accuracy"],"picked":"Crippling Poison","floor":10},{"not_picked":["Footwork","Deflect"],"picked":"Calculated Gamble","floor":11},{"not_picked":["Poisoned Stab","Sucker Punch","Flechettes"],"picked":"SKIP","floor":14},{"not_picked":["Bane","Outmaneuver+1"],"picked":"PiercingWail","floor":18},{"not_picked":["Dagger Throw","Cloak And Dagger"],"picked":"Deadly Poison","floor":20},{"not_picked":["Caltrops","A Thousand Cuts","Doppelganger"],"picked":"SKIP","floor":23},{"not_picked":["Dagger Spray","Dagger Throw"],"picked":"Deadly Poison","floor":25},{"not_picked":["Cloak And Dagger","Dodge and Roll"],"picked":"Backflip","floor":30}],"player_experience":1795111,"relics_obtained":[{"floor":9,"key":"Dream Catcher"},{"floor":10,"key":"Juzu Bracelet"},{"floor":23,"key":"StoneCalendar"},{"floor":25,"key":"Molten Egg 2"},{"floor":29,"key":"Mercury Hourglass"}],"event_choices":[{"damage_healed":0,"gold_gain":0,"player_choice":"Lose Max HP","damage_taken":0,"relics_obtained":["Golden Idol"],"max_hp_gain":0,"max_hp_loss":7,"event_name":"Golden Idol","floor":2,"gold_loss":0},{"damage_healed":0,"gold_gain":0,"cards_transformed":["Strike_G"],"player_choice":"Transformed","damage_taken":0,"max_hp_gain":0,"max_hp_loss":0,"event_name":"Transmorgrifier","floor":7,"gold_loss":0,"cards_obtained":["Poisoned Stab"]},{"damage_healed":0,"gold_gain":0,"player_choice":"Upgraded","damage_taken":0,"max_hp_gain":0,"max_hp_loss":0,"event_name":"Upgrade Shrine","floor":13,"gold_loss":0,"cards_upgraded":["Crippling Poison"]},{"damage_healed":0,"gold_gain":0,"player_choice":"Gave Idol","damage_taken":0,"relics_obtained":["Bloody Idol"],"max_hp_gain":0,"max_hp_loss":0,"event_name":"Forgotten Altar","floor":19,"relics_lost":["Golden Idol"],"gold_loss":0},{"damage_healed":0,"gold_gain":0,"player_choice":"Traded Relic","damage_taken":0,"relics_obtained":["Nloth\u0027s Gift"],"max_hp_gain":0,"max_hp_loss":0,"event_name":"N\u0027loth","floor":21,"relics_lost":["Dream Catcher"],"gold_loss":0},{"damage_healed":0,"gold_gain":0,"cards_transformed":["Strike_G","Strike_G"],"player_choice":"Became Test Subject","damage_taken":0,"max_hp_gain":0,"max_hp_loss":0,"event_name":"Drug Dealer","floor":22,"gold_loss":0,"cards_obtained":["Die Die Die","Backstab"]},{"damage_healed":0,"gold_gain":0,"player_choice":"Ignored","damage_taken":0,"max_hp_gain":0,"max_hp_loss":0,"event_name":"Vampires","floor":27,"gold_loss":0}],"is_beta":false,"boss_relics":[{"not_picked":["Calling Bell","Ring of the Serpent"],"picked":"Runic Pyramid"}],"items_purged_floors":[],"is_endless":false,"potions_floor_spawned":[1,3,11,18,25,30],"killed_by":"Shelled Parasite and Fungi","ascension_level":20}