{"gold_per_floor":[118,138,63,122,122,122,147,7,33,33,62,82,82,82,82,82],"floor_reached":16,"playtime":628,"items_purged":["Strike_R","Strike_R"],"score":212,"play_id":"c24a2456-7b54-4b55-8d1a-732cb1ae0f18","local_time":"20181228015914","is_ascension_mode":true,"campfire_choices":[{"data":"Reckless Charge","floor":6,"key":"SMITH"},{"floor":10,"key":"REST"},{"data":"Reckless Charge","floor":13,"key":"SMITH"},{"data":"Clothesline","floor":15,"key":"SMITH"}],"neow_cost":"PERCENT_DAMAGE","seed_source_timestamp":268212339136990,"circlet_count":0,"master_deck":["AscendersBane","Strike_R","Strike_R","Strike_R","Defend_R","Defend_R","Defend_R","Defend_R","Bash+1","Reckless Charge+1","Clothesline+1","Metallicize","Spot Weakness","Reckless Charge+1"],"relics":["Burning Blood","Potion Belt","Oddly Smooth Stone","Juzu Bracelet","Golden Idol"],"potions_floor_usage":[7,7,16],"damage_taken":[{"damage":12,"enemies":"Cultist","floor":1,"turns":4},{"damage":4,"enemies":"Small Slimes","floor":2,"turns":3},{"damage":55,"enemies":"3 Sentries","floor":7,"turns":11},{"damage":26,"enemies":"Gremlin Nob","floor":11,"turns":4},{"damage":5,"enemies":"Jaw Worm","floor":12,"turns":4},{"damage":26,"enemies":"Slime Boss","floor":16,"turns":6}],"seed_played":"-1121149666917633298","potions_obtained":[{"floor":1,"key":"GamblersBrew"},{"floor":2,"key":"SpeedPotion"},{"floor":11,"key":"Energy Potion"}],"is_trial":false,"path_per_floor":["M","M","$","?","?","R","E","$","T","R","E","M","R","?","R","B"],"character_chosen":"IRONCLAD","items_purchased":["Spot Weakness"],"campfire_rested":1,"item_purchase_floors":[8],"current_hp_per_floor":[58,60,60,60,60,60,11,11,11,37,17,18,18,18,18,0],"gold":82,"neow_bonus":"TWENTY_PERCENT_HP_BONUS","is_prod":false,"is_daily":false,"chose_seed":false,"campfire_upgraded":3,"win_rate":0,"timestamp":1545958754,"path_taken":["M","M","$","?","?","R","E","?","T","R","E","M","R","?","R","BOSS"],"build_version":"2018-12-20","purchased_purges":2,"victory":false,"max_hp_per_floor":[89,89,89,89,89,89,89,89,89,89,89,89,89,81,81,81],"card_choices":[{"not_picked":["Thunderclap","Corruption"],"picked":"Reckless Charge","floor":1},{"not_picked":["Cleave","Body Slam"],"picked":"Clothesline","floor":2},{"not_picked":["Headbutt","Warcry"],"picked":"Metallicize","floor":7},{"not_picked":["Seeing Red","Intimidate","Clothesline"],"picked":"SKIP","floor":11},{"not_picked":["Rupture","Sword Boomerang"],"picked":"Reckless Charge","floor":12}],"player_experience":1749873,"relics_obtained":[{"floor":7,"key":"Potion Belt"},{"floor":9,"key":"Oddly Smooth Stone"},{"floor":11,"key":"Juzu Bracelet"}],"event_choices":[{"damage_healed":0,"gold_gain":59,"player_choice":"Gained Gold","damage_taken":0,"max_hp_gain":0,"max_hp_loss":0,"event_name":"Golden Wing","floor":4,"gold_loss":0},{"damage_healed":0,"gold_gain":0,"player_choice":"Grow","damage_taken":0,"max_hp_gain":0,"max_hp_loss":0,"event_name":"Living Wall","floor":5,"gold_loss":0,"cards_upgraded":["Bash"]},{"damage_healed":0,"gold_gain":0,"player_choice":"Lose Max HP","damage_taken":0,"relics_obtained":["Golden Idol"],"max_hp_gain":0,"max_hp_loss":8,"event_name":"Golden Idol","floor":14,"gold_loss":0}],"is_beta":false,"boss_relics":[],"items_purged_floors":[3,8],"is_endless":false,"potions_floor_spawned":[1,2,11],"killed_by":"Slime Boss","ascension_level":20}