{"gold_per_floor":[214,37,55,70,90,90,165,165,219,230,230,248,281,105,105,105],"floor_reached":16,"playtime":1124,"items_purged":["Strike_B"],"score":204,"play_id":"2fa33b1b-16d8-44e0-8389-a9be4d744d0b","local_time":"20181009210107","is_ascension_mode":true,"campfire_choices":[{"data":"Zap","floor":6,"key":"SMITH"},{"floor":8,"key":"REST"},{"data":"Auto Shields","floor":11,"key":"SMITH"},{"data":"Discovery","floor":15,"key":"SMITH"}],"neow_cost":"NONE","seed_source_timestamp":1726830101328497,"circlet_count":0,"master_deck":["Strike_B","Strike_B","Strike_B","Defend_B","Defend_B","Defend_B","Defend_B","Zap+1","Dualcast","AscendersBane","Reinforced Body","Gash","BootSequence","Core Surge","Auto Shields+1","Consume","Hologram","Discovery+1"],"relics":["Cracked Core","Bronze Scales","Happy Flower","Strawberry"],"potions_floor_usage":[13,16],"damage_taken":[{"damage":1,"enemies":"Cultist","floor":1,"turns":4},{"damage":10,"enemies":"2 Louse","floor":3,"turns":3},{"damage":2,"enemies":"Jaw Worm","floor":4,"turns":3},{"damage":24,"enemies":"Exordium Wildlife","floor":5,"turns":5},{"damage":4,"enemies":"2 Fungi Beasts","floor":10,"turns":3},{"damage":4,"enemies":"Exordium Thugs","floor":12,"turns":5},{"damage":15,"enemies":"Lagavulin","floor":13,"turns":5},{"damage":31,"enemies":"Slime Boss","floor":16,"turns":8}],"seed_played":"3498289121401518711","potions_obtained":[{"floor":4,"key":"LiquidBronze"},{"floor":10,"key":"Poison Potion"},{"floor":13,"key":"Poison Potion"}],"is_trial":false,"path_per_floor":["M","$","M","M","M","R","?","R","T","M","R","M","E","$","R"],"character_chosen":"DEFECT","items_purchased":["Bronze Scales","Discovery"],"campfire_rested":1,"item_purchase_floors":[2,14],"current_hp_per_floor":[63,63,53,51,27,27,16,37,37,33,33,29,21,21,21,0],"gold":105,"neow_bonus":"HUNDRED_GOLD","is_prod":false,"is_daily":false,"chose_seed":false,"campfire_upgraded":3,"win_rate":0,"timestamp":1539111667,"path_taken":["M","$","M","M","M","R","?","R","T","M","R","M","E","?","R","BOSS"],"build_version":"2018-10-04v2","purchased_purges":1,"victory":false,"max_hp_per_floor":[71,71,71,71,71,71,71,71,71,71,71,71,78,78,78,78],"card_choices":[{"not_picked":["Go for the Eyes","Conserve Battery"],"picked":"Reinforced Body","floor":1},{"not_picked":["Stack","Gash","Turbo"],"picked":"SKIP","floor":3},{"not_picked":["Stack","Turbo"],"picked":"Gash","floor":3},{"not_picked":["Streamline","Melter"],"picked":"BootSequence","floor":4},{"not_picked":["Beam Cell","Capacitor"],"picked":"Core Surge","floor":5},{"not_picked":["Recycle","Redo"],"picked":"Auto Shields","floor":10},{"not_picked":["Cold Snap","Gash"],"picked":"Consume","floor":12},{"not_picked":["Coolheaded","Stack"],"picked":"Hologram","floor":13}],"player_experience":1392444,"relics_obtained":[{"floor":9,"key":"Happy Flower"},{"floor":13,"key":"Strawberry"}],"event_choices":[{"event_name":"World of Goop","player_choice":"Gather Gold","floor":7,"damage_taken":0}],"is_beta":false,"boss_relics":[],"items_purged_floors":[14],"is_endless":false,"potions_floor_spawned":[4,10,13],"killed_by":"Slime Boss","ascension_level":20}