{"gold_per_floor":[114,128,53,53,153,153,179,195,270,270,284,301,320,333,333,430,430],"floor_reached":17,"playtime":672,"items_purged":["Strike_G"],"score":212,"play_id":"15ceb0a1-7a2b-4b6a-9cb0-38c0baf4ec9e","local_time":"20190307161441","is_ascension_mode":true,"campfire_choices":[{"data":"Dagger Throw","floor":6,"key":"SMITH"},{"data":"Backflip","floor":10,"key":"SMITH"},{"data":"Dagger Spray","floor":15,"key":"SMITH"}],"neow_cost":"NONE","seed_source_timestamp":14698211493496,"circlet_count":0,"master_deck":["Survivor","Neutralize+1","Dagger Throw+1","Backflip+1","Backflip","Dagger Spray+1","PiercingWail","Unload","Sucker Punch","Die Die Die","Finisher","Sucker Punch","Corpse Explosion","Distraction","Corpse Explosion","Deadly Poison","Prepared"],"relics":["Ring of the Snake","NeowsBlessing","Potion Belt","Ornamental Fan","Pandora\u0027s Box"],"potions_floor_usage":[16],"damage_taken":[{"damage":0,"enemies":"Cultist","floor":1,"turns":1},{"damage":0,"enemies":"Jaw Worm","floor":2,"turns":1},{"damage":0,"enemies":"Lagavulin","floor":7,"turns":1},{"damage":0,"enemies":"Small Slimes","floor":8,"turns":3},{"damage":0,"enemies":"Blue Slaver","floor":11,"turns":4},{"damage":0,"enemies":"Large Slime","floor":12,"turns":8},{"damage":2,"enemies":"2 Fungi Beasts","floor":13,"turns":3},{"damage":1,"enemies":"Red Slaver","floor":14,"turns":4},{"damage":38,"enemies":"Slime Boss","floor":16,"turns":11}],"seed_played":"4030722048582541039","potions_obtained":[{"floor":7,"key":"Block Potion"},{"floor":8,"key":"Dexterity Potion"},{"floor":11,"key":"AttackPotion"},{"floor":12,"key":"LiquidBronze"}],"is_trial":false,"path_per_floor":["M","M","$","?","?","R","E","M","T","R","M","M","M","M","R","B",null],"character_chosen":"THE_SILENT","items_purchased":[],"campfire_rested":0,"item_purchase_floors":[],"current_hp_per_floor":[70,70,70,70,70,70,70,70,70,70,70,70,68,67,67,29,70],"gold":430,"neow_bonus":"THREE_ENEMY_KILL","is_prod":false,"is_daily":false,"chose_seed":false,"campfire_upgraded":3,"win_rate":0,"timestamp":1552004081,"path_taken":["M","M","$","?","?","R","E","M","T","R","M","M","?","M","R","BOSS"],"build_version":"2019-01-23","purchased_purges":1,"victory":false,"max_hp_per_floor":[70,70,70,70,70,70,70,70,70,70,70,70,70,70,70,70,70],"card_choices":[{"not_picked":["Flying Knee","Slice"],"picked":"Dagger Throw","floor":1},{"not_picked":["Concentrate","Underhanded Strike","All Out Attack"],"picked":"SKIP","floor":2},{"not_picked":["Concentrate","Prepared"],"picked":"Backflip","floor":7},{"not_picked":["Accuracy","Blade Dance"],"picked":"Backflip","floor":8},{"not_picked":["Backflip","Acrobatics","Blade Dance"],"picked":"SKIP","floor":11},{"not_picked":["Caltrops","Poisoned Stab"],"picked":"Dagger Spray","floor":12},{"not_picked":["Outmaneuver","Infinite Blades","Underhanded Strike"],"picked":"SKIP","floor":13},{"not_picked":["Reflex","Bane"],"picked":"PiercingWail","floor":14},{"not_picked":["Die Die Die","Corpse Explosion"],"picked":"Unload","floor":16}],"player_experience":350150,"relics_obtained":[{"floor":7,"key":"Potion Belt"},{"floor":9,"key":"Ornamental Fan"}],"event_choices":[{"damage_healed":0,"gold_gain":0,"player_choice":"Grow","damage_taken":0,"max_hp_gain":0,"max_hp_loss":0,"event_name":"Living Wall","floor":4,"gold_loss":0,"cards_upgraded":["Neutralize"]},{"damage_healed":0,"gold_gain":100,"player_choice":"Pray","damage_taken":0,"max_hp_gain":0,"max_hp_loss":0,"event_name":"Golden Shrine","floor":5,"gold_loss":0}],"is_beta":false,"boss_relics":[{"not_picked":["Calling Bell","Runic Dome"],"picked":"Pandora\u0027s Box"}],"items_purged_floors":[3],"is_endless":false,"potions_floor_spawned":[7,8,11,12],"ascension_level":3}