{"gold_per_floor":[14,32,32,46,59,59,93,93,93,122,122,122],"floor_reached":12,"playtime":437,"items_purged":[],"score":167,"play_id":"07cacd1d-c063-4b45-b0c9-6cc349232022","local_time":"20180930030222","is_ascension_mode":true,"campfire_choices":[{"data":"Quick Slash","floor":6,"key":"SMITH"},{"floor":8,"key":"REST"},{"floor":11,"key":"REST"}],"neow_cost":"NO_GOLD","seed_source_timestamp":885074839848768,"circlet_count":0,"master_deck":["Defend_G","Defend_G","Defend_G","Defend_G","Defend_G","Strike_G","Strike_G","Strike_G","Survivor","Neutralize","AscendersBane","Quick Slash+1","Blur","Corpse Explosion","Poisoned Stab"],"relics":["Ring of the Snake","Bottled Lightning","Sundial","Mummified Hand"],"potions_floor_usage":[12],"damage_taken":[{"damage":9,"enemies":"Jaw Worm","floor":1,"turns":8},{"damage":3,"enemies":"Cultist","floor":2,"turns":5},{"damage":7,"enemies":"Small Slimes","floor":4,"turns":3},{"damage":0,"enemies":"Blue Slaver","floor":5,"turns":8},{"damage":38,"enemies":"Lagavulin","floor":7,"turns":10},{"damage":17,"enemies":"3 Sentries","floor":10,"turns":4},{"damage":44,"enemies":"Gremlin Nob","floor":12,"turns":4}],"seed_played":"-1137032960482625990","potions_obtained":[{"floor":4,"key":"SteroidPotion"},{"floor":10,"key":"LiquidBronze"}],"is_trial":false,"path_per_floor":["M","M","?","M","M","R","E","R","T","E","R"],"character_chosen":"THE_SILENT","items_purchased":[],"campfire_rested":2,"item_purchase_floors":[],"current_hp_per_floor":[50,47,52,45,45,45,7,28,28,11,32,0],"gold":122,"neow_bonus":"REMOVE_TWO","is_prod":false,"is_daily":false,"chose_seed":false,"campfire_upgraded":1,"win_rate":0,"timestamp":1538269342,"path_taken":["M","M","?","M","?","R","E","R","T","E","R","E"],"build_version":"2018-09-27","purchased_purges":0,"victory":false,"max_hp_per_floor":[66,66,71,71,71,71,71,71,71,71,71,71],"card_choices":[{"not_picked":["Backflip","Eviscerate"],"picked":"Quick Slash","floor":1},{"not_picked":["Outmaneuver","Concentrate","Deflect"],"picked":"SKIP","floor":2},{"not_picked":["Reflex","Acrobatics"],"picked":"Blur","floor":4},{"not_picked":["Underhanded Strike","Tactician"],"picked":"Corpse Explosion","floor":5},{"not_picked":["Expertise","Dagger Throw"],"picked":"Poisoned Stab","floor":7},{"not_picked":["Choke","Flying Knee","Prepared"],"picked":"SKIP","floor":10}],"player_experience":1294445,"relics_obtained":[{"floor":7,"key":"Bottled Lightning"},{"floor":9,"key":"Sundial"},{"floor":10,"key":"Mummified Hand"}],"event_choices":[{"event_name":"Big Fish","player_choice":"Donut","floor":3,"damage_taken":0}],"is_beta":false,"boss_relics":[],"items_purged_floors":[],"is_endless":false,"potions_floor_spawned":[4,10],"killed_by":"Gremlin Nob","ascension_level":18}