{"gold_per_floor":[113,113,133,153,171,201,201,23,23,23,57,76,76,87,87,191,191,201,31,121,140,158,158],"floor_reached":23,"playtime":1358,"items_purged":["Strike_R","Strike_R"],"score":315,"play_id":"40abfd23-f541-4d2b-8ddc-9b0e0d708440","local_time":"20190306152643","is_ascension_mode":true,"campfire_choices":[{"floor":7.0,"key":"REST"},{"data":"Bash","floor":10.0,"key":"SMITH"},{"floor":15,"key":"REST"}],"neow_cost":"NONE","seed_source_timestamp":1772607915476100,"circlet_count":0,"master_deck":["AscendersBane","Strike_R","Strike_R","Strike_R","Defend_R","Defend_R","Defend_R","Defend_R","Bash+1","Brutality","Sword Boomerang","Pummel","Corruption","Juggernaut","Intimidate","Shrug It Off","Spot Weakness","Whirlwind","Shrug It Off","Infernal Blade","Offering","Body Slam","Seeing Red","Shrug It Off+1","Intimidate+1"],"special_seed":0,"relics":["Burning Blood","Dead Branch","Paper Frog","Shuriken","Ancient Tea Set","Philosopher\u0027s Stone"],"potions_floor_usage":[],"damage_taken":[{"damage":0.0,"enemies":"2 Louse","floor":1.0,"turns":3.0},{"damage":1.0,"enemies":"Cultist","floor":3.0,"turns":3.0},{"damage":15.0,"enemies":"Small Slimes","floor":4.0,"turns":4.0},{"damage":19.0,"enemies":"Blue Slaver","floor":5.0,"turns":4.0},{"damage":54.0,"enemies":"Lagavulin","floor":6.0,"turns":8.0},{"damage":16.0,"enemies":"Gremlin Nob","floor":11.0,"turns":4.0},{"damage":7.0,"enemies":"Gremlin Gang","floor":12.0,"turns":2.0},{"damage":14,"enemies":"3 Louse","floor":14,"turns":3},{"damage":7,"enemies":"The Guardian","floor":16,"turns":8},{"damage":20,"enemies":"3 Byrds","floor":18,"turns":3},{"damage":28,"enemies":"2 Thieves","floor":21,"turns":3},{"damage":6,"enemies":"3 Cultists","floor":22,"turns":3},{"damage":24,"enemies":"Book of Stabbing","floor":23,"turns":2}],"seed_played":"-3465417839193790009","potions_obtained":[{"floor":2.0,"key":"Fruit Juice"},{"floor":2.0,"key":"SpeedPotion"},{"floor":2.0,"key":"Ancient Potion"},{"floor":18,"key":"Energy Potion"}],"is_trial":false,"path_per_floor":["M","?","M","M","M","E","R","$","T","R","E","M","?","M","R","B",null,"M","$","?","M","M","E"],"character_chosen":"IRONCLAD","items_purchased":["Shrug It Off","Spot Weakness","Seeing Red"],"campfire_rested":2,"item_purchase_floors":[8,8,19],"current_hp_per_floor":[78,83,85,76,63,15,40,40,40,40,30,29,29,21,46,45,75,61,61,45,23,23,0],"gold":158,"neow_bonus":"ONE_RANDOM_RARE_CARD","is_prod":false,"is_daily":false,"chose_seed":false,"campfire_upgraded":1,"win_rate":0,"timestamp":1551904003,"path_taken":["M","?","M","M","M","E","R","?","T","R","E","?","?","M","R","BOSS","M","$","?","?","M","E"],"build_version":"2019-01-23","purchased_purges":2,"victory":false,"max_hp_per_floor":[80,85,85,85,85,85,85,85,85,85,85,85,85,85,85,85,85,85,85,85,85,85,85],"card_choices":[{"not_picked":["Headbutt","Wild Strike"],"picked":"Sword Boomerang","floor":1.0},{"not_picked":["Fire Breathing","Searing Blow"],"picked":"Pummel","floor":3.0},{"not_picked":["Wild Strike","Sword Boomerang"],"picked":"Corruption","floor":4.0},{"not_picked":["Cleave","Iron Wave"],"picked":"Juggernaut","floor":5.0},{"not_picked":["Thunderclap","Iron Wave"],"picked":"Intimidate","floor":6.0},{"not_picked":["Intimidate","Twin Strike"],"picked":"Whirlwind","floor":11.0},{"not_picked":["Spot Weakness","Pommel Strike"],"picked":"Shrug It Off","floor":12.0},{"not_picked":["Shrug It Off","Ghostly Armor"],"picked":"Infernal Blade","floor":14},{"not_picked":["Juggernaut","Immolate"],"picked":"Offering","floor":16},{"not_picked":["Cleave","Heavy Blade+1"],"picked":"Body Slam","floor":18},{"not_picked":["Searing Blow+1","Perfected Strike"],"picked":"Shrug It Off+1","floor":21},{"not_picked":["Body Slam","Headbutt+1"],"picked":"Intimidate+1","floor":22}],"player_experience":353295,"relics_obtained":[{"floor":6.0,"key":"Dead Branch"},{"floor":9.0,"key":"Paper Frog"},{"floor":11.0,"key":"Shuriken"}],"event_choices":[{"damage_healed":0.0,"max_hp_gain":0.0,"max_hp_loss":0.0,"gold_gain":0.0,"event_name":"Lab","player_choice":"Got Potions","floor":2.0,"gold_loss":0.0,"damage_taken":0.0},{"damage_healed":0,"gold_gain":0,"player_choice":"Searched \u00271\u0027 times","damage_taken":0,"relics_obtained":["Ancient Tea Set"],"max_hp_gain":0,"max_hp_loss":0,"event_name":"Dead Adventurer","floor":13,"gold_loss":0},{"damage_healed":0,"gold_gain":90,"player_choice":"GOLD ","damage_taken":16,"max_hp_gain":0,"max_hp_loss":0,"event_name":"Knowing Skull","floor":20,"potions_obtained":[],"gold_loss":0,"cards_obtained":[]}],"is_beta":false,"boss_relics":[{"not_picked":["Black Blood","Velvet Choker"],"picked":"Philosopher\u0027s Stone"}],"items_purged_floors":[8,19],"is_endless":false,"potions_floor_spawned":[3,4,5,6,18,22],"killed_by":"Book of Stabbing","ascension_level":11}