{"gold_per_floor":[119,130,146,163,163,188,188,208,208,208,240,254,254,265,265,336,336,336,2,2,2,2,2,2,2,2,2,2,2,2,2,2,2],"floor_reached":33,"playtime":1519,"items_purged":["Strike_B"],"score":534,"play_id":"f3acbd32-300d-4da3-a60c-08ca86c45754","local_time":"20180928155117","is_ascension_mode":true,"campfire_choices":[{"data":"Go for the Eyes","floor":7,"key":"SMITH"},{"data":"Ball Lightning","floor":10,"key":"SMITH"},{"data":"Rebound","floor":13,"key":"SMITH"},{"data":"Ball Lightning","floor":15,"key":"SMITH"},{"data":"Conserve Battery","floor":23,"key":"SMITH"},{"data":"Zap","floor":25,"key":"SMITH"},{"data":"Reboot","floor":27,"key":"SMITH"},{"floor":32,"key":"REST"}],"neow_cost":"TEN_PERCENT_HP_LOSS","seed_source_timestamp":757315179412953,"circlet_count":0,"master_deck":["Defend_B","Defend_B","Defend_B","Defend_B","Zap+1","Dualcast","AscendersBane","Rebound+1","Capacitor","Go for the Eyes+1","Ball Lightning+1","Steam","Self Repair","Reboot+1","Ball Lightning+1","Reboot","Capacitor","Conserve Battery+1","Self Repair","Storm","Echo Form","Self Repair"],"relics":["Cracked Core","Bag of Marbles","Ornamental Fan","Bronze Scales","Ectoplasm","Runic Capacitor","Potion Belt","Turnip"],"potions_floor_usage":[8,12,14,18,22,33],"damage_taken":[{"damage":0,"enemies":"Small Slimes","floor":1,"turns":4},{"damage":6,"enemies":"Cultist","floor":2,"turns":3},{"damage":7,"enemies":"Jaw Worm","floor":3,"turns":2},{"damage":14,"enemies":"Exordium Thugs","floor":4,"turns":5},{"damage":20,"enemies":"Lagavulin","floor":6,"turns":7},{"damage":4,"enemies":"Blue Slaver","floor":8,"turns":3},{"damage":22,"enemies":"Gremlin Nob","floor":11,"turns":4},{"damage":0,"enemies":"Gremlin Gang","floor":12,"turns":5},{"damage":2,"enemies":"Lots of Slimes","floor":14,"turns":3},{"damage":26,"enemies":"The Guardian","floor":16,"turns":11},{"damage":14,"enemies":"Shell Parasite","floor":18,"turns":6},{"damage":0,"enemies":"3 Byrds","floor":20,"turns":3},{"damage":15,"enemies":"Snecko","floor":22,"turns":5},{"damage":19,"enemies":"Centurion and Healer","floor":24,"turns":7},{"damage":2,"enemies":"Chosen and Byrds","floor":28,"turns":4},{"damage":2,"enemies":"Snake Plant","floor":30,"turns":4},{"damage":29,"enemies":"Book of Stabbing","floor":31,"turns":5},{"damage":60,"enemies":"Automaton","floor":33,"turns":6}],"seed_played":"652425478052623819","potions_obtained":[{"floor":2,"key":"GamblersBrew"},{"floor":4,"key":"Energy Potion"},{"floor":11,"key":"Swift Potion"},{"floor":12,"key":"Block Potion"},{"floor":14,"key":"Swift Potion"},{"floor":20,"key":"Dexterity Potion"},{"floor":22,"key":"SteroidPotion"},{"floor":31,"key":"Strength Potion"}],"is_trial":false,"path_per_floor":["M","M","M","M","?","E","R","M","T","R","E","M","R","M","R","B",null,"M","$","M","?","M","R","M","R","T","R","M","$","M","E","R"],"character_chosen":"DEFECT","items_purchased":["Runic Capacitor","Conserve Battery"],"campfire_rested":1,"item_purchase_floors":[19,19],"current_hp_per_floor":[64,58,51,37,58,38,38,34,34,34,19,26,26,31,31,12,51,37,37,44,44,36,36,31,31,31,31,36,36,48,33,52,0],"gold":2,"neow_bonus":"REMOVE_TWO","is_prod":false,"is_daily":false,"chose_seed":false,"campfire_upgraded":7,"win_rate":0,"timestamp":1538142677,"path_taken":["M","M","M","M","?","E","R","M","T","R","E","?","R","M","R","BOSS","M","$","M","?","?","R","M","R","T","R","?","?","M","E","R","BOSS"],"build_version":"2018-09-27","purchased_purges":1,"victory":false,"max_hp_per_floor":[64,64,64,64,64,64,64,64,64,64,64,64,64,64,64,64,64,64,64,64,64,64,64,64,64,64,64,64,64,64,64,64,64],"card_choices":[{"not_picked":["Barrage","Coolheaded"],"picked":"Rebound","floor":1},{"not_picked":["Beam Cell","Streamline"],"picked":"Capacitor","floor":2},{"not_picked":["Barrage","Compile Driver"],"picked":"Go for the Eyes","floor":3},{"not_picked":["Compile Driver","Hologram"],"picked":"Ball Lightning","floor":4},{"not_picked":["Lockon","Streamline"],"picked":"Steam","floor":6},{"not_picked":["White Noise","Tempest"],"picked":"Self Repair","floor":8},{"not_picked":["Hologram","Auto Shields"],"picked":"Reboot","floor":11},{"not_picked":["Force Field","Beam Cell","Turbo"],"picked":"SKIP","floor":12},{"not_picked":["Reboot","White Noise"],"picked":"Ball Lightning","floor":14},{"not_picked":["Machine Learning","Creative AI"],"picked":"Reboot","floor":16},{"not_picked":["Lockon","Reinforced Body"],"picked":"Capacitor","floor":18},{"not_picked":["Conserve Battery","Blizzard"],"picked":"Self Repair","floor":20},{"not_picked":["Beam Cell","Rebound","Heatsinks"],"picked":"SKIP","floor":22},{"not_picked":["Steam","Doom and Gloom","Steam Power"],"picked":"SKIP","floor":24},{"not_picked":["Cold Snap","Hologram"],"picked":"Storm","floor":28},{"not_picked":["Hologram","Reinforced Body"],"picked":"Echo Form","floor":30},{"not_picked":["Conserve Battery","Rebound+1"],"picked":"Self Repair","floor":31}],"player_experience":1278326,"relics_obtained":[{"floor":6,"key":"Bag of Marbles"},{"floor":9,"key":"Ornamental Fan"},{"floor":11,"key":"Bronze Scales"},{"floor":26,"key":"Potion Belt"},{"floor":31,"key":"Turnip"}],"event_choices":[{"event_name":"Big Fish","player_choice":"Banana","floor":5,"damage_taken":0},{"event_name":"Wheel of Change","player_choice":"Card Removal","floor":21,"damage_taken":0}],"is_beta":false,"boss_relics":[{"not_picked":["Orrery","White Beast Statue"],"picked":"Ectoplasm"}],"items_purged_floors":[19],"is_endless":false,"potions_floor_spawned":[2,4,11,12,14,20,22,31],"killed_by":"Automaton","ascension_level":18}