{"gold_per_floor":[114,189,201,214,234,234,266,266,291,335,359,371,4,14,14,109,109,126,126,194,206,222,247,266,300,300,300,300,17,36,69,69,166,166,180,180,180,229,26,26,40,70,70,101,10,28,28,41,41,41],"floor_reached":51,"playtime":3168,"items_purged":["Strike_R"],"score":1221,"play_id":"15efc32f-a73b-4e1d-8071-f23e55135ad0","local_time":"20190226103956","is_ascension_mode":true,"campfire_choices":[{"data":"Whirlwind","floor":6.0,"key":"SMITH"},{"data":"Bash","floor":8.0,"key":"SMITH"},{"floor":15.0,"key":"REST"},{"data":"Body Slam","floor":27.0,"key":"SMITH"},{"data":"True Grit","floor":32.0,"key":"SMITH"},{"data":"Barricade","floor":40.0,"key":"SMITH"},{"data":"Corruption","floor":47.0,"key":"SMITH"},{"floor":49.0,"key":"REST"}],"neow_cost":"NONE","seed_source_timestamp":1062477138482900,"circlet_count":0,"master_deck":["Strike_R+1","Strike_R","Defend_R","Defend_R","Defend_R","Defend_R","Bash+1","Fiend Fire+1","Whirlwind+1","Wild Strike","Offering","True Grit+1","Feel No Pain","Impervious","Shrug It Off+1","Feel No Pain+1","Power Through","Armaments+1","Body Slam+1","Infernal Blade+1","Twin Strike+1","Barricade+1","Rampage+1","Dramatic Entrance","Armaments","Shockwave+1","Double Tap","Limit Break","Corruption+1","Rage+1","Pummel+1"],"special_seed":0,"relics":["Black Blood","Bag of Preparation","MawBank","Happy Flower","Charon\u0027s Ashes","Runic Pyramid","Bottled Flame","Whetstone","Orichalcum","Paper Frog","Chemical X","Bottled Tornado","Magic Flower","Brimstone","Bag of Marbles","Kunai","Lantern"],"potions_floor_usage":[50,50,50],"damage_taken":[{"damage":1.0,"enemies":"Cultist","floor":1.0,"turns":4.0},{"damage":0.0,"enemies":"2 Louse","floor":3.0,"turns":2.0},{"damage":2.0,"enemies":"Jaw Worm","floor":4.0,"turns":3.0},{"damage":37.0,"enemies":"Exordium Thugs","floor":5.0,"turns":7.0},{"damage":20.0,"enemies":"Lagavulin","floor":7.0,"turns":7.0},{"damage":16.0,"enemies":"3 Sentries","floor":10.0,"turns":3.0},{"damage":0.0,"enemies":"3 Louse","floor":11.0,"turns":1.0},{"damage":9.0,"enemies":"Blue Slaver","floor":14.0,"turns":2.0},{"damage":6.0,"enemies":"Slime Boss","floor":16.0,"turns":4.0},{"damage":4.0,"enemies":"Shell Parasite","floor":18.0,"turns":3.0},{"damage":6.0,"enemies":"2 Thieves","floor":21.0,"turns":3.0},{"damage":6.0,"enemies":"Centurion and Healer","floor":22.0,"turns":3.0},{"damage":20.0,"enemies":"Book of Stabbing","floor":23.0,"turns":6.0},{"damage":6.0,"enemies":"Shelled Parasite and Fungi","floor":24.0,"turns":2.0},{"damage":6.0,"enemies":"Gremlin Leader","floor":25.0,"turns":5.0},{"damage":6.0,"enemies":"Snake Plant","floor":30.0,"turns":3.0},{"damage":0.0,"enemies":"Slavers","floor":31.0,"turns":2.0},{"damage":33.0,"enemies":"Automaton","floor":33.0,"turns":9.0},{"damage":31.0,"enemies":"3 Darklings","floor":35.0,"turns":6.0},{"damage":15.0,"enemies":"2 Orb Walkers","floor":38.0,"turns":3.0},{"damage":2.0,"enemies":"3 Shapes","floor":41.0,"turns":4.0},{"damage":44.0,"enemies":"Giant Head","floor":42.0,"turns":9.0},{"damage":14.0,"enemies":"Nemesis","floor":44.0,"turns":7.0},{"damage":0.0,"enemies":"3 Darklings","floor":46.0,"turns":1.0},{"damage":0.0,"enemies":"Spire Growth","floor":48.0,"turns":3.0},{"damage":36,"enemies":"Awakened One","floor":50,"turns":6}],"seed_played":"3388690592240412383","potions_obtained":[{"floor":1.0,"key":"LiquidBronze"},{"floor":3.0,"key":"Fire Potion"},{"floor":5.0,"key":"FearPotion"},{"floor":10.0,"key":"SkillPotion"},{"floor":14.0,"key":"GamblersBrew"},{"floor":16.0,"key":"Poison Potion"},{"floor":33.0,"key":"Block Potion"},{"floor":35.0,"key":"LiquidBronze"},{"floor":38.0,"key":"SpeedPotion"},{"floor":42.0,"key":"FearPotion"}],"is_trial":false,"path_per_floor":["M","?","M","M","M","R","E","R","T","E","M","?","$","M","R","B",null,"M","?","T","M","M","E","M","E","T","R","?","$","M","E","R","B",null,"M","?","?","?","$","R","M","E","T","E","$","M","R","M","R","B",null],"character_chosen":"IRONCLAD","items_purchased":["Feel No Pain","Charon\u0027s Ashes","Chemical X","Brimstone","Corruption","PowerPotion"],"campfire_rested":2,"item_purchase_floors":[13,13,29,39,45,45],"current_hp_per_floor":[77,66,72,76,45,45,31,31,31,21,27,27,27,24,48,48,72,74,74,74,74,74,60,60,60,60,60,45,45,45,51,51,24,70,49,49,49,44,44,44,57,28,28,29,29,44,44,59,84,63],"gold":41,"neow_bonus":"ONE_RANDOM_RARE_CARD","is_prod":false,"is_daily":false,"chose_seed":false,"campfire_upgraded":6,"win_rate":0,"timestamp":1551195596,"path_taken":["M","?","M","M","M","R","E","R","T","E","M","?","$","M","R","BOSS","M","?","?","M","M","E","M","E","T","R","?","?","M","E","R","BOSS","M","?","?","?","$","R","M","E","T","E","?","M","R","M","R","BOSS"],"build_version":"2019-01-23","purchased_purges":1,"victory":true,"max_hp_per_floor":[80,80,80,80,80,80,80,80,80,80,80,80,80,80,80,80,80,80,80,80,80,80,80,80,80,80,80,85,85,85,85,85,85,85,85,85,85,85,85,85,85,85,85,85,85,85,85,85,85,85],"card_choices":[{"not_picked":["True Grit","Armaments"],"picked":"Whirlwind","floor":1.0},{"not_picked":["Havoc","Thunderclap","Burning Pact"],"picked":"SKIP","floor":3.0},{"not_picked":["Bloodletting","Warcry"],"picked":"Wild Strike","floor":4.0},{"not_picked":["Body Slam","Perfected Strike","Flex"],"picked":"SKIP","floor":5.0},{"not_picked":["Ghostly Armor","Anger"],"picked":"Offering","floor":7.0},{"not_picked":["Headbutt","Perfected Strike","Brutality"],"picked":"SKIP","floor":10.0},{"not_picked":["Rupture","Havoc"],"picked":"True Grit","floor":11.0},{"not_picked":["Twin Strike","Rage","Warcry"],"picked":"SKIP","floor":14.0},{"not_picked":["Berserk","Fiend Fire"],"picked":"Impervious","floor":16.0},{"not_picked":["Thunderclap","Entrench"],"picked":"Shrug It Off+1","floor":18.0},{"not_picked":["Flex+1","Sword Boomerang"],"picked":"Feel No Pain+1","floor":21.0},{"not_picked":["Warcry+1","Infernal Blade"],"picked":"Power Through","floor":22.0},{"not_picked":["Sever Soul","Anger"],"picked":"Armaments+1","floor":23.0},{"not_picked":["Berserk","Uppercut"],"picked":"Body Slam","floor":24.0},{"not_picked":["Cleave+1","Sword Boomerang","Clash"],"picked":"SKIP","floor":25.0},{"not_picked":["Wild Strike","Havoc"],"picked":"Infernal Blade+1","floor":30.0},{"not_picked":["Havoc","Armaments"],"picked":"Twin Strike+1","floor":31.0},{"not_picked":["Exhume","Limit Break"],"picked":"Barricade","floor":33.0},{"not_picked":["Blood for Blood","Heavy Blade+1"],"picked":"Rampage+1","floor":35.0},{"not_picked":["Jack Of All Trades","Metamorphosis"],"picked":"Dramatic Entrance","floor":37.0},{"not_picked":["Sword Boomerang","Flex+1"],"picked":"Armaments","floor":38.0},{"not_picked":["Headbutt","Carnage"],"picked":"Shockwave+1","floor":41.0},{"not_picked":["Dual Wield","Second Wind"],"picked":"Double Tap","floor":42.0},{"not_picked":["Offering","Havoc+1"],"picked":"Limit Break","floor":44.0},{"not_picked":["Warcry+1","Iron Wave"],"picked":"Rage+1","floor":46.0},{"not_picked":["Burning Pact","Ghostly Armor"],"picked":"Pummel+1","floor":48.0}],"player_experience":289504,"relics_obtained":[{"floor":7.0,"key":"Bag of Preparation"},{"floor":9.0,"key":"MawBank"},{"floor":10.0,"key":"Happy Flower"},{"floor":20.0,"key":"Bottled Flame"},{"floor":23.0,"key":"Whetstone"},{"floor":25.0,"key":"Orichalcum"},{"floor":26.0,"key":"Paper Frog"},{"floor":31.0,"key":"Bottled Tornado"},{"floor":38.0,"key":"Magic Flower"},{"floor":42.0,"key":"Bag of Marbles"},{"floor":43.0,"key":"Kunai"},{"floor":44.0,"key":"Lantern"}],"event_choices":[{"damage_healed":0.0,"max_hp_gain":0.0,"max_hp_loss":0.0,"gold_gain":75.0,"event_name":"World of Goop","player_choice":"Gather Gold","floor":2.0,"gold_loss":0.0,"damage_taken":11.0},{"cards_removed":["Strike_R"],"damage_healed":0.0,"max_hp_gain":0.0,"max_hp_loss":0.0,"gold_gain":0.0,"event_name":"Living Wall","player_choice":"Forget","floor":12.0,"gold_loss":0.0,"damage_taken":0.0},{"cards_removed":["Strike_R"],"damage_healed":0.0,"max_hp_gain":0.0,"max_hp_loss":0.0,"gold_gain":0.0,"event_name":"Back to Basics","player_choice":"Elegance","floor":19.0,"gold_loss":0.0,"damage_taken":0.0},{"damage_healed":0.0,"max_hp_gain":5.0,"max_hp_loss":0.0,"gold_gain":0.0,"event_name":"Forgotten Altar","player_choice":"Shed Blood","floor":28.0,"gold_loss":0.0,"damage_taken":20.0},{"damage_healed":0.0,"max_hp_gain":0.0,"max_hp_loss":0.0,"gold_gain":0.0,"event_name":"Tomb of Lord Red Mask","player_choice":"Ignored","floor":36.0,"gold_loss":0.0,"damage_taken":0.0},{"damage_healed":0.0,"max_hp_gain":0.0,"max_hp_loss":0.0,"gold_gain":0.0,"event_name":"SensoryStone","player_choice":"Memory 1","floor":37.0,"gold_loss":0.0,"damage_taken":0.0},{"damage_healed":0.0,"max_hp_gain":0.0,"max_hp_loss":0.0,"gold_gain":0.0,"event_name":"Mysterious Sphere","player_choice":"Fight","floor":38.0,"gold_loss":0.0,"damage_taken":0.0}],"is_beta":false,"boss_relics":[{"not_picked":["Runic Dome","Runic Cube"],"picked":"Runic Pyramid"},{"not_picked":["Empty Cage","White Beast Statue"],"picked":"Black Blood"}],"items_purged_floors":[29],"is_endless":false,"potions_floor_spawned":[1,3,5,10,14,16,18,23,24,33,35,38,42],"ascension_level":9}