{"gold_per_floor":[109,125,139,139,158,158,189,189,189,189,204,204,233,247,247,247],"floor_reached":16,"playtime":603,"items_purged":[],"score":224,"play_id":"fb4da94c-6fac-4df8-8829-423b128d96d7","local_time":"20190220201438","is_ascension_mode":true,"campfire_choices":[{"data":"Poisoned Stab","floor":6,"key":"SMITH"},{"data":"Poisoned Stab","floor":8,"key":"SMITH"},{"data":"Blade Dance","floor":10,"key":"SMITH"},{"floor":12,"key":"REST"},{"data":"Caltrops","floor":15,"key":"SMITH"}],"neow_cost":"NONE","seed_source_timestamp":340707558660998,"circlet_count":0,"master_deck":["AscendersBane","Defend_G","Defend_G","Defend_G","Defend_G","Defend_G","Strike_G","Strike_G","Strike_G","Strike_G","Strike_G","Survivor","Neutralize","Blade Dance+1","Caltrops+1","Poisoned Stab+1","Poisoned Stab+1","Blade Dance","Venomology","Caltrops+1"],"relics":["Ring of the Snake","PreservedInsect","Regal Pillow","The Specimen"],"potions_floor_usage":[7,11,14,14,16,16],"damage_taken":[{"damage":11,"enemies":"Jaw Worm","floor":1,"turns":9},{"damage":1,"enemies":"Cultist","floor":2,"turns":5},{"damage":12,"enemies":"Small Slimes","floor":3,"turns":4},{"damage":6,"enemies":"3 Louse","floor":5,"turns":5},{"damage":15,"enemies":"3 Sentries","floor":7,"turns":5},{"damage":0,"enemies":"Blue Slaver","floor":11,"turns":2},{"damage":22,"enemies":"Lagavulin","floor":13,"turns":4},{"damage":17,"enemies":"Red Slaver","floor":14,"turns":4},{"damage":14,"enemies":"Hexaghost","floor":16,"turns":4}],"seed_played":"831650424400970258","potions_obtained":[{"floor":1,"key":"Explosive Potion"},{"floor":5,"key":"Fruit Juice"},{"floor":7,"key":"Explosive Potion"},{"floor":11,"key":"PowerPotion"}],"is_trial":false,"path_per_floor":["M","M","M","?","M","R","E","R","T","R","M","R","E","M","R","B"],"character_chosen":"THE_SILENT","items_purchased":[],"campfire_rested":1,"item_purchase_floors":[],"current_hp_per_floor":[48,47,35,35,29,29,14,14,14,14,14,48,26,14,14,0],"gold":247,"neow_bonus":"RANDOM_COMMON_RELIC","is_prod":false,"is_daily":false,"chose_seed":false,"campfire_upgraded":4,"win_rate":0,"timestamp":1550690078,"path_taken":["M","M","M","?","?","R","E","R","T","R","M","R","E","M","R","BOSS"],"build_version":"2019-01-23","purchased_purges":0,"victory":false,"max_hp_per_floor":[66,66,66,66,66,66,66,66,66,66,66,66,66,71,71,71],"card_choices":[{"not_picked":["Accuracy","Reflex"],"picked":"Blade Dance","floor":1},{"not_picked":["Riddle With Holes","Blur"],"picked":"Caltrops","floor":2},{"not_picked":["Acrobatics","Escape Plan"],"picked":"Poisoned Stab","floor":3},{"not_picked":["Deflect","Flechettes"],"picked":"Poisoned Stab","floor":5},{"not_picked":["Escape Plan","Riddle With Holes","Setup"],"picked":"SKIP","floor":7},{"not_picked":["Dagger Spray","Slice"],"picked":"Blade Dance","floor":11},{"not_picked":["Blur","Setup"],"picked":"Venomology","floor":13},{"not_picked":["Dodge and Roll","Quick Slash"],"picked":"Caltrops","floor":14}],"player_experience":1915591,"relics_obtained":[{"floor":7,"key":"Regal Pillow"},{"floor":13,"key":"The Specimen"}],"event_choices":[{"damage_healed":0,"gold_gain":0,"player_choice":"Forge","damage_taken":0,"max_hp_gain":0,"max_hp_loss":0,"event_name":"Accursed Blacksmith","floor":4,"gold_loss":0,"cards_upgraded":["Caltrops"]}],"is_beta":false,"boss_relics":[],"items_purged_floors":[],"is_endless":false,"potions_floor_spawned":[1,5,7,11],"killed_by":"Hexaghost","ascension_level":20}