{"gold_per_floor":[118,132,151,151,226,226,253,253,309,96,116,126,137,151,151,250,250,261,261,234,234],"floor_reached":21,"playtime":1004,"items_purged":["Strike_R"],"score":256,"play_id":"1b896ca1-f8e2-4031-9f48-86fa107262ec","local_time":"20190222225843","is_ascension_mode":true,"campfire_choices":[{"data":"Rampage","floor":6.0,"key":"SMITH"},{"data":"Rage","floor":8.0,"key":"SMITH"},{"data":"Shrug It Off","floor":15.0,"key":"SMITH"}],"neow_cost":"NONE","seed_source_timestamp":0,"circlet_count":0,"master_deck":["Bash+1","Dropkick","Rage+1","Rampage+1","Sword Boomerang","Shrug It Off+1","Inflame","Anger","Havoc","Flame Barrier","Clothesline","Limit Break","Combust","Juggernaut","Flex","Seeing Red","Corruption","Pommel Strike","Metallicize","Burning Pact","True Grit+1","Barricade"],"special_seed":0,"relics":["Burning Blood","Omamori","Tiny Chest","Pandora\u0027s Box"],"potions_floor_usage":[21,21],"damage_taken":[{"damage":0.0,"enemies":"2 Louse","floor":1.0,"turns":3.0},{"damage":7.0,"enemies":"Jaw Worm","floor":2.0,"turns":4.0},{"damage":0.0,"enemies":"Small Slimes","floor":3.0,"turns":3.0},{"damage":16.0,"enemies":"Gremlin Nob","floor":7.0,"turns":4.0},{"damage":11.0,"enemies":"Looter","floor":11.0,"turns":2.0},{"damage":0.0,"enemies":"Blue Slaver","floor":12.0,"turns":2.0},{"damage":9.0,"enemies":"3 Louse","floor":13.0,"turns":3.0},{"damage":25.0,"enemies":"Exordium Wildlife","floor":14.0,"turns":6.0},{"damage":6.0,"enemies":"The Guardian","floor":16.0,"turns":11.0},{"damage":23.0,"enemies":"Chosen","floor":18.0,"turns":5.0},{"damage":21,"enemies":"2 Thieves","floor":20,"turns":5},{"damage":47,"enemies":"Chosen and Byrds","floor":21,"turns":6}],"seed_played":"-5726089874626087376","potions_obtained":[{"floor":2.0,"key":"EssenceOfSteel"},{"floor":3.0,"key":"SpeedPotion"},{"floor":7.0,"key":"EssenceOfSteel"},{"floor":16.0,"key":"Weak Potion"},{"floor":20,"key":"BloodPotion"}],"is_trial":false,"path_per_floor":["M","M","M","?","?","R","E","R","T","$","M","M","M","M","R","B",null,"M","?","M","M"],"character_chosen":"IRONCLAD","items_purchased":["Shrug It Off","Inflame","Anger"],"campfire_rested":0,"item_purchase_floors":[10,10,10],"current_hp_per_floor":[78,77,80,80,69,69,59,59,59,59,54,60,57,38,38,38,70,53,53,38,0],"gold":234,"neow_bonus":"THREE_CARDS","is_prod":false,"is_daily":false,"chose_seed":false,"campfire_upgraded":3,"win_rate":0,"timestamp":1550894323,"path_taken":["M","M","M","?","?","R","E","R","T","?","M","?","M","M","R","BOSS","M","?","?","M"],"build_version":"2019-01-23","purchased_purges":1,"victory":false,"max_hp_per_floor":[80,80,80,80,80,80,80,80,80,80,80,80,80,80,80,80,80,80,80,80,80],"card_choices":[{"not_picked":["Heavy Blade","Perfected Strike"],"picked":"Dropkick","floor":0.0},{"not_picked":["Perfected Strike","Wild Strike"],"picked":"Rage","floor":1.0},{"not_picked":["Perfected Strike","Clash","Reckless Charge"],"picked":"SKIP","floor":2.0},{"not_picked":["Twin Strike","Whirlwind"],"picked":"Rampage","floor":3.0},{"not_picked":["Pummel","Entrench"],"picked":"Sword Boomerang","floor":7.0},{"not_picked":["Clash","Sword Boomerang","Berserk"],"picked":"SKIP","floor":11.0},{"not_picked":["Body Slam","Perfected Strike"],"picked":"Havoc","floor":12.0},{"not_picked":["Headbutt","Rupture"],"picked":"Flame Barrier","floor":13.0},{"not_picked":["Sever Soul","Headbutt"],"picked":"Clothesline","floor":14.0},{"not_picked":["Brutality","Demon Form"],"picked":"Limit Break","floor":16.0},{"not_picked":["Clash","Blood for Blood+1"],"picked":"True Grit+1","floor":18.0},{"not_picked":["Twin Strike","Corruption","Rage"],"picked":"SKIP","floor":20}],"player_experience":267165,"relics_obtained":[{"floor":7.0,"key":"Omamori"},{"floor":9.0,"key":"Tiny Chest"}],"event_choices":[{"damage_healed":0.0,"max_hp_gain":0.0,"max_hp_loss":0.0,"gold_gain":0.0,"event_name":"Living Wall","player_choice":"Grow","floor":4.0,"gold_loss":0.0,"damage_taken":0.0,"cards_upgraded":["Bash"]},{"damage_healed":0.0,"max_hp_gain":0.0,"max_hp_loss":0.0,"gold_gain":75.0,"event_name":"World of Goop","player_choice":"Gather Gold","floor":5.0,"gold_loss":0.0,"damage_taken":11.0},{"damage_healed":0.0,"max_hp_gain":0.0,"max_hp_loss":0.0,"gold_gain":0.0,"event_name":"Match and Keep!","player_choice":"1 cards matched","floor":19.0,"gold_loss":0.0,"damage_taken":0.0,"cards_obtained":["Barricade"]}],"is_beta":false,"boss_relics":[{"not_picked":["Ectoplasm","Velvet Choker"],"picked":"Pandora\u0027s Box"}],"items_purged_floors":[10],"is_endless":false,"potions_floor_spawned":[2,3,7,16,20],"killed_by":"Chosen and Byrds","ascension_level":8}