{"gold_per_floor":[116,116,116,130,205,236,236,268,324,353,353,353,373,389,389,509,509,529,529,65,65,65,65,96,96,147,97,97,47,62,109,109,234,297,322,655,655,755,775,775],"floor_reached":40,"playtime":2880,"items_purged":["Strike_R","Strike_R","Strike_R"],"score":667,"play_id":"f6be170b-c509-4388-afc5-2f67dba0805d","local_time":"20190216122858","is_ascension_mode":true,"campfire_choices":[{"data":"Anger","floor":7,"key":"SMITH"},{"data":"Clothesline","floor":12,"key":"SMITH"},{"data":"Armaments","floor":15,"key":"SMITH"},{"data":"Shrug It Off","floor":23,"key":"SMITH"},{"floor":25,"key":"REST"},{"floor":32,"key":"REST"}],"neow_cost":"NONE","seed_source_timestamp":205351339603800,"circlet_count":0,"master_deck":["Defend_R+1","Defend_R+1","Defend_R","Defend_R","Bash+1","Shrug It Off+1","Anger+1","Impervious","Cleave","Clothesline+1","Armaments+1","Feed","Dropkick","Inflame","Whirlwind","Juggernaut","Warcry","Disarm+1","Heavy Blade+1","Impervious"],"relics":["Burning Blood","NeowsBlessing","Orichalcum","Bag of Marbles","Tiny Chest","Anchor","Cursed Key","Shuriken","Nilry\u0027s Codex","Omamori","Smiling Mask","Red Skull","Tiny House","Prayer Wheel"],"potions_floor_usage":[24,33,33,38,40,40,40],"damage_taken":[{"damage":0,"enemies":"2 Louse","floor":1,"turns":1},{"damage":0,"enemies":"Small Slimes","floor":4,"turns":1},{"damage":0,"enemies":"Lagavulin","floor":6,"turns":1},{"damage":16,"enemies":"Gremlin Nob","floor":8,"turns":5},{"damage":12,"enemies":"3 Sentries","floor":10,"turns":7},{"damage":0,"enemies":"Jaw Worm","floor":13,"turns":2},{"damage":0,"enemies":"Large Slime","floor":14,"turns":5},{"damage":24,"enemies":"The Guardian","floor":16,"turns":11},{"damage":1,"enemies":"Shell Parasite","floor":18,"turns":4},{"damage":36,"enemies":"Book of Stabbing","floor":24,"turns":5},{"damage":12,"enemies":"2 Thieves","floor":30,"turns":4},{"damage":47,"enemies":"Champ","floor":33,"turns":10},{"damage":1,"enemies":"Orb Walker","floor":35,"turns":4},{"damage":0,"enemies":"Mind Bloom Boss Battle","floor":38,"turns":7},{"damage":14,"enemies":"3 Shapes","floor":39,"turns":5},{"damage":77,"enemies":"Giant Head","floor":40,"turns":9}],"seed_played":"6409826408158836681","potions_obtained":[{"floor":4,"key":"SpeedPotion"},{"floor":8,"key":"FearPotion"},{"floor":10,"key":"Strength Potion"},{"floor":30,"key":"Regen Potion"},{"floor":34,"key":"SteroidPotion"},{"floor":35,"key":"EssenceOfSteel"},{"floor":39,"key":"Fire Potion"}],"is_trial":false,"path_per_floor":["M","?","?","M","?","E","R","E","T","E","?","R","M","M","R","B",null,"M","?","$","?","?","R","E","R","T","$","?","$","M","T","R","B",null,"M","?","?","?","M","E"],"character_chosen":"IRONCLAD","items_purchased":["Inflame","Shuriken","Whirlwind"],"campfire_rested":2,"item_purchase_floors":[20,20,20],"current_hp_per_floor":[78,62,55,61,50,56,56,46,46,40,40,40,46,52,52,34,64,69,69,69,69,53,53,23,45,45,45,45,45,42,42,65,38,72,77,77,77,82,77,0],"gold":775,"neow_bonus":"THREE_ENEMY_KILL","is_prod":false,"is_daily":false,"chose_seed":false,"campfire_upgraded":4,"win_rate":0,"timestamp":1550338138,"path_taken":["M","?","?","M","?","E","R","E","T","E","?","R","?","M","R","BOSS","M","?","$","?","?","R","E","R","T","?","?","$","?","?","R","BOSS","M","?","?","?","M","E"],"build_version":"2019-01-23","purchased_purges":3,"victory":false,"max_hp_per_floor":[80,80,80,80,80,80,80,80,80,80,74,74,74,74,74,74,74,74,74,74,74,74,74,74,74,74,74,74,74,77,77,77,77,82,82,82,82,82,85,85],"card_choices":[{"not_picked":["Twin Strike","Headbutt"],"picked":"Shrug It Off","floor":1},{"not_picked":["Thunderclap","Clash"],"picked":"Anger","floor":4},{"not_picked":["Sever Soul","Twin Strike"],"picked":"Impervious","floor":6},{"not_picked":["Clash","Reckless Charge"],"picked":"Cleave","floor":8},{"not_picked":["Sever Soul","True Grit"],"picked":"Clothesline","floor":10},{"not_picked":["Heavy Blade","Burning Pact","Perfected Strike"],"picked":"SKIP","floor":13},{"not_picked":["Warcry","Perfected Strike"],"picked":"Armaments","floor":14},{"not_picked":["Berserk","Impervious"],"picked":"Feed","floor":16},{"not_picked":["Burning Pact","Warcry","Pommel Strike"],"picked":"SKIP","floor":18},{"not_picked":["Blood for Blood","Sword Boomerang"],"picked":"Juggernaut","floor":24},{"not_picked":["Havoc","Ghostly Armor","Combust"],"picked":"SKIP","floor":30},{"not_picked":["Anger","Heavy Blade","Body Slam"],"picked":"SKIP","floor":35},{"not_picked":["Cleave","Shrug It Off"],"picked":"Disarm+1","floor":38},{"not_picked":["Pommel Strike+1","Body Slam+1"],"picked":"Heavy Blade+1","floor":39},{"not_picked":["Searing Blow+1","Rupture","Impervious"],"picked":"SKIP","floor":39},{"not_picked":["Searing Blow+1","Rupture"],"picked":"Impervious","floor":39}],"player_experience":250023,"relics_obtained":[{"floor":6,"key":"Orichalcum"},{"floor":8,"key":"Bag of Marbles"},{"floor":9,"key":"Tiny Chest"},{"floor":10,"key":"Anchor"},{"floor":22,"key":"Nilry\u0027s Codex"},{"floor":24,"key":"Omamori"},{"floor":26,"key":"Smiling Mask"},{"floor":31,"key":"Red Skull"},{"floor":38,"key":"Prayer Wheel"}],"event_choices":[{"damage_healed":0,"gold_gain":0,"player_choice":"Entered Light","damage_taken":16,"max_hp_gain":0,"max_hp_loss":0,"event_name":"Shining Light","floor":2,"gold_loss":0,"cards_upgraded":["Defend_R","Bash"]},{"cards_removed":["Strike_R"],"damage_healed":0,"gold_gain":0,"player_choice":"Card Removal","damage_taken":7,"max_hp_gain":0,"max_hp_loss":0,"event_name":"Golden Wing","floor":3,"gold_loss":0},{"damage_healed":0,"gold_gain":75,"player_choice":"Gather Gold","damage_taken":11,"max_hp_gain":0,"max_hp_loss":0,"event_name":"World of Goop","floor":5,"gold_loss":0},{"damage_healed":0,"gold_gain":0,"player_choice":"Lose Max HP","damage_taken":0,"relics_obtained":["Golden Idol"],"max_hp_gain":0,"max_hp_loss":6,"event_name":"Golden Idol","floor":11,"gold_loss":0},{"damage_healed":0,"gold_gain":0,"player_choice":"Read","damage_taken":0,"max_hp_gain":0,"max_hp_loss":0,"event_name":"The Library","floor":19,"gold_loss":0,"cards_obtained":["Dropkick"]},{"damage_healed":0,"gold_gain":0,"player_choice":"Ignored","damage_taken":0,"max_hp_gain":0,"max_hp_loss":0,"event_name":"Beggar","floor":21,"gold_loss":0},{"damage_healed":0,"gold_gain":0,"player_choice":"Obtained Book","damage_taken":16,"max_hp_gain":0,"max_hp_loss":0,"event_name":"Cursed Tome","floor":22,"gold_loss":0},{"damage_healed":0,"gold_gain":0,"cards_transformed":["Strike_R"],"player_choice":"Transformed","damage_taken":0,"max_hp_gain":0,"max_hp_loss":0,"event_name":"Transmorgrifier","floor":28,"gold_loss":0,"cards_obtained":["Warcry"]},{"damage_healed":0,"gold_gain":333,"player_choice":"Gave Idol","damage_taken":0,"max_hp_gain":0,"max_hp_loss":0,"event_name":"The Moai Head","floor":36,"relics_lost":["Golden Idol"],"gold_loss":0},{"damage_healed":0,"gold_gain":0,"player_choice":"Ignored","damage_taken":0,"max_hp_gain":0,"max_hp_loss":0,"event_name":"Tomb of Lord Red Mask","floor":37,"gold_loss":0},{"damage_healed":0,"gold_gain":0,"player_choice":"Fight","damage_taken":0,"max_hp_gain":0,"max_hp_loss":0,"event_name":"MindBloom","floor":38,"gold_loss":0}],"is_beta":false,"boss_relics":[{"not_picked":["Orrery","Eternal Feather"],"picked":"Cursed Key"},{"not_picked":["Lizard Tail","Pandora\u0027s Box"],"picked":"Tiny House"}],"items_purged_floors":[20,27,29],"is_endless":false,"potions_floor_spawned":[4,8,10,16,18,30,35,39],"killed_by":"Giant Head","ascension_level":8}