{"gold_per_floor":[118,293,71,71,71,71,101,113,140,156,156,213,231,251,251,251],"floor_reached":16,"playtime":841,"items_purged":["Doubt"],"score":105,"play_id":"2b484ccc-20cf-4682-aa81-ce4a6d5d703c","local_time":"20190309065935","is_ascension_mode":true,"campfire_choices":[{"data":"True Grit","floor":6,"key":"SMITH"},{"data":"Armaments","floor":11,"key":"SMITH"},{"floor":15,"key":"DIG"}],"neow_cost":"CURSE","seed_source_timestamp":2375660594916,"circlet_count":0,"master_deck":["Strike_R","Strike_R","Strike_R","Strike_R","Strike_R","Defend_R","Defend_R","Defend_R","Defend_R","Bash","Parasite","Dark Embrace","True Grit+1","Evolve","Power Through","Warcry","Armaments+1","Warcry","Armaments","Body Slam"],"special_seed":0,"relics":["Burning Blood","Potion Belt","Bronze Scales","Shovel","Bottled Lightning"],"potions_floor_usage":[8,12,16],"damage_taken":[{"damage":7,"enemies":"Jaw Worm","floor":1,"turns":6},{"damage":72,"enemies":"Gremlin Nob","floor":7,"turns":7},{"damage":5,"enemies":"2 Louse","floor":8,"turns":5},{"damage":0,"enemies":"Cultist","floor":10,"turns":5},{"damage":22,"enemies":"3 Sentries","floor":12,"turns":9},{"damage":8,"enemies":"3 Louse","floor":13,"turns":6},{"damage":2,"enemies":"2 Fungi Beasts","floor":14,"turns":5},{"damage":25,"enemies":"Slime Boss","floor":16,"turns":6}],"seed_played":"-7081969065043761316","potions_obtained":[{"floor":1,"key":"Regen Potion"},{"floor":7,"key":"LiquidBronze"},{"floor":8,"key":"Strength Potion"},{"floor":13,"key":"EssenceOfSteel"}],"is_trial":false,"path_per_floor":["M","?","$","?","$","R","E","M","T","M","R","?","M","M","R","B"],"character_chosen":"IRONCLAD","items_purchased":["Evolve","Power Through"],"campfire_rested":0,"item_purchase_floors":[3,3],"current_hp_per_floor":[79,79,79,79,79,79,13,26,26,32,32,16,14,18,18,0],"gold":251,"neow_bonus":"THREE_RARE_CARDS","is_prod":false,"is_daily":false,"chose_seed":false,"campfire_upgraded":2,"win_rate":0,"timestamp":1552082375,"path_taken":["M","?","$","?","$","R","E","?","T","M","R","?","M","M","R","BOSS"],"build_version":"2019-01-23","purchased_purges":1,"victory":false,"max_hp_per_floor":[80,80,80,80,80,80,80,80,80,80,80,80,80,80,80,80],"card_choices":[{"not_picked":["Reaper","Feed"],"picked":"Dark Embrace","floor":0.0},{"not_picked":["Hemokinesis","Sword Boomerang"],"picked":"True Grit","floor":1},{"not_picked":["Sever Soul","Sword Boomerang"],"picked":"Warcry","floor":7},{"not_picked":["Twin Strike","Infernal Blade","Flex"],"picked":"SKIP","floor":8},{"not_picked":["Heavy Blade","Rampage"],"picked":"Armaments","floor":10},{"not_picked":["Havoc","Limit Break"],"picked":"Warcry","floor":12},{"not_picked":["Rupture","Perfected Strike"],"picked":"Armaments","floor":13},{"not_picked":["Cleave","Anger"],"picked":"Body Slam","floor":14}],"player_experience":238936,"relics_obtained":[{"floor":7,"key":"Potion Belt"},{"floor":9,"key":"Bronze Scales"},{"floor":12,"key":"Shovel"},{"floor":15,"key":"Bottled Lightning"}],"event_choices":[{"damage_healed":0,"gold_gain":175,"player_choice":"AGREE","damage_taken":0,"max_hp_gain":0,"max_hp_loss":0,"event_name":"Liars Game","floor":2,"gold_loss":0,"cards_obtained":["Doubt"]},{"damage_healed":0,"gold_gain":0,"player_choice":"Bought 0 Potions","damage_taken":0,"max_hp_gain":0,"max_hp_loss":0,"event_name":"The Woman in Blue","floor":4,"gold_loss":0},{"damage_healed":0,"gold_gain":30,"player_choice":"Searched \u00272\u0027 times","damage_taken":0,"max_hp_gain":0,"max_hp_loss":0,"event_name":"Dead Adventurer","floor":12,"gold_loss":0}],"is_beta":false,"boss_relics":[],"items_purged_floors":[3],"is_endless":false,"potions_floor_spawned":[1,7,8,13],"killed_by":"Slime Boss","ascension_level":1}