{"gold_per_floor":[218,368,388,401,7,7,35,0,49,49,64,64,102,133,145,157],"floor_reached":16,"playtime":664,"items_purged":["Doubt"],"score":204,"play_id":"6784241d-e8eb-475f-b758-e720dbf50f38","local_time":"20190310171009","is_ascension_mode":true,"campfire_choices":[{"data":"Zap","floor":6,"key":"SMITH"},{"floor":12,"key":"REST"},{"floor":15,"key":"REST"}],"neow_cost":"NONE","seed_source_timestamp":276585970469785,"circlet_count":0,"master_deck":["AscendersBane","Strike_B","Strike_B","Strike_B","Strike_B","Defend_B","Defend_B","Defend_B","Defend_B","Zap+1","Dualcast","Rebound","Coolheaded","Go for the Eyes","Doom and Gloom","All For One"],"relics":["Cracked Core","Membership Card","Centennial Puzzle","Strawberry","Juzu Bracelet","Golden Idol","MawBank"],"potions_floor_usage":[16],"damage_taken":[{"damage":7,"enemies":"Jaw Worm","floor":1,"turns":5},{"damage":14,"enemies":"Small Slimes","floor":3,"turns":2},{"damage":7,"enemies":"Cultist","floor":4,"turns":4},{"damage":11,"enemies":"Lagavulin","floor":7,"turns":7},{"damage":9,"enemies":"Exordium Wildlife","floor":11,"turns":3},{"damage":32,"enemies":"Gremlin Nob","floor":13,"turns":4},{"damage":1,"enemies":"2 Fungi Beasts","floor":14,"turns":2},{"damage":34,"enemies":"The Guardian","floor":16,"turns":11}],"seed_played":"5834049995638797599","potions_obtained":[{"floor":1,"key":"Poison Potion"},{"floor":14,"key":"AttackPotion"}],"is_trial":false,"path_per_floor":["?","?","?"],"character_chosen":"DEFECT","items_purchased":["Membership Card","Doom and Gloom","Centennial Puzzle","PowerPotion"],"campfire_rested":2,"item_purchase_floors":[5,5,5,5],"current_hp_per_floor":[57,57,43,36,36,36,32,32,32,32,23,44,12,11,32,0],"gold":157,"neow_bonus":"HUNDRED_GOLD","is_prod":false,"is_daily":false,"chose_seed":false,"campfire_upgraded":1,"win_rate":0,"timestamp":1552255809,"path_taken":["M","?","M","M","$","R","E","?","T","?","M","R","E","M","R","BOSS"],"build_version":"2019-01-23","purchased_purges":1,"victory":false,"max_hp_per_floor":[71,71,71,71,71,71,78,78,78,71,71,71,71,71,71,71],"card_choices":[{"not_picked":["Redo","Leap"],"picked":"Rebound","floor":1},{"not_picked":["Conserve Battery","Hologram"],"picked":"Coolheaded","floor":3},{"not_picked":["Aggregate","BootSequence"],"picked":"Go for the Eyes","floor":4},{"not_picked":["Turbo","Redo","White Noise"],"picked":"SKIP","floor":7},{"not_picked":["Compile Driver","Gash","Stack"],"picked":"SKIP","floor":11},{"not_picked":["Recycle","Scrape","Rebound"],"picked":"SKIP","floor":13},{"not_picked":["Ball Lightning","Doom and Gloom"],"picked":"All For One","floor":14}],"player_experience":590382,"relics_obtained":[{"floor":7,"key":"Strawberry"},{"floor":9,"key":"Juzu Bracelet"},{"floor":13,"key":"MawBank"}],"event_choices":[{"damage_healed":0,"gold_gain":150,"player_choice":"AGREE","damage_taken":0,"max_hp_gain":0,"max_hp_loss":0,"event_name":"Liars Game","floor":2,"gold_loss":0,"cards_obtained":["Doubt"]},{"damage_healed":0,"gold_gain":0,"player_choice":"Left Gold","damage_taken":0,"max_hp_gain":0,"max_hp_loss":0,"event_name":"World of Goop","floor":8,"gold_loss":35},{"damage_healed":0,"gold_gain":0,"player_choice":"Lose Max HP","damage_taken":0,"relics_obtained":["Golden Idol"],"max_hp_gain":0,"max_hp_loss":7,"event_name":"Golden Idol","floor":10,"gold_loss":0}],"is_beta":false,"boss_relics":[],"items_purged_floors":[5],"is_endless":false,"potions_floor_spawned":[1,14],"killed_by":"The Guardian","ascension_level":17}