{"gold_per_floor":[119,134,146,146,41,41,41,73,99,128,150,161,161,195,195,272,272,287,337,357,372,372,372,405,27,27,27,38,38,68,68,68,139,139,149,21,21,0,15,15,415,434,434,434,32,32,42,58,58,58,58],"floor_reached":52,"playtime":3223,"items_purged":["Regret","Strike_R","Strike_R"],"score":1812,"play_id":"7309de4d-12a1-4957-9253-e19c5f667e81","local_time":"20181102172410","is_ascension_mode":true,"campfire_choices":[{"data":"Bash","floor":6,"key":"SMITH"},{"floor":13,"key":"DIG"},{"floor":15,"key":"DIG"},{"floor":23,"key":"REST"},{"floor":29,"key":"DIG"},{"floor":32,"key":"DIG"},{"floor":40,"key":"DIG"},{"floor":46,"key":"DIG"},{"floor":49,"key":"REST"}],"neow_cost":"NONE","seed_source_timestamp":1459488934244282,"circlet_count":0,"master_deck":["AscendersBane","Strike_R","Strike_R","Defend_R","Defend_R","Defend_R","Defend_R","Bash+1","Seeing Red","Inflame","Cleave","Spot Weakness+1","Clothesline","Corruption","Anger","Anger","Shrug It Off","Fiend Fire","Brutality","Anger+1","Pummel+1","Shrug It Off","Battle Trance","Feed","Spot Weakness+1","True Grit","Whirlwind","Limit Break+1","Shrug It Off+1","True Grit+1","Apotheosis+1","Master of Strategy+1","Jack Of All Trades+1","Heavy Blade+1","Spot Weakness+1","Limit Break+1","Havoc+1","Whirlwind+1","Warcry+1"],"relics":["Burning Blood","Red Skull","Question Card","Shovel","Pen Nib","StoneCalendar","Odd Mushroom","Darkstone Periapt","Blood Vial","Mummified Hand","Cursed Key","Ornamental Fan","Pantograph","Toxic Egg 2","Omamori","Anchor","Lizard Tail","Red Mask","Bird Faced Urn","Old Coin","War Paint","DollysMirror","Self Forming Clay"],"potions_floor_usage":[10,14,16,24,30,33,50,50,51,51],"damage_taken":[{"damage":12,"enemies":"Small Slimes","floor":1,"turns":5},{"damage":14,"enemies":"Jaw Worm","floor":2,"turns":4},{"damage":6,"enemies":"2 Louse","floor":3,"turns":2},{"damage":39,"enemies":"Lagavulin","floor":8,"turns":8},{"damage":24,"enemies":"Gremlin Nob","floor":10,"turns":4},{"damage":8,"enemies":"The Mushroom Lair","floor":11,"turns":3},{"damage":0,"enemies":"2 Fungi Beasts","floor":12,"turns":2},{"damage":10,"enemies":"Lagavulin","floor":14,"turns":5},{"damage":6,"enemies":"Slime Boss","floor":16,"turns":7},{"damage":28,"enemies":"Shell Parasite","floor":18,"turns":3},{"damage":15,"enemies":"Chosen","floor":20,"turns":4},{"damage":27,"enemies":"Snake Plant","floor":21,"turns":4},{"damage":17,"enemies":"Book of Stabbing","floor":24,"turns":3},{"damage":0,"enemies":"Snecko","floor":28,"turns":2},{"damage":18,"enemies":"Slavers","floor":30,"turns":4},{"damage":31,"enemies":"Collector","floor":33,"turns":6},{"damage":33,"enemies":"3 Darklings","floor":35,"turns":7},{"damage":9,"enemies":"3 Shapes","floor":39,"turns":7},{"damage":29,"enemies":"Mind Bloom Boss Battle","floor":41,"turns":7},{"damage":20,"enemies":"Sphere and 2 Shapes","floor":42,"turns":5},{"damage":7,"enemies":"Writhing Mass","floor":47,"turns":4},{"damage":51,"enemies":"Spire Growth","floor":48,"turns":4},{"damage":62,"enemies":"Donu and Deca","floor":50,"turns":8},{"damage":41,"enemies":"Awakened One","floor":51,"turns":6}],"seed_played":"-509438577814407352","potions_obtained":[{"floor":1,"key":"BloodPotion"},{"floor":10,"key":"Swift Potion"},{"floor":11,"key":"Strength Potion"},{"floor":16,"key":"GamblersBrew"},{"floor":18,"key":"SkillPotion"},{"floor":21,"key":"PowerPotion"},{"floor":30,"key":"Swift Potion"},{"floor":39,"key":"Fire Potion"},{"floor":44,"key":"EntropicBrew"}],"is_trial":false,"path_per_floor":["M","M","M","?","$","R","?","E","T","E","?","M","R","E","R","B",null,"M","?","M","M","?","R","E","$","T","$","M","R","E","T","R","B",null,"M","$","?","?","M","R","?","M","T","?","$","R","M","M","R","B","B",null],"character_chosen":"IRONCLAD","items_purchased":["Clothesline","Pantograph","Spot Weakness","AttackPotion","True Grit+1","DollysMirror","Havoc+1"],"campfire_rested":2,"item_purchase_floors":[5,25,25,25,36,45,45],"current_hp_per_floor":[62,54,54,54,54,54,54,21,21,10,8,14,14,10,10,12,59,39,39,32,13,13,35,26,26,26,26,34,34,27,27,27,29,66,44,44,34,34,37,37,47,42,42,42,42,42,51,10,37,14,10],"gold":58,"neow_bonus":"TRANSFORM_CARD","is_prod":false,"is_daily":false,"chose_seed":false,"campfire_upgraded":1,"win_rate":0,"timestamp":1541175850,"path_taken":["M","M","M","?","$","R","?","E","T","E","?","M","R","E","R","BOSS","M","?","?","?","?","R","E","$","T","?","M","R","E","?","R","BOSS","M","$","?","?","M","R","?","M","T","?","$","R","M","M","R","BOSS","BOSS"],"build_version":"2018-11-01","purchased_purges":3,"victory":true,"max_hp_per_floor":[75,75,75,75,75,75,75,75,75,75,75,75,75,75,75,75,75,75,75,75,75,75,75,75,75,75,75,75,75,78,78,78,78,78,81,81,81,81,85,85,85,88,88,88,88,88,92,92,92,92,92],"card_choices":[{"not_picked":["Sword Boomerang","Twin Strike"],"picked":"Inflame","floor":1},{"not_picked":["Warcry","Anger"],"picked":"Cleave","floor":2},{"not_picked":["Evolve","Rupture"],"picked":"Spot Weakness","floor":3},{"not_picked":["Dual Wield","Feel No Pain","Heavy Blade"],"picked":"Corruption","floor":8},{"not_picked":["Berserk","Flex","Twin Strike"],"picked":"Anger","floor":10},{"not_picked":["Headbutt","Uppercut","Cleave"],"picked":"Anger","floor":11},{"not_picked":["Anger","Thunderclap","True Grit"],"picked":"Shrug It Off","floor":12},{"not_picked":["Intimidate","Heavy Blade","Seeing Red"],"picked":"Fiend Fire","floor":14},{"not_picked":["Dark Embrace","Bludgeon","Berserk"],"picked":"Brutality","floor":16},{"not_picked":["Hemokinesis","Rampage","Clothesline"],"picked":"Anger+1","floor":18},{"not_picked":["Uppercut","Dropkick","Havoc"],"picked":"Pummel+1","floor":20},{"not_picked":["Body Slam","Armaments","Thunderclap+1"],"picked":"Shrug It Off","floor":21},{"not_picked":["Sword Boomerang","Whirlwind","Infernal Blade"],"picked":"Feed","floor":24},{"not_picked":["Flex","Clash","Clothesline"],"picked":"True Grit","floor":28},{"not_picked":["Carnage","Pommel Strike","Twin Strike"],"picked":"Whirlwind","floor":30},{"not_picked":["Bludgeon","Impervious+1","Barricade"],"picked":"Limit Break+1","floor":33},{"not_picked":["Sword Boomerang","Clothesline","Wild Strike"],"picked":"Shrug It Off+1","floor":35},{"not_picked":["Forethought+1","Enlightenment+1","Good Instincts+1"],"picked":"Apotheosis+1","floor":37},{"not_picked":["Jack Of All Trades+1","Forethought+1","Dark Shackles+1"],"picked":"Master of Strategy+1","floor":37},{"not_picked":["Blind+1","Flash of Steel","Sadistic Nature"],"picked":"Jack Of All Trades+1","floor":37},{"not_picked":["Searing Blow","Anger","Wild Strike","Pommel Strike"],"picked":"SKIP","floor":39},{"not_picked":["Searing Blow","Anger","Wild Strike","Pommel Strike"],"picked":"SKIP","floor":39},{"not_picked":["Reckless Charge","Combust+1","Perfected Strike"],"picked":"Heavy Blade+1","floor":41},{"not_picked":["Wild Strike","Thunderclap","Flex+1"],"picked":"Spot Weakness+1","floor":42},{"not_picked":["Clothesline","Clash+1","Perfected Strike"],"picked":"Whirlwind+1","floor":47},{"not_picked":["Berserk","Dual Wield+1","Flex+1"],"picked":"Warcry+1","floor":48}],"player_experience":1525568,"relics_obtained":[{"floor":8,"key":"Shovel"},{"floor":9,"key":"Pen Nib"},{"floor":10,"key":"StoneCalendar"},{"floor":11,"key":"Odd Mushroom"},{"floor":13,"key":"Darkstone Periapt"},{"floor":14,"key":"Blood Vial"},{"floor":15,"key":"Mummified Hand"},{"floor":24,"key":"Ornamental Fan"},{"floor":29,"key":"Toxic Egg 2"},{"floor":30,"key":"Omamori"},{"floor":32,"key":"Anchor"},{"floor":40,"key":"Bird Faced Urn"},{"floor":41,"key":"Old Coin"},{"floor":43,"key":"War Paint"},{"floor":46,"key":"Self Forming Clay"}],"event_choices":[{"damage_healed":0,"gold_gain":0,"player_choice":"Box","damage_taken":0,"relics_obtained":["Red Skull"],"max_hp_gain":0,"max_hp_loss":0,"event_name":"Big Fish","floor":4,"gold_loss":0,"cards_obtained":["Regret"]},{"damage_healed":0,"gold_gain":0,"player_choice":"Searched \u00271\u0027 times","damage_taken":0,"relics_obtained":["Question Card"],"max_hp_gain":0,"max_hp_loss":0,"event_name":"Dead Adventurer","floor":7,"gold_loss":0},{"damage_healed":0,"gold_gain":0,"player_choice":"Fought Mushrooms","damage_taken":0,"max_hp_gain":0,"max_hp_loss":0,"event_name":"Mushrooms","floor":11,"gold_loss":0},{"damage_healed":0,"gold_gain":50,"player_choice":"Pray","damage_taken":0,"max_hp_gain":0,"max_hp_loss":0,"event_name":"Golden Shrine","floor":19,"gold_loss":0},{"damage_healed":0,"gold_gain":0,"player_choice":"1 cards matched","damage_taken":0,"max_hp_gain":0,"max_hp_loss":0,"event_name":"Match and Keep!","floor":22,"gold_loss":0,"cards_obtained":["Battle Trance"]},{"damage_healed":0,"gold_gain":0,"player_choice":"Memory 3","damage_taken":10,"max_hp_gain":0,"max_hp_loss":0,"event_name":"SensoryStone","floor":37,"gold_loss":0},{"damage_healed":0,"gold_gain":0,"player_choice":"Paid","damage_taken":0,"relics_obtained":["Red Mask"],"max_hp_gain":0,"max_hp_loss":0,"event_name":"Tomb of Lord Red Mask","floor":38,"gold_loss":21},{"damage_healed":0,"gold_gain":0,"player_choice":"Fight","damage_taken":0,"max_hp_gain":0,"max_hp_loss":0,"event_name":"MindBloom","floor":41,"gold_loss":0},{"damage_healed":0,"gold_gain":0,"player_choice":"Got Potions","damage_taken":0,"max_hp_gain":0,"max_hp_loss":0,"event_name":"Lab","floor":44,"gold_loss":0}],"is_beta":false,"boss_relics":[{"not_picked":["Orrery","Calling Bell"],"picked":"Cursed Key"},{"not_picked":["Black Blood","Busted Crown"],"picked":"Lizard Tail"}],"items_purged_floors":[5,36,45],"is_endless":false,"potions_floor_spawned":[1,10,11,16,18,21,30,39,47,48],"ascension_level":20}