{"gold_per_floor":[116,266,280,280,290,290,355,355,403,16,16,31,63,77,77,151,151,167,167,183,108,8,8],"floor_reached":23,"playtime":916,"items_purged":["Strike_B","Dualcast"],"score":378,"play_id":"a8616770-77b8-4603-8603-6cf734872243","local_time":"20190228230656","is_ascension_mode":true,"campfire_choices":[{"data":"Loop","floor":6,"key":"SMITH"},{"data":"Zap","floor":8,"key":"SMITH"},{"data":"Cold Snap","floor":11,"key":"SMITH"},{"data":"Capacitor","floor":15,"key":"SMITH"}],"neow_cost":"NONE","seed_source_timestamp":1041972978369257,"circlet_count":0,"master_deck":["AscendersBane","Strike_B+1","Defend_B","Defend_B","Defend_B","Defend_B","Zap+1","White Noise","Ball Lightning+1","Loop+1","Cold Snap+1","Capacitor+1","Hologram","White Noise","Hologram"],"relics":["Cracked Core","Letter Opener","Whetstone","Meat on the Bone","Regal Pillow","Runic Dome"],"potions_floor_usage":[7,7],"damage_taken":[{"damage":7,"enemies":"Jaw Worm","floor":1,"turns":3},{"damage":1,"enemies":"2 Louse","floor":3,"turns":4},{"damage":1,"enemies":"Cultist","floor":5,"turns":3},{"damage":21,"enemies":"Lagavulin Event","floor":7,"turns":5},{"damage":26,"enemies":"Exordium Thugs","floor":12,"turns":4},{"damage":8,"enemies":"Gremlin Nob","floor":13,"turns":3},{"damage":8,"enemies":"Exordium Wildlife","floor":14,"turns":3},{"damage":21,"enemies":"The Guardian","floor":16,"turns":8},{"damage":26,"enemies":"2 Thieves","floor":18,"turns":4},{"damage":19,"enemies":"Shell Parasite","floor":20,"turns":5},{"damage":48,"enemies":"Book of Stabbing","floor":23,"turns":4}],"seed_played":"7886822766553577181","potions_obtained":[{"floor":1,"key":"SpeedPotion"},{"floor":5,"key":"Poison Potion"},{"floor":13,"key":"SpeedPotion"}],"is_trial":false,"path_per_floor":["M","?","M","?","M","R","?","R","T","$","R","M","E","M","R","B",null,"M","?","M","?","$","E"],"character_chosen":"DEFECT","items_purchased":["Meat on the Bone","Capacitor"],"campfire_rested":0,"item_purchase_floors":[10,10],"current_hp_per_floor":[64,64,63,63,62,62,41,41,41,41,41,27,31,35,35,26,65,51,51,44,44,44,0],"gold":8,"neow_bonus":"TEN_PERCENT_HP_BONUS","is_prod":false,"is_daily":false,"chose_seed":false,"campfire_upgraded":4,"win_rate":0,"timestamp":1551391616,"path_taken":["M","?","M","?","M","R","?","R","T","$","R","M","E","M","R","BOSS","M","?","?","?","?","E"],"build_version":"2019-01-23","purchased_purges":2,"victory":false,"max_hp_per_floor":[78,78,78,78,78,78,78,78,78,78,78,78,78,78,78,78,78,78,78,78,78,78,78],"card_choices":[{"not_picked":["Leap","Rip and Tear"],"picked":"White Noise","floor":1},{"not_picked":["White Noise","Heatsinks"],"picked":"Ball Lightning","floor":3},{"not_picked":["Hologram","Steam Power"],"picked":"Loop","floor":5},{"not_picked":["Steam Power","Ball Lightning"],"picked":"Cold Snap","floor":7},{"not_picked":["Melter","Static Discharge"],"picked":"Hologram","floor":12},{"not_picked":["Conserve Battery","Auto Shields","Rebound"],"picked":"SKIP","floor":13},{"not_picked":["Auto Shields","Chaos"],"picked":"White Noise","floor":14},{"not_picked":["Reprogram","Streamline","Barrage"],"picked":"SKIP","floor":18},{"not_picked":["Gash","Blizzard","Go for the Eyes"],"picked":"SKIP","floor":20}],"player_experience":1947331,"relics_obtained":[{"floor":7,"key":"Letter Opener"},{"floor":9,"key":"Whetstone"},{"floor":13,"key":"Regal Pillow"}],"event_choices":[{"damage_healed":0,"gold_gain":150,"player_choice":"AGREE","damage_taken":0,"max_hp_gain":0,"max_hp_loss":0,"event_name":"Liars Game","floor":2,"gold_loss":0,"cards_obtained":["Doubt"]},{"cards_removed":["Doubt"],"damage_healed":0,"gold_gain":0,"player_choice":"Forget","damage_taken":0,"max_hp_gain":0,"max_hp_loss":0,"event_name":"Living Wall","floor":4,"gold_loss":0},{"damage_healed":0,"gold_gain":0,"player_choice":"Searched \u00271\u0027 times","damage_taken":0,"max_hp_gain":0,"max_hp_loss":0,"event_name":"Dead Adventurer","floor":7,"gold_loss":0},{"damage_healed":0,"gold_gain":0,"cards_transformed":["Strike_B"],"player_choice":"Transformed","damage_taken":0,"max_hp_gain":0,"max_hp_loss":0,"event_name":"Transmorgrifier","floor":19,"gold_loss":0,"cards_obtained":["Hologram"]},{"cards_removed":["Strike_B"],"damage_healed":0,"gold_gain":0,"player_choice":"Gave Gold","damage_taken":0,"max_hp_gain":0,"max_hp_loss":0,"event_name":"Beggar","floor":21,"gold_loss":75}],"is_beta":false,"boss_relics":[{"not_picked":["Inserter","Orrery"],"picked":"Runic Dome"}],"items_purged_floors":[10,22],"is_endless":false,"potions_floor_spawned":[1,5,13],"killed_by":"Book of Stabbing","ascension_level":20}