{"gold_per_floor":[117,128,128,145,26,26,61,61,85,112,112,124,49,76,76,76],"floor_reached":16,"playtime":671,"items_purged":["Strike_G"],"score":236,"play_id":"6490c81a-b04d-4698-8885-7d5cdc3ea8d5","local_time":"20190306195929","is_ascension_mode":true,"campfire_choices":[{"data":"Deadly Poison","floor":6,"key":"SMITH"},{"floor":8,"key":"REST"},{"floor":11,"key":"REST"},{"data":"Catalyst","floor":15,"key":"SMITH"}],"neow_cost":"NONE","seed_source_timestamp":333291816780103,"circlet_count":0,"master_deck":["AscendersBane","Defend_G","Defend_G","Defend_G","Defend_G+1","Defend_G","Strike_G","Strike_G","Survivor+1","Neutralize","Cloak And Dagger","Deadly Poison+1","Backstab","Catalyst+1","Adrenaline","Well Laid Plans","Leg Sweep"],"relics":["Ring of the Snake","Bronze Scales","War Paint","Art of War","Vajra","Paper Crane"],"potions_floor_usage":[7,14,16],"damage_taken":[{"damage":2,"enemies":"2 Louse","floor":1,"turns":3},{"damage":7,"enemies":"Small Slimes","floor":2,"turns":3},{"damage":0,"enemies":"Cultist","floor":4,"turns":4},{"damage":40,"enemies":"Gremlin Nob","floor":7,"turns":4},{"damage":15,"enemies":"Lagavulin","floor":10,"turns":6},{"damage":0,"enemies":"Blue Slaver","floor":12,"turns":2},{"damage":8,"enemies":"Gremlin Nob","floor":14,"turns":4},{"damage":22,"enemies":"Slime Boss","floor":16,"turns":13}],"seed_played":"8254606866249697228","potions_obtained":[{"floor":4,"key":"LiquidBronze"},{"floor":7,"key":"GamblersBrew"},{"floor":10,"key":"Weak Potion"}],"is_trial":false,"path_per_floor":["M","M","?","M","$","R","E","R","T","E","R","M","?","E","R","B"],"character_chosen":"THE_SILENT","items_purchased":["Catalyst"],"campfire_rested":2,"item_purchase_floors":[5],"current_hp_per_floor":[57,50,43,43,43,43,3,22,22,7,26,26,26,18,18,0],"gold":76,"neow_bonus":"RANDOM_COMMON_RELIC","is_prod":false,"is_daily":false,"chose_seed":false,"campfire_upgraded":2,"win_rate":0,"timestamp":1551898769,"path_taken":["M","M","?","M","$","R","E","R","T","E","R","M","?","E","R","BOSS"],"build_version":"2019-01-23","purchased_purges":1,"victory":false,"max_hp_per_floor":[66,66,66,66,66,66,66,66,66,66,66,66,66,66,66,66],"card_choices":[{"not_picked":["Riddle With Holes","Finisher"],"picked":"Cloak And Dagger","floor":1},{"not_picked":["Blade Dance","Endless Agony"],"picked":"Deadly Poison","floor":2},{"not_picked":["Quick Slash","Calculated Gamble"],"picked":"Backstab","floor":4},{"not_picked":["Accuracy","Backflip"],"picked":"Adrenaline","floor":7},{"not_picked":["Noxious Fumes","Backstab"],"picked":"Well Laid Plans","floor":10},{"not_picked":["Acrobatics","Flying Knee"],"picked":"Leg Sweep","floor":12},{"not_picked":["Underhanded Strike","Cloak And Dagger","Sucker Punch"],"picked":"SKIP","floor":14}],"player_experience":1975341,"relics_obtained":[{"floor":7,"key":"War Paint"},{"floor":9,"key":"Art of War"},{"floor":10,"key":"Vajra"},{"floor":14,"key":"Paper Crane"}],"event_choices":[{"cards_removed":["Strike_G"],"damage_healed":0,"gold_gain":0,"player_choice":"Card Removal","damage_taken":7,"max_hp_gain":0,"max_hp_loss":0,"event_name":"Golden Wing","floor":3,"gold_loss":0},{"cards_removed":["Strike_G"],"damage_healed":0,"gold_gain":0,"player_choice":"Card Removal","damage_taken":0,"max_hp_gain":0,"max_hp_loss":0,"event_name":"The Cleric","floor":13,"gold_loss":75}],"is_beta":false,"boss_relics":[],"items_purged_floors":[5],"is_endless":false,"potions_floor_spawned":[4,7,10],"killed_by":"Slime Boss","ascension_level":20}