{"gold_per_floor":[114,39,49,61,61,61,5,5,29,29,48,48,123,152,152,229,229,243,243,260,260,272,272,272],"floor_reached":24,"playtime":850,"items_purged":["Strike_B"],"score":488,"play_id":"fbfca61e-3f0c-4c6b-a99d-fa08b5243b76","local_time":"20181004150857","is_ascension_mode":true,"campfire_choices":[{"data":"Undo","floor":6,"key":"SMITH"},{"data":"Ball Lightning","floor":8,"key":"SMITH"},{"data":"Defend_B","floor":10,"key":"SMITH"},{"data":"Hologram","floor":12,"key":"SMITH"},{"data":"Electrodynamics","floor":15,"key":"SMITH"},{"data":"Sunder","floor":23,"key":"SMITH"}],"neow_cost":"NONE","seed_source_timestamp":1273913062361848,"circlet_count":0,"master_deck":["Strike_B","Defend_B","Defend_B","Defend_B+1","Defend_B","Zap+1","Dualcast","AscendersBane","Ball Lightning+1","Undo+1","Hologram+1","Electrodynamics+1","Biased Cognition","Skim+1","Sunder+1"],"relics":["Cracked Core","Art of War","Torii","Sozu"],"potions_floor_usage":[14,24,24],"damage_taken":[{"damage":9,"enemies":"Jaw Worm","floor":1,"turns":4},{"damage":7,"enemies":"Small Slimes","floor":3,"turns":4},{"damage":1,"enemies":"2 Louse","floor":4,"turns":2},{"damage":0,"enemies":"Blue Slaver","floor":11,"turns":3},{"damage":5,"enemies":"Lagavulin","floor":14,"turns":6},{"damage":0,"enemies":"The Guardian","floor":16,"turns":11},{"damage":7,"enemies":"Spheric Guardian","floor":18,"turns":4},{"damage":8,"enemies":"Chosen","floor":20,"turns":4},{"damage":0,"enemies":"3 Cultists","floor":22,"turns":2},{"damage":30,"enemies":"Book of Stabbing","floor":24,"turns":5}],"seed_played":"-8788730475381037480","potions_obtained":[{"floor":4,"key":"Regen Potion"},{"floor":14,"key":"Block Potion"}],"is_trial":false,"path_per_floor":["M","$","M","M","?","R","$","R","T","R","M","R","?","E","R","B",null,"M","?","M","?","M","R"],"character_chosen":"DEFECT","items_purchased":["Poison Potion"],"campfire_rested":0,"item_purchase_floors":[7],"current_hp_per_floor":[55,55,48,47,47,47,47,47,47,47,47,47,36,45,45,45,65,58,38,30,30,30,30,0],"gold":272,"neow_bonus":"REMOVE_CARD","is_prod":false,"is_daily":false,"chose_seed":false,"campfire_upgraded":6,"win_rate":0,"timestamp":1538658537,"path_taken":["M","$","M","M","?","R","$","R","T","R","M","R","?","E","R","BOSS","M","?","?","?","M","R","E"],"build_version":"2018-09-27","purchased_purges":1,"victory":false,"max_hp_per_floor":[71,71,71,71,71,71,71,71,71,71,71,71,71,71,71,71,71,71,76,76,76,76,76,76],"card_choices":[{"not_picked":["Conserve Battery","Barrage"],"picked":"Ball Lightning","floor":1},{"not_picked":["Darkness","Melter","Blizzard"],"picked":"SKIP","floor":3},{"not_picked":["Compile Driver","Cold Snap"],"picked":"Undo","floor":4},{"not_picked":["Conserve Battery","Leap"],"picked":"Hologram","floor":11},{"not_picked":["Storm","Melter"],"picked":"Electrodynamics","floor":14},{"not_picked":["Thunder Strike","Reboot"],"picked":"Biased Cognition","floor":16},{"not_picked":["Barrage","Stack"],"picked":"Skim+1","floor":18},{"not_picked":["Stack","Ball Lightning"],"picked":"Sunder","floor":20},{"not_picked":["Tempest","Rebound","Conserve Battery"],"picked":"SKIP","floor":22}],"player_experience":1335868,"relics_obtained":[{"floor":9,"key":"Art of War"},{"floor":14,"key":"Torii"}],"event_choices":[{"event_name":"Living Wall","player_choice":"Grow","floor":5,"damage_taken":0},{"event_name":"World of Goop","player_choice":"Gather Gold","floor":13,"damage_taken":0},{"event_name":"Forgotten Altar","player_choice":"Shed Blood","floor":19,"damage_taken":0},{"event_name":"Back to Basics","player_choice":"Elegance","floor":21,"damage_taken":0}],"is_beta":false,"boss_relics":[{"not_picked":["Snecko Eye","Nuclear Battery"],"picked":"Sozu"}],"items_purged_floors":[2],"is_endless":false,"potions_floor_spawned":[4,14,20],"killed_by":"Book of Stabbing","ascension_level":20}