{"gold_per_floor":[109,182,202,202,213,244,244,260,314,314,333,333,98,132,132,203,203,178,190,80,94,39,39],"floor_reached":23,"playtime":928,"items_purged":["Decay"],"score":427,"play_id":"710a5a9c-4380-442d-862a-6323d826ebec","local_time":"20190119215012","is_ascension_mode":true,"campfire_choices":[{"data":"Bash","floor":7,"key":"SMITH"},{"data":"Feed","floor":10,"key":"SMITH"},{"data":"Disarm","floor":12,"key":"SMITH"},{"data":"Flame Barrier","floor":15,"key":"SMITH"}],"neow_cost":"NONE","seed_source_timestamp":333150782866140,"circlet_count":0,"master_deck":["AscendersBane","Strike_R","Strike_R+1","Strike_R","Strike_R","Defend_R","Defend_R","Defend_R","Defend_R","Bash+1","Clothesline","Reckless Charge","Anger","Disarm+1","Feed+1","Shrug It Off","Reaper","Flame Barrier+1","Limit Break","Sword Boomerang+1","Feed","Shockwave"],"relics":["Burning Blood","Blue Candle","Boot","Bag of Marbles","Mark of Pain"],"potions_floor_usage":[11,14,14,21],"damage_taken":[{"damage":1,"enemies":"Cultist","floor":1,"turns":3},{"damage":4,"enemies":"Jaw Worm","floor":3,"turns":5},{"damage":10,"enemies":"Small Slimes","floor":5,"turns":3},{"damage":59,"enemies":"3 Sentries","floor":6,"turns":10},{"damage":16,"enemies":"Red Slaver","floor":8,"turns":3},{"damage":10,"enemies":"Large Slime","floor":11,"turns":4},{"damage":5,"enemies":"Gremlin Nob","floor":14,"turns":3},{"damage":35,"enemies":"Hexaghost","floor":16,"turns":11},{"damage":17,"enemies":"2 Thieves","floor":18,"turns":4},{"damage":53,"enemies":"Spheric Guardian","floor":19,"turns":9},{"damage":19,"enemies":"Snake Plant","floor":21,"turns":4},{"damage":27,"enemies":"Snecko","floor":23,"turns":5}],"seed_played":"3435578244913459639","potions_obtained":[{"floor":3,"key":"Swift Potion"},{"floor":8,"key":"PowerPotion"},{"floor":11,"key":"Poison Potion"},{"floor":14,"key":"FairyPotion"},{"floor":18,"key":"BloodPotion"}],"is_trial":false,"path_per_floor":["M","?","M","?","M","E","R","M","T","R","M","R","$","E","R","B",null,"M","M","?","M","$","M"],"character_chosen":"IRONCLAD","items_purchased":["Reaper","SteroidPotion"],"campfire_rested":0,"item_purchase_floors":[13,22],"current_hp_per_floor":[80,80,82,82,78,25,25,15,15,15,15,15,15,26,26,15,71,69,26,26,27,27,0],"gold":39,"neow_bonus":"TEN_PERCENT_HP_BONUS","is_prod":false,"is_daily":false,"chose_seed":false,"campfire_upgraded":4,"win_rate":0,"timestamp":1547931012,"path_taken":["M","?","M","?","M","E","R","M","T","R","?","R","$","E","R","BOSS","M","M","?","M","$","?"],"build_version":"2019-01-17v2","purchased_purges":1,"victory":false,"max_hp_per_floor":[82,82,82,82,82,82,82,82,82,82,86,86,86,90,90,90,90,94,98,98,98,98,98],"card_choices":[{"not_picked":["Perfected Strike","Body Slam"],"picked":"Clothesline","floor":1},{"not_picked":["Flex","Thunderclap"],"picked":"Reckless Charge","floor":3},{"not_picked":["Metallicize","Armaments"],"picked":"Anger","floor":5},{"not_picked":["Cleave","Warcry"],"picked":"Disarm","floor":6},{"not_picked":["Flame Barrier","Sever Soul"],"picked":"Feed","floor":8},{"not_picked":["Wild Strike","Flex"],"picked":"Shrug It Off","floor":11},{"not_picked":["Clothesline","Uppercut"],"picked":"Flame Barrier","floor":14},{"not_picked":["Juggernaut","Double Tap"],"picked":"Limit Break","floor":16},{"not_picked":["Cleave","Armaments"],"picked":"Sword Boomerang+1","floor":18},{"not_picked":["Rampage","Headbutt"],"picked":"Feed","floor":19},{"not_picked":["Whirlwind","Clothesline"],"picked":"Shockwave","floor":21}],"player_experience":1796457,"relics_obtained":[{"floor":6,"key":"Blue Candle"},{"floor":9,"key":"Boot"},{"floor":14,"key":"Bag of Marbles"}],"event_choices":[{"damage_healed":0,"gold_gain":73,"player_choice":"Gained Gold","damage_taken":0,"max_hp_gain":0,"max_hp_loss":0,"event_name":"Golden Wing","floor":2,"gold_loss":0},{"damage_healed":0,"gold_gain":0,"player_choice":"Cursed","damage_taken":0,"max_hp_gain":0,"max_hp_loss":0,"event_name":"Wheel of Change","floor":4,"gold_loss":0,"cards_obtained":["Decay"]},{"cards_removed":["Strike_R"],"damage_healed":0,"gold_gain":0,"player_choice":"Upgrade and Remove","damage_taken":0,"max_hp_gain":0,"max_hp_loss":0,"event_name":"Designer","floor":20,"gold_loss":110,"cards_upgraded":["Strike_R"]}],"is_beta":false,"boss_relics":[{"not_picked":["Runic Cube","White Beast Statue"],"picked":"Mark of Pain"}],"items_purged_floors":[13],"is_endless":false,"potions_floor_spawned":[3,8,11,14,18],"killed_by":"Snecko","ascension_level":20}