{"gold_per_floor":[118,136,10,21,21,21,55,67,67,67,93,106,120,154,154,154],"floor_reached":16,"playtime":647,"items_purged":["Strike_B"],"score":294,"play_id":"5222778a-560e-4088-87ca-0c523b862329","local_time":"20190223191142","is_ascension_mode":true,"campfire_choices":[{"data":"Sunder","floor":6,"key":"SMITH"},{"data":"Beam Cell","floor":15,"key":"SMITH"}],"neow_cost":"NONE","seed_source_timestamp":668732356409210,"circlet_count":0,"master_deck":["AscendersBane","Strike_B","Strike_B","Strike_B","Defend_B","Defend_B","Defend_B","Defend_B","Zap","Dualcast","Leap","Sunder+1","Beam Cell+1","Seek","Gash","All For One","Rip and Tear","Ball Lightning","Leap"],"relics":["Cracked Core","Ornamental Fan","Blue Candle","Letter Opener","Molten Egg 2"],"potions_floor_usage":[7,7,13,14],"damage_taken":[{"damage":1,"enemies":"Cultist","floor":1,"turns":4},{"damage":6,"enemies":"Small Slimes","floor":2,"turns":3},{"damage":2,"enemies":"Jaw Worm","floor":4,"turns":4},{"damage":0,"enemies":"Gremlin Nob","floor":7,"turns":2},{"damage":3,"enemies":"Blue Slaver","floor":8,"turns":4},{"damage":18,"enemies":"3 Sentries","floor":11,"turns":11},{"damage":0,"enemies":"Red Slaver","floor":12,"turns":3},{"damage":5,"enemies":"Exordium Thugs","floor":13,"turns":3},{"damage":7,"enemies":"Lagavulin","floor":14,"turns":3},{"damage":23,"enemies":"Hexaghost","floor":16,"turns":9}],"seed_played":"2130198903320126856","potions_obtained":[{"floor":0,"key":"AttackPotion"},{"floor":0,"key":"AttackPotion"},{"floor":11,"key":"Weak Potion"},{"floor":13,"key":"AttackPotion"}],"is_trial":false,"path_per_floor":["M","M","$","M","$","R","E","M","T","?","E","M","M","E","R","B"],"character_chosen":"DEFECT","items_purchased":["Beam Cell"],"campfire_rested":0,"item_purchase_floors":[3],"current_hp_per_floor":[63,57,57,55,55,55,55,52,52,52,34,34,29,22,22,0],"gold":154,"neow_bonus":"THREE_SMALL_POTIONS","is_prod":false,"is_daily":false,"chose_seed":false,"campfire_upgraded":2,"win_rate":0,"timestamp":1550941902,"path_taken":["M","M","$","M","?","R","E","M","T","?","E","M","M","E","R","BOSS"],"build_version":"2019-01-23","purchased_purges":1,"victory":false,"max_hp_per_floor":[71,71,71,71,71,71,71,71,71,71,71,71,71,71,71,71],"card_choices":[{"not_picked":["Rebound","Doom and Gloom"],"picked":"Leap","floor":1},{"not_picked":["Cold Snap","Beam Cell"],"picked":"Sunder","floor":2},{"not_picked":["Steam","Auto Shields"],"picked":"Seek","floor":4},{"not_picked":["Force Field","Sweeping Beam"],"picked":"Gash","floor":7},{"not_picked":["Redo","Streamline","Sweeping Beam"],"picked":"SKIP","floor":8},{"not_picked":["Core Surge","Undo"],"picked":"All For One","floor":11},{"not_picked":["Hologram","Turbo"],"picked":"Rip and Tear","floor":12},{"not_picked":["Compile Driver","Beam Cell"],"picked":"Ball Lightning","floor":13},{"not_picked":["Sunder","Rip and Tear"],"picked":"Leap","floor":14}],"player_experience":1553230,"relics_obtained":[{"floor":7,"key":"Ornamental Fan"},{"floor":9,"key":"Blue Candle"},{"floor":11,"key":"Letter Opener"},{"floor":14,"key":"Molten Egg 2"}],"event_choices":[{"damage_healed":0,"gold_gain":0,"player_choice":"Fled","damage_taken":0,"max_hp_gain":0,"max_hp_loss":0,"event_name":"Scrap Ooze","floor":10,"gold_loss":0}],"is_beta":false,"boss_relics":[],"items_purged_floors":[3],"is_endless":false,"potions_floor_spawned":[1,11,13],"killed_by":"Hexaghost","ascension_level":20}