{"gold_per_floor":[16,16,31,44,119,119,137,137,137,155,183,183,333,42,42,42],"floor_reached":16,"playtime":607,"items_purged":["Doubt"],"score":200,"play_id":"53868bff-2d41-429b-97f1-07219175f0d5","local_time":"20190225203631","is_ascension_mode":true,"campfire_choices":[{"data":"Blade Dance","floor":6,"key":"SMITH"},{"data":"Crippling Poison","floor":8,"key":"SMITH"},{"data":"Backflip","floor":12,"key":"SMITH"},{"data":"Backstab","floor":15,"key":"SMITH"}],"neow_cost":"NO_GOLD","seed_source_timestamp":774074188209157,"circlet_count":0,"master_deck":["AscendersBane","Defend_G","Defend_G","Defend_G","Defend_G","Defend_G","Strike_G","Strike_G","Strike_G","Strike_G","Survivor","Neutralize","Blade Dance+1","Backstab+1","Dagger Throw","Crippling Poison+1","Backflip+1","Cloak And Dagger+1"],"relics":["Ring of the Snake","Du-Vu Doll","Pen Nib","Toxic Egg 2","ClockworkSouvenir"],"potions_floor_usage":[11,16],"damage_taken":[{"damage":0,"enemies":"Jaw Worm","floor":1,"turns":5},{"damage":0,"enemies":"Cultist","floor":3,"turns":3},{"damage":3,"enemies":"Small Slimes","floor":4,"turns":3},{"damage":0,"enemies":"2 Fungi Beasts","floor":7,"turns":3},{"damage":0,"enemies":"Blue Slaver","floor":10,"turns":2},{"damage":3,"enemies":"Gremlin Nob","floor":11,"turns":3},{"damage":47,"enemies":"Hexaghost","floor":16,"turns":9}],"seed_played":"-4665710565253262944","potions_obtained":[{"floor":7,"key":"Energy Potion"},{"floor":11,"key":"EssenceOfSteel"}],"is_trial":false,"path_per_floor":["M","?","M","M","?","R","M","R","T","M","E","R","?","$","R","B"],"character_chosen":"THE_SILENT","items_purchased":["ClockworkSouvenir"],"campfire_rested":0,"item_purchase_floors":[14],"current_hp_per_floor":[59,59,59,56,45,45,45,45,45,45,42,42,42,42,42,0],"gold":42,"neow_bonus":"ONE_RARE_RELIC","is_prod":false,"is_daily":false,"chose_seed":false,"campfire_upgraded":4,"win_rate":0,"timestamp":1551123391,"path_taken":["M","?","M","?","?","R","M","R","T","M","E","R","?","$","R","BOSS"],"build_version":"2019-01-23","purchased_purges":1,"victory":false,"max_hp_per_floor":[66,66,66,66,66,66,66,66,66,66,66,66,66,66,66,66],"card_choices":[{"not_picked":["Bane","Catalyst"],"picked":"Blade Dance","floor":1},{"not_picked":["Underhanded Strike","Bane"],"picked":"Backstab","floor":3},{"not_picked":["Outmaneuver","Eviscerate"],"picked":"Dagger Throw","floor":4},{"not_picked":["Deflect","Poisoned Stab"],"picked":"Crippling Poison","floor":7},{"not_picked":["Skewer","Dagger Spray"],"picked":"Backflip","floor":10},{"not_picked":["Bane","Backstab"],"picked":"Cloak And Dagger","floor":11}],"player_experience":1931181,"relics_obtained":[{"floor":9,"key":"Pen Nib"},{"floor":11,"key":"Toxic Egg 2"}],"event_choices":[{"cards_removed":["Strike_G"],"damage_healed":0,"gold_gain":0,"player_choice":"Purged","damage_taken":0,"max_hp_gain":0,"max_hp_loss":0,"event_name":"Purifier","floor":2,"gold_loss":0},{"damage_healed":0,"gold_gain":75,"player_choice":"Gather Gold","damage_taken":11,"max_hp_gain":0,"max_hp_loss":0,"event_name":"World of Goop","floor":5,"gold_loss":0},{"damage_healed":0,"gold_gain":150,"player_choice":"AGREE","damage_taken":0,"max_hp_gain":0,"max_hp_loss":0,"event_name":"Liars Game","floor":13,"gold_loss":0,"cards_obtained":["Doubt"]}],"is_beta":false,"boss_relics":[],"items_purged_floors":[14],"is_endless":false,"potions_floor_spawned":[7,11],"killed_by":"Hexaghost","ascension_level":20}