{"gold_per_floor":[115,65,65,82,57,92,92,108,133,133,143,68,99,114,114,217,217,184,200,200,216,233,264,264,295,295,295,306,206,206,219,219,322,322,332,342,217,317,668,696,716,736,736,39,57,77,88,88,88,88],"floor_reached":51,"playtime":3795,"items_purged":["Strike_B","Defend_B","Defend_B","Doubt"],"score":806,"play_id":"7673809e-9b1d-40fb-8066-b1c45ed18c74","local_time":"20190309141723","is_ascension_mode":false,"campfire_choices":[{"data":"Go for the Eyes","floor":7,"key":"SMITH"},{"data":"Zap","floor":10,"key":"SMITH"},{"data":"Barrage","floor":15,"key":"SMITH"},{"data":"Dualcast","floor":24,"key":"SMITH"},{"data":"Ball Lightning","floor":27,"key":"SMITH"},{"data":"Glacier","floor":30,"key":"SMITH"},{"data":"Glacier","floor":32,"key":"SMITH"},{"floor":49,"key":"DIG"}],"neow_cost":"NONE","seed_source_timestamp":92110658286057,"circlet_count":0,"master_deck":["Defend_B","Zap+1","Dualcast+1","Barrage+1","Conserve Battery","Go for the Eyes+1","Ball Lightning+1","Glacier+1","Cold Snap","Glacier+1","Steam+1","Compile Driver","Hologram+1","White Noise+1"],"relics":["Cracked Core","NeowsBlessing","Centennial Puzzle","Strawberry","Potion Belt","Empty Cage","FossilizedHelix","Kunai","Bag of Preparation","Cursed Key","Shovel","Old Coin","Toxic Egg 2","Dead Branch","Runic Capacitor","Thread and Needle","Lantern"],"potions_floor_usage":[13,21,23,25,39,40,40,46,50,50,50,50,50],"damage_taken":[{"damage":0,"enemies":"2 Louse","floor":1,"turns":1},{"damage":0,"enemies":"Jaw Worm","floor":4,"turns":1},{"damage":0,"enemies":"3 Sentries","floor":6,"turns":1},{"damage":0,"enemies":"Cultist","floor":8,"turns":3},{"damage":1,"enemies":"Red Slaver","floor":11,"turns":3},{"damage":23,"enemies":"Gremlin Nob","floor":13,"turns":4},{"damage":0,"enemies":"3 Louse","floor":14,"turns":3},{"damage":12,"enemies":"Hexaghost","floor":16,"turns":14},{"damage":2,"enemies":"2 Thieves","floor":18,"turns":5},{"damage":0,"enemies":"Spheric Guardian","floor":19,"turns":3},{"damage":4,"enemies":"Centurion and Healer","floor":21,"turns":3},{"damage":0,"enemies":"Sentry and Sphere","floor":22,"turns":6},{"damage":4,"enemies":"Book of Stabbing","floor":23,"turns":6},{"damage":0,"enemies":"Gremlin Leader","floor":25,"turns":5},{"damage":0,"enemies":"Snecko","floor":28,"turns":6},{"damage":0,"enemies":"Snake Plant","floor":31,"turns":4},{"damage":37,"enemies":"Automaton","floor":33,"turns":11},{"damage":0,"enemies":"3 Darklings","floor":35,"turns":3},{"damage":7,"enemies":"3 Shapes","floor":36,"turns":3},{"damage":0,"enemies":"Mind Bloom Boss Battle","floor":38,"turns":8},{"damage":0,"enemies":"2 Orb Walkers","floor":39,"turns":5},{"damage":19,"enemies":"Giant Head","floor":40,"turns":13},{"damage":9,"enemies":"Writhing Mass","floor":41,"turns":7},{"damage":0,"enemies":"4 Shapes","floor":42,"turns":2},{"damage":0,"enemies":"Transient","floor":45,"turns":5},{"damage":0,"enemies":"Jaw Worm Horde","floor":46,"turns":1},{"damage":0,"enemies":"Sphere and 2 Shapes","floor":47,"turns":4},{"damage":10,"enemies":"Time Eater","floor":50,"turns":12}],"seed_played":"-3444680733926667031","potions_obtained":[{"floor":4,"key":"Ancient Potion"},{"floor":6,"key":"PowerPotion"},{"floor":14,"key":"Ancient Potion"},{"floor":16,"key":"GamblersBrew"},{"floor":19,"key":"FocusPotion"},{"floor":23,"key":"FocusPotion"},{"floor":25,"key":"SpeedPotion"},{"floor":28,"key":"Block Potion"},{"floor":33,"key":"Regen Potion"},{"floor":40,"key":"Weak Potion"},{"floor":42,"key":"Swift Potion"},{"floor":46,"key":"Strength Potion"}],"is_trial":false,"path_per_floor":["M","?","?","M","$","E","R","M","T","R","M","$","E","M","R","B",null,"M","M","?","M","M","E","R","E","T","R","M","$","R","M","R","B",null,"M","M","$","?","?","E","M","M","T","$","M","M","M","?","R","B",null],"character_chosen":"DEFECT","items_purchased":["Go for the Eyes","Runic Capacitor","Thread and Needle","SkillPotion"],"campfire_rested":0,"item_purchase_floors":[5,44,44,44],"current_hp_per_floor":[75,75,68,68,68,68,68,68,75,75,74,74,51,51,51,39,82,80,80,80,76,76,72,72,72,72,72,72,72,72,72,72,35,82,82,75,75,75,75,64,55,55,55,55,55,55,55,55,55,45],"gold":88,"neow_bonus":"THREE_ENEMY_KILL","is_prod":false,"is_daily":false,"chose_seed":false,"campfire_upgraded":7,"win_rate":0,"timestamp":1552169843,"path_taken":["M","?","?","M","$","E","R","M","T","R","M","$","E","M","R","BOSS","M","M","?","M","M","E","R","E","T","R","?","$","R","M","R","BOSS","M","M","$","?","?","E","M","M","T","$","M","M","M","?","R","BOSS"],"build_version":"2019-01-23","purchased_purges":4,"victory":true,"max_hp_per_floor":[75,75,75,75,75,75,75,75,82,82,82,82,82,82,82,82,82,82,82,82,82,82,82,82,82,82,82,82,82,82,82,82,82,82,82,82,82,82,82,82,82,82,82,82,82,82,82,82,82,82],"card_choices":[{"not_picked":["Stack","Scrape"],"picked":"Barrage","floor":1},{"not_picked":["Beam Cell","Sweeping Beam"],"picked":"Conserve Battery","floor":4},{"not_picked":["White Noise","Barrage"],"picked":"Ball Lightning","floor":6},{"not_picked":["Go for the Eyes","Stack"],"picked":"Glacier","floor":8},{"not_picked":["Hologram","Leap"],"picked":"Cold Snap","floor":11},{"not_picked":["Reprogram","Doom and Gloom","Hello World"],"picked":"SKIP","floor":13},{"not_picked":["Multi-Cast","Chill"],"picked":"Glacier","floor":14},{"not_picked":["All For One","Reboot"],"picked":"Electrodynamics","floor":16},{"not_picked":["Streamline","Rebound"],"picked":"Steam+1","floor":18},{"not_picked":["Conserve Battery","Sweeping Beam"],"picked":"Compile Driver","floor":19},{"not_picked":["Sweeping Beam","Reprogram","Go for the Eyes"],"picked":"SKIP","floor":21},{"not_picked":["Fusion","Go for the Eyes+1","Thunder Strike"],"picked":"SKIP","floor":22},{"not_picked":["Sunder","Turbo","Ball Lightning+1"],"picked":"SKIP","floor":23},{"not_picked":["Redo","Streamline","Static Discharge+1"],"picked":"SKIP","floor":25},{"not_picked":["Coolheaded+1","Gash","Skim"],"picked":"SKIP","floor":28},{"not_picked":["Conserve Battery","Lockon","Chaos"],"picked":"SKIP","floor":31},{"not_picked":["Beam Cell+1","Stack"],"picked":"Hologram+1","floor":35},{"not_picked":["Storm+1","Doom and Gloom","Coolheaded"],"picked":"SKIP","floor":36},{"not_picked":["Double Energy","Storm+1","Stack"],"picked":"SKIP","floor":40},{"not_picked":["Stack+1","Coolheaded+1","Streamline"],"picked":"SKIP","floor":41},{"not_picked":["Streamline","Rebound+1"],"picked":"White Noise+1","floor":42},{"not_picked":["Fission+1","Coolheaded+1","Compile Driver+1"],"picked":"SKIP","floor":45},{"not_picked":["Sweeping Beam","Streamline","Go for the Eyes"],"picked":"SKIP","floor":46},{"not_picked":["Double Energy+1","Leap+1","Rebound"],"picked":"SKIP","floor":47}],"player_experience":382265,"relics_obtained":[{"floor":6,"key":"Centennial Puzzle"},{"floor":9,"key":"Strawberry"},{"floor":13,"key":"Potion Belt"},{"floor":23,"key":"FossilizedHelix"},{"floor":25,"key":"Kunai"},{"floor":26,"key":"Bag of Preparation"},{"floor":38,"key":"Shovel"},{"floor":39,"key":"Old Coin"},{"floor":40,"key":"Toxic Egg 2"},{"floor":43,"key":"Dead Branch"},{"floor":49,"key":"Lantern"}],"event_choices":[{"cards_removed":["Strike_B"],"damage_healed":0,"gold_gain":0,"player_choice":"Card Removal","damage_taken":0,"max_hp_gain":0,"max_hp_loss":0,"event_name":"The Cleric","floor":2,"gold_loss":50},{"cards_removed":["Strike_B"],"damage_healed":0,"gold_gain":0,"player_choice":"Card Removal","damage_taken":7,"max_hp_gain":0,"max_hp_loss":0,"event_name":"Golden Wing","floor":3,"gold_loss":0},{"damage_healed":0,"gold_gain":0,"player_choice":"Upgraded","damage_taken":0,"max_hp_gain":0,"max_hp_loss":0,"event_name":"Upgrade Shrine","floor":20,"gold_loss":0,"cards_upgraded":["Electrodynamics"]},{"damage_healed":0,"gold_gain":0,"player_choice":"Fight","damage_taken":0,"max_hp_gain":0,"max_hp_loss":0,"event_name":"MindBloom","floor":38,"gold_loss":0},{"damage_healed":0,"gold_gain":0,"player_choice":"Fight","damage_taken":0,"max_hp_gain":0,"max_hp_loss":0,"event_name":"Mysterious Sphere","floor":39,"gold_loss":0},{"cards_removed":["Electrodynamics"],"damage_healed":0,"gold_gain":0,"player_choice":"Removed Power","damage_taken":0,"max_hp_gain":0,"max_hp_loss":0,"event_name":"Falling","floor":48,"gold_loss":0}],"is_beta":false,"boss_relics":[{"not_picked":["Runic Pyramid","Ectoplasm"],"picked":"Empty Cage"},{"not_picked":["Lizard Tail","White Beast Statue"],"picked":"Cursed Key"}],"items_purged_floors":[12,29,37,44],"is_endless":false,"potions_floor_spawned":[4,6,14,16,19,23,25,28,33,36,40,42,45,46],"ascension_level":0}