{"gold_per_floor":[113,129,0,16,27,27,87,87,87,101,131,131,151,170,170,247,247,263,263,263,278,278,278,278],"floor_reached":24,"playtime":1020,"items_purged":["Shame"],"score":416,"play_id":"4f199e9c-9328-4ecf-9f41-3a7b12d991a1","local_time":"20190305200355","is_ascension_mode":true,"campfire_choices":[{"data":"Storm of Steel","floor":6,"key":"SMITH"},{"data":"Phantasmal Killer","floor":8,"key":"SMITH"},{"floor":12,"key":"REST"},{"data":"Footwork","floor":15,"key":"SMITH"},{"floor":23,"key":"REST"}],"neow_cost":"CURSE","seed_source_timestamp":246817324521024,"circlet_count":0,"master_deck":["AscendersBane","Defend_G","Defend_G","Defend_G","Defend_G","Defend_G","Strike_G","Strike_G","Strike_G","Survivor","Neutralize","Phantasmal Killer+1","Dagger Spray","Endless Agony","Storm of Steel+1","Infinite Blades","Backstab","Deadly Poison","Footwork+1","A Thousand Cuts","Poisoned Stab+1","Writhe","Noxious Fumes"],"relics":["Ring of the Snake","Tiny Chest","Boot","Pear","Velvet Choker","Potion Belt","MutagenicStrength"],"potions_floor_usage":[7,7,11,13],"damage_taken":[{"damage":1,"enemies":"2 Louse","floor":1,"turns":4},{"damage":1,"enemies":"Jaw Worm","floor":2,"turns":4},{"damage":7,"enemies":"Small Slimes","floor":4,"turns":4},{"damage":6,"enemies":"2 Fungi Beasts","floor":5,"turns":4},{"damage":9,"enemies":"Gremlin Nob","floor":7,"turns":3},{"damage":8,"enemies":"Large Slime","floor":10,"turns":7},{"damage":22,"enemies":"Lagavulin","floor":11,"turns":6},{"damage":2,"enemies":"Gremlin Gang","floor":13,"turns":5},{"damage":3,"enemies":"3 Louse","floor":14,"turns":3},{"damage":21,"enemies":"The Guardian","floor":16,"turns":14},{"damage":10,"enemies":"Chosen","floor":18,"turns":5},{"damage":14,"enemies":"Spheric Guardian","floor":21,"turns":5},{"damage":49,"enemies":"Gremlin Leader","floor":24,"turns":6}],"seed_played":"-4076940095244940856","potions_obtained":[{"floor":2,"key":"Poison Potion"},{"floor":7,"key":"AttackPotion"},{"floor":11,"key":"SteroidPotion"},{"floor":14,"key":"Strength Potion"},{"floor":21,"key":"SpeedPotion"}],"is_trial":false,"path_per_floor":["M","M","$","M","M","R","E","R","T","M","E","R","M","M","R","B",null,"M","?","?","M","?","R","E"],"character_chosen":"THE_SILENT","items_purchased":["SteroidPotion"],"campfire_rested":2,"item_purchase_floors":[3],"current_hp_per_floor":[58,57,57,50,44,44,35,35,35,27,15,37,35,32,32,11,60,50,28,28,14,14,38,0],"gold":278,"neow_bonus":"TRANSFORM_TWO_CARDS","is_prod":false,"is_daily":false,"chose_seed":false,"campfire_upgraded":3,"win_rate":0,"timestamp":1551812635,"path_taken":["M","M","$","M","M","R","E","R","T","M","E","R","M","M","R","BOSS","M","?","?","M","?","R","E"],"build_version":"2019-01-23","purchased_purges":1,"victory":false,"max_hp_per_floor":[66,66,66,66,66,66,66,66,66,66,76,76,76,76,76,76,76,76,81,81,81,81,81,81],"card_choices":[{"not_picked":["Accuracy","Outmaneuver"],"picked":"Endless Agony","floor":1},{"not_picked":["Slice","Underhanded Strike","Deflect"],"picked":"SKIP","floor":2},{"not_picked":["Calculated Gamble","Distraction"],"picked":"Storm of Steel","floor":4},{"not_picked":["Slice","Acrobatics"],"picked":"Infinite Blades","floor":5},{"not_picked":["Poisoned Stab","Tactician","Underhanded Strike"],"picked":"SKIP","floor":7},{"not_picked":["Outmaneuver","Blade Dance","Masterful Stab"],"picked":"SKIP","floor":10},{"not_picked":["Distraction","Heel Hook"],"picked":"Backstab","floor":11},{"not_picked":["Cloak And Dagger","PiercingWail"],"picked":"Deadly Poison","floor":13},{"not_picked":["Underhanded Strike","Dodge and Roll"],"picked":"Footwork","floor":14},{"not_picked":["Adrenaline","Glass Knife"],"picked":"A Thousand Cuts","floor":16},{"not_picked":["Masterful Stab","Deflect"],"picked":"Poisoned Stab+1","floor":18},{"not_picked":["Flying Knee","Cloak And Dagger"],"picked":"Noxious Fumes","floor":21}],"player_experience":1974321,"relics_obtained":[{"floor":7,"key":"Tiny Chest"},{"floor":9,"key":"Boot"},{"floor":11,"key":"Pear"}],"event_choices":[{"damage_healed":0,"gold_gain":0,"player_choice":"Shed Blood","damage_taken":27,"max_hp_gain":5,"max_hp_loss":0,"event_name":"Forgotten Altar","floor":19,"gold_loss":0},{"damage_healed":0,"gold_gain":0,"player_choice":"Opened","damage_taken":0,"relics_obtained":["Potion Belt"],"max_hp_gain":0,"max_hp_loss":0,"event_name":"The Mausoleum","floor":20,"gold_loss":0,"cards_obtained":["Writhe"]},{"damage_healed":0,"gold_gain":0,"player_choice":"Inject Mutagens","damage_taken":0,"relics_obtained":["MutagenicStrength"],"max_hp_gain":0,"max_hp_loss":0,"event_name":"Drug Dealer","floor":22,"gold_loss":0}],"is_beta":false,"boss_relics":[{"not_picked":["Astrolabe","HoveringKite"],"picked":"Velvet Choker"}],"items_purged_floors":[3],"is_endless":false,"potions_floor_spawned":[2,4,7,11,14,21],"killed_by":"Gremlin Leader","ascension_level":20}