{"gold_per_floor":[116,136,154,154,11,11,11,43,117,117,151,171,171,186,186,283,283,298,268,288,90,110,138,158,158,158,176,65,95,95,113,113,217,217,235,235,235,253,265,265,292,292,316,345,345,30,46,62,62,62,62,62,62,87,87],"floor_reached":55,"playtime":6484,"items_purged":["Grand Finale","Tools of the Trade"],"score":1110,"play_id":"e00ddf80-dac8-4b41-86f2-b2c0cc3b1155","local_time":"20190225223423","is_ascension_mode":true,"campfire_choices":[{"data":"Poisoned Stab","floor":7.0,"key":"SMITH"},{"data":"A Thousand Cuts","floor":10.0,"key":"SMITH"},{"data":"Well Laid Plans","floor":13.0,"key":"SMITH"},{"data":"Malaise","floor":15.0,"key":"SMITH"},{"floor":25.0,"key":"REST"},{"data":"Footwork","floor":30.0,"key":"SMITH"},{"data":"Catalyst","floor":32.0,"key":"SMITH"},{"data":"Adrenaline","floor":40,"key":"SMITH"},{"data":"Burst","floor":42,"key":"SMITH"},{"floor":49,"key":"RECALL"},{"data":"Footwork","floor":52,"key":"SMITH"}],"neow_cost":"NONE","seed_source_timestamp":1009604053344000,"circlet_count":0,"master_deck":["Survivor","Neutralize+1","Poisoned Stab+1","Deflect","A Thousand Cuts+1","Deflect","Malaise+1","Adrenaline+1","Dash","Grand Finale","Terror","Prepared","Quick Slash","Backstab","Blade Dance","Noxious Fumes","Backflip+1","Cloak And Dagger","Noxious Fumes","Deflect+1","PiercingWail","Leg Sweep+1","Dodge and Roll","Footwork+1","Catalyst+1","Burst+1","Venomology","Deflect+1","Dark Shackles","Cloak And Dagger+1","Catalyst+1","Cloak And Dagger+1","Blur","Footwork+1","Bullet Time"],"special_seed":0,"relics":["Ring of the Snake","Bag of Marbles","Bronze Scales","Happy Flower","Dodecahedron","Regal Pillow","Pandora\u0027s Box","Torii","Oddly Smooth Stone","Tiny Chest","Runic Pyramid","Art of War","The Courier","Centennial Puzzle","Mercury Hourglass"],"potions_floor_usage":[39,41,44,44,47,48,50,54,55,55,55],"damage_taken":[{"damage":0.0,"enemies":"Small Slimes","floor":1.0,"turns":4.0},{"damage":0.0,"enemies":"Cultist","floor":2.0,"turns":4.0},{"damage":3.0,"enemies":"Jaw Worm","floor":3.0,"turns":4.0},{"damage":11.0,"enemies":"3 Sentries","floor":8.0,"turns":11.0},{"damage":14.0,"enemies":"Gremlin Nob","floor":11.0,"turns":4.0},{"damage":10.0,"enemies":"Exordium Wildlife","floor":12.0,"turns":4.0},{"damage":0.0,"enemies":"Blue Slaver","floor":14.0,"turns":2.0},{"damage":5.0,"enemies":"The Guardian","floor":16.0,"turns":10.0},{"damage":4.0,"enemies":"2 Thieves","floor":18.0,"turns":4.0},{"damage":0.0,"enemies":"Spheric Guardian","floor":20.0,"turns":3.0},{"damage":11.0,"enemies":"Centurion and Healer","floor":22.0,"turns":5.0},{"damage":24.0,"enemies":"Book of Stabbing","floor":23.0,"turns":5.0},{"damage":9.0,"enemies":"Snecko","floor":24.0,"turns":5.0},{"damage":15.0,"enemies":"Cultist and Chosen","floor":27.0,"turns":6.0},{"damage":1.0,"enemies":"Snake Plant","floor":31.0,"turns":4.0},{"damage":1.0,"enemies":"Champ","floor":33.0,"turns":11.0},{"damage":1.0,"enemies":"Orb Walker","floor":35.0,"turns":5.0},{"damage":0.0,"enemies":"3 Shapes","floor":38.0,"turns":6.0},{"damage":0,"enemies":"Spire Growth","floor":39,"turns":7},{"damage":0,"enemies":"Nemesis","floor":41,"turns":9},{"damage":9,"enemies":"Reptomancer","floor":44,"turns":8},{"damage":11,"enemies":"3 Darklings","floor":47,"turns":5},{"damage":0,"enemies":"4 Shapes","floor":48,"turns":6},{"damage":26,"enemies":"Time Eater","floor":50,"turns":11},{"damage":23,"enemies":"Shield and Spear","floor":54,"turns":10},{"damage":45,"enemies":"The Heart","floor":55,"turns":5}],"seed_played":"-8972190023740043616","potions_obtained":[{"floor":2.0,"key":"Fire Potion"},{"floor":8.0,"key":"Dexterity Potion"},{"floor":11.0,"key":"Poison Potion"},{"floor":19.0,"key":"FearPotion"},{"floor":23.0,"key":"Ancient Potion"},{"floor":35.0,"key":"Ancient Potion"},{"floor":54,"key":"LiquidBronze"}],"is_trial":false,"path_per_floor":["M","M","M","?","$","$","R","E","T","R","E","M","R","M","R","B",null,"M","?","M","$","M","E","M","R","T","M","$","?","R","M","R","B",null,"M","?","?","M","M","R","E","R","T","E","?","$","M","M","R","B",null,"R","$","E","B"],"character_chosen":"THE_SILENT","items_purchased":["Bronze Scales","Cloak And Dagger","Noxious Fumes","Footwork","Catalyst","Blur","Footwork","Centennial Puzzle"],"campfire_rested":1,"item_purchase_floors":[5,21,21,28,28,46,46,46],"current_hp_per_floor":[63,63,60,60,60,60,60,49,49,49,35,25,25,25,25,20,58,54,54,54,54,43,19,10,46,46,31,31,31,31,30,30,29,60,59,59,59,59,59,59,59,59,59,50,50,50,39,39,39,13,56,56,56,33,0],"gold":87,"neow_bonus":"RANDOM_COMMON_RELIC","is_prod":false,"is_daily":false,"chose_seed":false,"campfire_upgraded":9,"win_rate":0,"timestamp":1551152063,"path_taken":["M","M","M","?","?","$","R","E","T","R","E","M","R","M","R","BOSS","M","?","M","$","?","E","M","R","T","M","$","?","R","M","R","BOSS","M","?","?","M","M","R","E","R","T","E","?","$","M","?","R","BOSS","R","$","E","BOSS"],"build_version":"2019-01-23","purchased_purges":2,"victory":false,"max_hp_per_floor":[70,70,70,70,70,70,70,70,70,70,70,70,70,70,70,70,70,70,70,70,70,70,70,70,70,70,70,70,70,70,70,70,70,70,70,70,70,70,70,70,70,70,70,70,70,70,70,70,70,70,70,70,70,70,70],"card_choices":[{"not_picked":["Bane","Underhanded Strike"],"picked":"Poisoned Stab","floor":1.0},{"not_picked":["Underhanded Strike","Sucker Punch"],"picked":"Deflect","floor":2.0},{"not_picked":["Infinite Blades","Blade Dance"],"picked":"Well Laid Plans","floor":3.0},{"not_picked":["Blade Dance","Slice"],"picked":"A Thousand Cuts","floor":8.0},{"not_picked":["Calculated Gamble","Sucker Punch","Underhanded Strike"],"picked":"SKIP","floor":11.0},{"not_picked":["Poisoned Stab","Bane"],"picked":"Deflect","floor":12.0},{"not_picked":["Underhanded Strike","Dodge and Roll"],"picked":"Malaise","floor":14.0},{"not_picked":["Die Die Die","Malaise"],"picked":"Adrenaline","floor":16.0},{"not_picked":["Concentrate","Dagger Throw","Underhanded Strike"],"picked":"SKIP","floor":18.0},{"not_picked":["Accuracy","Quick Slash+1"],"picked":"Backflip","floor":20.0},{"not_picked":["Eviscerate","Finisher"],"picked":"Deflect+1","floor":22.0},{"not_picked":["Heel Hook","Distraction"],"picked":"PiercingWail","floor":23.0},{"not_picked":["Cloak And Dagger","Setup"],"picked":"Leg Sweep+1","floor":24.0},{"not_picked":["Blade Dance","Escape Plan"],"picked":"Dodge and Roll","floor":27.0},{"not_picked":["Poisoned Stab","Bouncing Flask"],"picked":"Burst","floor":31.0},{"not_picked":["Phantasmal Killer","Glass Knife"],"picked":"Venomology","floor":33.0},{"not_picked":["Poisoned Stab+1","Dagger Spray"],"picked":"Deflect+1","floor":35.0},{"not_picked":["Dramatic Entrance","Deep Breath"],"picked":"Dark Shackles","floor":37.0},{"not_picked":["Dagger Throw","Eviscerate","Skewer"],"picked":"SKIP","floor":38.0},{"not_picked":["Deflect","Slice+1"],"picked":"Cloak And Dagger+1","floor":39},{"not_picked":["Escape Plan","Predator+1"],"picked":"Catalyst+1","floor":41},{"not_picked":["Bouncing Flask+1","Slice"],"picked":"Cloak And Dagger+1","floor":44},{"not_picked":["Backflip+1","Quick Slash+1","Cloak And Dagger+1"],"picked":"SKIP","floor":47},{"not_picked":["Slice","Calculated Gamble+1"],"picked":"Bullet Time","floor":48},{"not_picked":["Flying Knee","Prepared+1","Backflip"],"picked":"SKIP","floor":54}],"player_experience":282483,"relics_obtained":[{"floor":8.0,"key":"Happy Flower"},{"floor":9.0,"key":"Dodecahedron"},{"floor":11.0,"key":"Regal Pillow"},{"floor":23.0,"key":"Torii"},{"floor":26.0,"key":"Oddly Smooth Stone"},{"floor":41,"key":"Art of War"},{"floor":44,"key":"The Courier"},{"floor":54,"key":"Mercury Hourglass"}],"event_choices":[{"damage_healed":0.0,"max_hp_gain":0.0,"max_hp_loss":0.0,"gold_gain":0.0,"event_name":"Upgrade Shrine","player_choice":"Upgraded","floor":4.0,"gold_loss":0.0,"damage_taken":0.0,"cards_upgraded":["Neutralize"]},{"damage_healed":0.0,"max_hp_gain":0.0,"max_hp_loss":0.0,"gold_gain":0.0,"event_name":"The Woman in Blue","player_choice":"Bought 2 Potions","floor":19.0,"gold_loss":0.0,"damage_taken":0.0},{"damage_healed":0.0,"max_hp_gain":0.0,"max_hp_loss":0.0,"gold_gain":0.0,"event_name":"The Mausoleum","player_choice":"Opened","floor":29.0,"gold_loss":0.0,"damage_taken":0.0,"relics_obtained":["Tiny Chest"]},{"cards_removed":["Well Laid Plans"],"damage_healed":0.0,"max_hp_gain":0.0,"max_hp_loss":0.0,"gold_gain":0.0,"event_name":"Falling","player_choice":"Removed Power","floor":36.0,"gold_loss":0.0,"damage_taken":0.0},{"damage_healed":0.0,"max_hp_gain":0.0,"max_hp_loss":0.0,"gold_gain":0.0,"event_name":"SensoryStone","player_choice":"Memory 1","floor":37.0,"gold_loss":0.0,"damage_taken":0.0},{"damage_healed":0,"gold_gain":0,"player_choice":"Upgraded","damage_taken":0,"max_hp_gain":0,"max_hp_loss":0,"event_name":"Upgrade Shrine","floor":45,"gold_loss":0,"cards_upgraded":["Backflip"]}],"is_beta":false,"boss_relics":[{"not_picked":["Black Star","Tiny House"],"picked":"Pandora\u0027s Box"},{"not_picked":["Orrery","Calling Bell"],"picked":"Runic Pyramid"}],"items_purged_floors":[21,46],"is_endless":false,"potions_floor_spawned":[2,8,11,14,23,24,31,35,48,54],"killed_by":"The Heart","ascension_level":8}