{"gold_per_floor":[110,31,31,49,49,79,79,111,111,123,123,135,156,166,166,264,264,282,7,7,18,18,53,53,72,72,99,99],"floor_reached":28,"playtime":802,"items_purged":[],"score":466,"play_id":"7a8cfd16-f8c3-43f7-a49a-b39f84b05ce8","local_time":"20190305185621","is_ascension_mode":true,"campfire_choices":[{"data":"Finisher","floor":7.0,"key":"SMITH"},{"floor":15.0,"key":"REST"},{"data":"A Thousand Cuts","floor":24,"key":"SMITH"}],"neow_cost":"NONE","seed_source_timestamp":5567636624900,"circlet_count":0,"master_deck":["AscendersBane","Defend_G","Defend_G","Defend_G","Defend_G","Defend_G","Strike_G","Strike_G","Strike_G","Strike_G","Survivor","Neutralize","Dagger Spray+1","Infinite Blades","Finisher+1","Corpse Explosion","Cloak And Dagger","Backflip+1","Cloak And Dagger+1","PiercingWail+1","A Thousand Cuts+1","Blade Dance+1","Accuracy","Accuracy","Footwork","A Thousand Cuts","Deflect+1","Blade Dance+1","Finisher"],"special_seed":0,"relics":["Ring of the Snake","NeowsBlessing","Mummified Hand","The Courier","Toxic Egg 2","Odd Mushroom","WristBlade","MutagenicStrength","Gremlin Horn","Prayer Wheel","Orichalcum"],"potions_floor_usage":[23],"damage_taken":[{"damage":0.0,"enemies":"Cultist","floor":1.0,"turns":1.0},{"damage":0.0,"enemies":"2 Louse","floor":4.0,"turns":1.0},{"damage":0.0,"enemies":"Lagavulin","floor":6.0,"turns":1.0},{"damage":30.0,"enemies":"Gremlin Nob","floor":8.0,"turns":4.0},{"damage":0.0,"enemies":"Small Slimes","floor":10.0,"turns":1.0},{"damage":0.0,"enemies":"3 Louse","floor":12.0,"turns":3.0},{"damage":4.0,"enemies":"The Mushroom Lair","floor":13.0,"turns":3.0},{"damage":7.0,"enemies":"Large Slime","floor":14.0,"turns":6.0},{"damage":34.0,"enemies":"The Guardian","floor":16.0,"turns":10.0},{"damage":2.0,"enemies":"Shell Parasite","floor":18.0,"turns":7.0},{"damage":8,"enemies":"Chosen","floor":21,"turns":3},{"damage":6,"enemies":"Gremlin Leader","floor":23,"turns":6},{"damage":13,"enemies":"Shelled Parasite and Fungi","floor":25,"turns":4},{"damage":23,"enemies":"Slavers","floor":27,"turns":5},{"damage":10,"enemies":"Chosen and Byrds","floor":28,"turns":4}],"seed_played":"-2569811722036092209","potions_obtained":[{"floor":6.0,"key":"EntropicBrew"},{"floor":8.0,"key":"Fire Potion"},{"floor":25,"key":"Fire Potion"},{"floor":27,"key":"Fire Potion"}],"is_trial":false,"path_per_floor":["M","$","?","M","?","E","R","E","T","M","?","M","?","M","R","B",null,"M","$","?","M","?","E","R","M","T","E","M"],"character_chosen":"THE_SILENT","items_purchased":["Infinite Blades","Accuracy","Accuracy","Footwork","A Thousand Cuts"],"campfire_rested":1,"item_purchase_floors":[2,19,19,19,19],"current_hp_per_floor":[63,63,63,63,63,63,63,33,33,33,33,33,29,22,43,9,55,53,53,53,45,45,39,39,26,26,3,0],"gold":99,"neow_bonus":"THREE_ENEMY_KILL","is_prod":false,"is_daily":false,"chose_seed":false,"campfire_upgraded":2,"win_rate":0,"timestamp":1551808581,"path_taken":["M","?","?","?","?","E","R","E","T","M","?","M","?","M","R","BOSS","M","$","?","M","?","E","R","M","T","E","?"],"build_version":"2019-01-23","purchased_purges":0,"victory":false,"max_hp_per_floor":[70,70,70,70,70,70,70,70,70,70,70,70,70,70,70,70,70,70,70,70,70,70,70,70,70,70,70,70],"card_choices":[{"not_picked":["Bane","Underhanded Strike"],"picked":"Dagger Spray","floor":1.0},{"not_picked":["Dagger Throw","Slice"],"picked":"Finisher","floor":4.0},{"not_picked":["Backflip","Adrenaline"],"picked":"Corpse Explosion","floor":6.0},{"not_picked":["Poisoned Stab","Acrobatics"],"picked":"Cloak And Dagger","floor":8.0},{"not_picked":["Flying Knee","Accuracy"],"picked":"Backflip+1","floor":10.0},{"not_picked":["Reflex+1","Accuracy"],"picked":"Cloak And Dagger+1","floor":12.0},{"not_picked":["Underhanded Strike","Poisoned Stab"],"picked":"PiercingWail+1","floor":14.0},{"not_picked":["Night Terror+1","Tools of the Trade"],"picked":"A Thousand Cuts","floor":16.0},{"not_picked":["Quick Slash","Acrobatics+1"],"picked":"Blade Dance+1","floor":18.0},{"not_picked":["Flechettes","Eviscerate"],"picked":"Deflect+1","floor":21},{"not_picked":["Burst+1","Dagger Spray"],"picked":"Blade Dance+1","floor":23},{"not_picked":["Underhanded Strike","Riddle With Holes","Dagger Throw"],"picked":"SKIP","floor":25},{"not_picked":["Bouncing Flask+1","Crippling Poison+1"],"picked":"Finisher","floor":27}],"player_experience":614428,"relics_obtained":[{"floor":6.0,"key":"Mummified Hand"},{"floor":8.0,"key":"The Courier"},{"floor":9.0,"key":"Toxic Egg 2"},{"floor":13.0,"key":"Odd Mushroom"},{"floor":23,"key":"Gremlin Horn"},{"floor":26,"key":"Prayer Wheel"},{"floor":27,"key":"Orichalcum"}],"event_choices":[{"cards_removed":["Strike_G"],"damage_healed":0.0,"max_hp_gain":0.0,"max_hp_loss":0.0,"gold_gain":0.0,"event_name":"Bonfire Elementals","player_choice":"Offered Basic","floor":3.0,"gold_loss":0.0,"damage_taken":0.0},{"damage_healed":0.0,"max_hp_gain":0.0,"max_hp_loss":0.0,"gold_gain":0.0,"event_name":"Living Wall","player_choice":"Grow","floor":5.0,"gold_loss":0.0,"damage_taken":0.0,"cards_upgraded":["Dagger Spray"]},{"damage_healed":0.0,"max_hp_gain":0.0,"max_hp_loss":0.0,"gold_gain":0.0,"event_name":"Golden Wing","player_choice":"Ignored","floor":11.0,"gold_loss":0.0,"damage_taken":0.0},{"damage_healed":0.0,"max_hp_gain":0.0,"max_hp_loss":0.0,"gold_gain":0.0,"event_name":"Mushrooms","player_choice":"Fought Mushrooms","floor":13.0,"gold_loss":0.0,"damage_taken":0.0},{"damage_healed":0,"gold_gain":0,"player_choice":"Ignored","damage_taken":0,"max_hp_gain":0,"max_hp_loss":0,"event_name":"Ghosts","floor":20,"gold_loss":0},{"damage_healed":0,"gold_gain":0,"player_choice":"Inject Mutagens","damage_taken":0,"relics_obtained":["MutagenicStrength"],"max_hp_gain":0,"max_hp_loss":0,"event_name":"Drug Dealer","floor":22,"gold_loss":0}],"is_beta":false,"boss_relics":[{"not_picked":["Velvet Choker","Cursed Key"],"picked":"WristBlade"}],"items_purged_floors":[],"is_endless":false,"potions_floor_spawned":[6,8,13,25,27],"killed_by":"Chosen and Byrds","ascension_level":12}