{"gold_per_floor":[112,37,50,200,11,44,44,57,57,57,57,91,141,141],"floor_reached":14,"playtime":504,"items_purged":["Strike_B","Doubt"],"score":192,"play_id":"655a0748-d23f-4bff-9d4f-d50c0799cc0d","local_time":"20190119220957","is_ascension_mode":true,"campfire_choices":[{"data":"Sunder","floor":7,"key":"SMITH"},{"data":"Defragment","floor":10,"key":"SMITH"}],"neow_cost":"PERCENT_DAMAGE","seed_source_timestamp":334775744428089,"circlet_count":0,"master_deck":["AscendersBane","Strike_B","Strike_B","Strike_B","Defend_B","Defend_B","Defend_B","Defend_B","Zap","Dualcast","Hello World","Sunder+1","Discovery","Defragment+1","Coolheaded","Ball Lightning"],"relics":["Cracked Core","Pear","Blood Vial","Golden Idol","Happy Flower"],"potions_floor_usage":[12,12],"damage_taken":[{"damage":4,"enemies":"Small Slimes","floor":1,"turns":3},{"damage":2,"enemies":"Jaw Worm","floor":3,"turns":4},{"damage":25,"enemies":"3 Sentries","floor":6,"turns":8},{"damage":0,"enemies":"Cultist","floor":8,"turns":2},{"damage":39,"enemies":"Gremlin Nob","floor":12,"turns":4},{"damage":14,"enemies":"Large Slime","floor":14,"turns":2}],"seed_played":"1473601887717222149","potions_obtained":[{"floor":6,"key":"AttackPotion"},{"floor":8,"key":"GamblersBrew"},{"floor":12,"key":"Ancient Potion"}],"is_trial":false,"path_per_floor":["M","$","M","?","$","E","R","M","T","R","?","E","?","M"],"character_chosen":"DEFECT","items_purchased":["Discovery"],"campfire_rested":0,"item_purchase_floors":[5],"current_hp_per_floor":[56,56,54,54,54,39,39,39,39,39,39,2,2,0],"gold":141,"neow_bonus":"TWENTY_PERCENT_HP_BONUS","is_prod":false,"is_daily":false,"chose_seed":false,"campfire_upgraded":2,"win_rate":0,"timestamp":1547932197,"path_taken":["M","$","M","?","$","E","R","M","T","R","?","E","?","M"],"build_version":"2019-01-17v2","purchased_purges":2,"victory":false,"max_hp_per_floor":[85,85,85,85,85,95,95,95,95,95,86,86,86,86],"card_choices":[{"not_picked":["Go for the Eyes","Chaos"],"picked":"Hello World","floor":1},{"not_picked":["Conserve Battery","Lockon"],"picked":"Sunder","floor":3},{"not_picked":["Gash","Self Repair"],"picked":"Defragment","floor":6},{"not_picked":["Streamline","Beam Cell"],"picked":"Coolheaded","floor":8},{"not_picked":["Steam","Cold Snap"],"picked":"Ball Lightning","floor":12}],"player_experience":1797948,"relics_obtained":[{"floor":6,"key":"Pear"},{"floor":9,"key":"Blood Vial"},{"floor":12,"key":"Happy Flower"}],"event_choices":[{"damage_healed":0,"gold_gain":150,"player_choice":"AGREE","damage_taken":0,"max_hp_gain":0,"max_hp_loss":0,"event_name":"Liars Game","floor":4,"gold_loss":0,"cards_obtained":["Doubt"]},{"damage_healed":0,"gold_gain":0,"player_choice":"Lose Max HP","damage_taken":0,"relics_obtained":["Golden Idol"],"max_hp_gain":0,"max_hp_loss":9,"event_name":"Golden Idol","floor":11,"gold_loss":0},{"damage_healed":0,"gold_gain":50,"player_choice":"Pray","damage_taken":0,"max_hp_gain":0,"max_hp_loss":0,"event_name":"Golden Shrine","floor":13,"gold_loss":0}],"is_beta":false,"boss_relics":[],"items_purged_floors":[2,5],"is_endless":false,"potions_floor_spawned":[6,8,12],"killed_by":"Large Slime","ascension_level":20}