{"gold_per_floor":[11,21,40,60,71,71,84,115,202,214],"floor_reached":10,"playtime":885,"items_purged":[],"score":108,"play_id":"5a66006c-cdf2-4ccc-9785-9e3fa4e8e9d4","local_time":"20190305182621","is_ascension_mode":true,"campfire_choices":[{"data":"Dark Embrace","floor":6,"key":"SMITH"}],"neow_cost":"NO_GOLD","seed_source_timestamp":347887046640721,"circlet_count":0,"master_deck":["AscendersBane","Strike_R","Strike_R","Strike_R","Strike_R","Strike_R","Defend_R","Defend_R","Defend_R","Defend_R","Bash","Dark Embrace+1","Iron Wave","Iron Wave","Sever Soul","True Grit","Rampage","Immolate","Evolve"],"relics":["Burning Blood","MawBank"],"potions_floor_usage":[10,10,10],"damage_taken":[{"damage":1,"enemies":"Cultist","floor":1,"turns":4},{"damage":14,"enemies":"Jaw Worm","floor":2,"turns":5},{"damage":6,"enemies":"2 Louse","floor":3,"turns":4},{"damage":6,"enemies":"Looter","floor":4,"turns":4},{"damage":34,"enemies":"Exordium Thugs","floor":5,"turns":7},{"damage":0,"enemies":"Large Slime","floor":7,"turns":5},{"damage":28,"enemies":"3 Sentries","floor":8,"turns":8},{"damage":27,"enemies":"Lagavulin","floor":10,"turns":10}],"seed_played":"-2020909284344493490","potions_obtained":[{"floor":2,"key":"LiquidBronze"},{"floor":4,"key":"Dexterity Potion"},{"floor":5,"key":"Dexterity Potion"}],"is_trial":false,"path_per_floor":["M","M","M","M","M","R","M","E","T","E"],"character_chosen":"IRONCLAD","items_purchased":[],"campfire_rested":0,"item_purchase_floors":[],"current_hp_per_floor":[77,69,69,69,41,41,47,25,25,0],"gold":214,"neow_bonus":"THREE_RARE_CARDS","is_prod":false,"is_daily":false,"chose_seed":false,"campfire_upgraded":1,"win_rate":0,"timestamp":1551828381,"path_taken":["M","M","?","M","M","R","M","E","T","E"],"build_version":"2019-01-23","purchased_purges":0,"victory":false,"max_hp_per_floor":[80,80,80,80,80,80,80,80,80,80],"card_choices":[{"not_picked":["Brutality","Juggernaut"],"picked":"Dark Embrace","floor":0},{"not_picked":["Clash","Wild Strike"],"picked":"Iron Wave","floor":1},{"not_picked":["Bloodletting","Clash"],"picked":"Iron Wave","floor":2},{"not_picked":["Sword Boomerang","Iron Wave"],"picked":"Sever Soul","floor":3},{"not_picked":["Anger","Pommel Strike"],"picked":"True Grit","floor":4},{"not_picked":["Iron Wave","Pommel Strike"],"picked":"Rampage","floor":5},{"not_picked":["Dual Wield","Combust"],"picked":"Immolate","floor":7},{"not_picked":["Rupture","Rage"],"picked":"Evolve","floor":8}],"player_experience":1719457,"relics_obtained":[{"floor":8,"key":"MawBank"}],"event_choices":[],"is_beta":false,"boss_relics":[],"items_purged_floors":[],"is_endless":false,"potions_floor_spawned":[2,4,5],"killed_by":"Lagavulin","ascension_level":10}