{"gold_per_floor":[111,126,51,66,31,31,59,71,71,71,88,88,102,119,119,193,193,209,228,143,158,173,173,201,201,201,201,68,103,103,138,138,138],"floor_reached":33,"playtime":1171,"items_purged":["Strike_G","Strike_G"],"score":583,"play_id":"5f8f5bf4-71f6-4457-8654-954752a68ad1","local_time":"20180930032217","is_ascension_mode":true,"campfire_choices":[{"data":"Cloak And Dagger","floor":6,"key":"SMITH"},{"data":"Dagger Spray","floor":10,"key":"SMITH"},{"data":"Quick Slash","floor":12,"key":"SMITH"},{"data":"Backstab","floor":15,"key":"SMITH"},{"data":"Caltrops","floor":23,"key":"SMITH"},{"data":"Neutralize","floor":25,"key":"SMITH"},{"floor":27,"key":"REST"},{"floor":30,"key":"REST"},{"data":"Cloak And Dagger","floor":32,"key":"SMITH"}],"neow_cost":"","seed_source_timestamp":885543334676324,"circlet_count":0,"master_deck":["Defend_G","Defend_G","Defend_G","Defend_G","Defend_G","Strike_G","Strike_G","Strike_G","Survivor","Neutralize+1","AscendersBane","Cloak And Dagger+1","Masterful Stab","Endless Agony","Quick Slash+1","Dagger Spray+1","Backstab+1","Caltrops+1","Corpse Explosion","Terror","Dodge and Roll+1","Cloak And Dagger+1"],"relics":["Ring of the Snake","Shuriken","Mercury Hourglass","Cursed Key","Regal Pillow","Smiling Mask","Bag of Marbles","Orichalcum"],"potions_floor_usage":[7,22,22,29,29],"damage_taken":[{"damage":0,"enemies":"2 Louse","floor":1,"turns":4},{"damage":11,"enemies":"Small Slimes","floor":2,"turns":4},{"damage":0,"enemies":"Cultist","floor":4,"turns":4},{"damage":15,"enemies":"3 Sentries","floor":7,"turns":7},{"damage":0,"enemies":"Lots of Slimes","floor":8,"turns":3},{"damage":0,"enemies":"2 Fungi Beasts","floor":11,"turns":2},{"damage":0,"enemies":"3 Louse","floor":13,"turns":1},{"damage":0,"enemies":"Exordium Wildlife","floor":14,"turns":1},{"damage":29,"enemies":"The Guardian","floor":16,"turns":10},{"damage":0,"enemies":"3 Byrds","floor":18,"turns":2},{"damage":0,"enemies":"Spheric Guardian","floor":19,"turns":3},{"damage":0,"enemies":"Cultist and Chosen","floor":21,"turns":3},{"damage":0,"enemies":"Sentry and Sphere","floor":22,"turns":2},{"damage":31,"enemies":"Slavers","floor":24,"turns":6},{"damage":37,"enemies":"Book of Stabbing","floor":29,"turns":5},{"damage":9,"enemies":"Gremlin Leader","floor":31,"turns":5},{"damage":55,"enemies":"Champ","floor":33,"turns":9}],"seed_played":"-8934041986490156457","potions_obtained":[{"floor":4,"key":"Strength Potion"},{"floor":7,"key":"Swift Potion"},{"floor":8,"key":"Fire Potion"},{"floor":22,"key":"Swift Potion"},{"floor":24,"key":"LiquidBronze"}],"is_trial":false,"path_per_floor":["M","M","$","M","?","R","E","M","T","R","M","R","M","M","R","B",null,"M","M","?","M","M","R","E","R","T","R","$","E","R","E","R"],"character_chosen":"THE_SILENT","items_purchased":["GhostInAJar"],"campfire_rested":2,"item_purchase_floors":[28],"current_hp_per_floor":[59,48,48,48,64,64,49,49,49,49,49,49,49,49,49,20,55,55,55,55,55,55,55,24,24,24,58,58,21,55,46,46,0],"gold":138,"neow_bonus":"","is_prod":false,"is_daily":false,"chose_seed":false,"campfire_upgraded":7,"win_rate":0,"timestamp":1538270537,"path_taken":["M","M","$","M","?","R","E","M","T","R","M","R","M","M","R","BOSS","M","?","?","?","M","R","E","R","T","R","$","E","R","E","R","BOSS"],"build_version":"2018-09-27","purchased_purges":2,"victory":false,"max_hp_per_floor":[66,66,66,66,66,66,66,66,66,66,66,66,66,66,66,66,66,66,66,66,66,66,66,66,66,66,66,66,66,66,66,66,66],"card_choices":[{"not_picked":["Acrobatics","Underhanded Strike"],"picked":"Cloak And Dagger","floor":1},{"not_picked":["Prepared","PiercingWail"],"picked":"Masterful Stab","floor":2},{"not_picked":["Finisher","Dagger Throw"],"picked":"Endless Agony","floor":4},{"not_picked":["Bouncing Flask","Bullet Time"],"picked":"Quick Slash","floor":7},{"not_picked":["Escape Plan","PiercingWail"],"picked":"Dagger Spray","floor":8},{"not_picked":["Prepared","Slice","Quick Slash"],"picked":"SKIP","floor":11},{"not_picked":["Well Laid Plans","Blade Dance"],"picked":"Backstab","floor":13},{"not_picked":["Corpse Explosion","Tactician"],"picked":"Caltrops","floor":14},{"not_picked":["Die Die Die","Doppelganger"],"picked":"Corpse Explosion","floor":16},{"not_picked":["Eviscerate","Slice"],"picked":"Terror","floor":19},{"not_picked":["Escape Plan","Quick Slash","Backflip"],"picked":"SKIP","floor":21},{"not_picked":["Concentrate","Dagger Throw"],"picked":"Dodge and Roll+1","floor":22},{"not_picked":["Sucker Punch","Slice","Masterful Stab"],"picked":"SKIP","floor":24},{"not_picked":["Heel Hook","Prepared"],"picked":"Cloak And Dagger","floor":29},{"not_picked":["Predator","Accuracy","Bane"],"picked":"SKIP","floor":31}],"player_experience":1294882,"relics_obtained":[{"floor":7,"key":"Shuriken"},{"floor":9,"key":"Mercury Hourglass"},{"floor":24,"key":"Smiling Mask"},{"floor":29,"key":"Bag of Marbles"},{"floor":31,"key":"Orichalcum"}],"event_choices":[{"event_name":"The Cleric","player_choice":"Healed","floor":5,"damage_taken":0},{"event_name":"Addict","player_choice":"Obtained Relic","floor":20,"damage_taken":0}],"is_beta":false,"boss_relics":[{"not_picked":["Empty Cage","Busted Crown"],"picked":"Cursed Key"}],"items_purged_floors":[3,28],"is_endless":false,"potions_floor_spawned":[4,7,8,11,13,19,22,24],"killed_by":"Champ","ascension_level":18}