{"gold_per_floor":[115,134,59,4,4,4,30,30,104,122,122,133,160,29,29,105,105,121,133,153,165,178,178,197,197,197,227,227,245,274,288,288,288],"floor_reached":33,"playtime":1245,"items_purged":["Defend_R"],"score":598,"play_id":"d3997eaf-feca-49d2-b5d0-a80b6fcc399f","local_time":"20181105195230","is_ascension_mode":true,"campfire_choices":[{"data":"Bash","floor":6,"key":"SMITH"},{"data":"Twin Strike","floor":8,"key":"SMITH"},{"data":"Defend_R","floor":11,"key":"SMITH"},{"data":"Rampage","floor":15,"key":"SMITH"},{"floor":23,"key":"REST"},{"floor":25,"key":"REST"},{"floor":28,"key":"REST"},{"floor":32,"key":"REST"}],"neow_cost":"NONE","seed_source_timestamp":1729656223628969,"circlet_count":0,"master_deck":["AscendersBane","Strike_R","Strike_R","Strike_R","Strike_R","Defend_R","Defend_R","Defend_R+1","Bash+1","Rampage+1","Twin Strike+1","Clash","Disarm+1","Shrug It Off+1","Havoc+1","Demon Form","True Grit+1","Power Through+1","Spot Weakness+1","Battle Trance+1","Flex+1","Clothesline","True Grit+1","Havoc+1","Ghostly Armor+1","Havoc+1"],"relics":["Burning Blood","Letter Opener","Art of War","Toxic Egg 2","PreservedInsect","Sozu","Matryoshka","StoneCalendar","Ice Cream"],"potions_floor_usage":[7,16,22],"damage_taken":[{"damage":7,"enemies":"2 Louse","floor":1,"turns":4},{"damage":9,"enemies":"Jaw Worm","floor":2,"turns":4},{"damage":24,"enemies":"Gremlin Nob","floor":7,"turns":4},{"damage":0,"enemies":"Cultist","floor":10,"turns":2},{"damage":9,"enemies":"Gremlin Gang","floor":12,"turns":3},{"damage":35,"enemies":"3 Sentries","floor":13,"turns":8},{"damage":15,"enemies":"Hexaghost","floor":16,"turns":9},{"damage":22,"enemies":"2 Thieves","floor":18,"turns":4},{"damage":22,"enemies":"Shell Parasite","floor":19,"turns":4},{"damage":11,"enemies":"Centurion and Healer","floor":20,"turns":6},{"damage":24,"enemies":"Sentry and Sphere","floor":21,"turns":5},{"damage":10,"enemies":"Snecko","floor":22,"turns":6},{"damage":0,"enemies":"Centurion and Healer","floor":24,"turns":5},{"damage":25,"enemies":"Slavers","floor":27,"turns":6},{"damage":0,"enemies":"Snake Plant","floor":29,"turns":4},{"damage":13,"enemies":"Gremlin Leader","floor":30,"turns":4},{"damage":31,"enemies":"Cultist and Chosen","floor":31,"turns":7},{"damage":73,"enemies":"Collector","floor":33,"turns":6}],"seed_played":"845553117774843722","potions_obtained":[{"floor":1,"key":"SkillPotion"},{"floor":7,"key":"AttackPotion"},{"floor":10,"key":"SkillPotion"},{"floor":16,"key":"LiquidBronze"}],"is_trial":false,"path_per_floor":["M","M","?","$","?","R","E","R","T","M","R","M","E","$","R","B",null,"M","M","M","M","M","R","M","R","T","E","R","M","E","M","R","B"],"character_chosen":"IRONCLAD","items_purchased":["FearPotion","Havoc+1"],"campfire_rested":4,"item_purchase_floors":[4,14],"current_hp_per_floor":[74,71,71,71,71,71,53,53,53,59,59,56,27,27,27,18,66,50,34,29,11,7,31,37,61,61,42,66,72,65,40,64,0],"gold":288,"neow_bonus":"TEN_PERCENT_HP_BONUS","is_prod":false,"is_daily":false,"chose_seed":false,"campfire_upgraded":4,"win_rate":0,"timestamp":1541443950,"path_taken":["M","M","?","$","?","R","E","R","T","M","R","M","E","$","R","BOSS","M","?","?","M","M","R","M","R","T","E","R","M","E","M","R","BOSS"],"build_version":"2018-11-01","purchased_purges":1,"victory":false,"max_hp_per_floor":[82,82,82,82,82,82,82,82,82,82,82,82,82,82,82,82,82,82,82,82,82,82,82,82,82,82,82,82,82,82,82,82,82],"card_choices":[{"not_picked":["Havoc","Disarm"],"picked":"Rampage","floor":1},{"not_picked":["Wild Strike","Heavy Blade"],"picked":"Twin Strike","floor":2},{"not_picked":["Iron Wave","Armaments"],"picked":"Clash","floor":7},{"not_picked":["Pummel","Sever Soul"],"picked":"Disarm+1","floor":10},{"not_picked":["Wild Strike","Rupture"],"picked":"Shrug It Off+1","floor":12},{"not_picked":["Sword Boomerang","Reckless Charge","Heavy Blade"],"picked":"SKIP","floor":13},{"not_picked":["Barricade","Juggernaut"],"picked":"Demon Form","floor":16},{"not_picked":["Wild Strike+1","Seeing Red+1"],"picked":"True Grit+1","floor":18},{"not_picked":["Armaments+1","Anger"],"picked":"Power Through+1","floor":19},{"not_picked":["Flex+1","Thunderclap"],"picked":"Spot Weakness+1","floor":20},{"not_picked":["Sentinel+1","Headbutt"],"picked":"Battle Trance+1","floor":21},{"not_picked":["Body Slam","Warcry+1"],"picked":"Flex+1","floor":22},{"not_picked":["Feel No Pain","Wild Strike"],"picked":"Clothesline","floor":24},{"not_picked":["Armaments+1","Whirlwind"],"picked":"True Grit+1","floor":27},{"not_picked":["Clash","Sever Soul"],"picked":"Havoc+1","floor":29},{"not_picked":["Feel No Pain","Brutality"],"picked":"Ghostly Armor+1","floor":30},{"not_picked":["Rupture","Perfected Strike"],"picked":"Havoc+1","floor":31}],"player_experience":1555073,"relics_obtained":[{"floor":7,"key":"Art of War"},{"floor":9,"key":"Toxic Egg 2"},{"floor":13,"key":"PreservedInsect"},{"floor":26,"key":"Matryoshka"},{"floor":27,"key":"StoneCalendar"},{"floor":30,"key":"Ice Cream"}],"event_choices":[{"cards_removed":["Strike_R"],"damage_healed":0,"gold_gain":0,"player_choice":"Card Removal","damage_taken":0,"max_hp_gain":0,"max_hp_loss":0,"event_name":"The Cleric","floor":3,"gold_loss":75},{"damage_healed":0,"gold_gain":0,"player_choice":"Gave Potion","damage_taken":0,"relics_obtained":["Letter Opener"],"max_hp_gain":0,"max_hp_loss":0,"event_name":"WeMeetAgain","floor":5,"gold_loss":0}],"is_beta":false,"boss_relics":[{"not_picked":["Orrery","Black Blood"],"picked":"Sozu"}],"items_purged_floors":[14],"is_endless":false,"potions_floor_spawned":[1,7,10,16,21,22,27,31],"killed_by":"Collector","ascension_level":20}