{"gold_per_floor":[113,126,126,126,144,169,169,194,194,211,43,8,8,24,24,101,101,118,128,140,140,170,228,228,261,335,362,389,420,437,487,487,558,558,576,588,588,638,638,638,650,685,685,785,812,812,841,841,841,841],"floor_reached":50,"playtime":2765,"items_purged":[],"score":1278,"play_id":"fb37596f-c7df-4ff6-ace7-03476a03b524","local_time":"20190213135654","is_ascension_mode":true,"campfire_choices":[{"data":"Carnage","floor":7,"key":"SMITH"},{"data":"Shockwave","floor":13,"key":"SMITH"},{"data":"Pommel Strike","floor":15,"key":"SMITH"},{"floor":24,"key":"REST"},{"data":"Demon Form","floor":32,"key":"SMITH"},{"floor":40,"key":"REST"},{"floor":46,"key":"RECALL"},{"floor":49,"key":"REST"}],"neow_cost":"PERCENT_DAMAGE","seed_source_timestamp":2463210121129474,"circlet_count":0,"master_deck":["AscendersBane","Strike_R+1","Strike_R+1","Strike_R+1","Strike_R+1","Defend_R+1","Defend_R+1","Defend_R+1","Defend_R+1","Bash","Double Tap+1","Pommel Strike+1","Carnage+1","Clothesline","Headbutt+1","Shockwave+1","Reaper","Fiend Fire","Havoc+1","Demon Form+1","Intimidate","Infernal Blade","Reaper+1","Reaper","Armaments+1","Shrug It Off+1","Master of Strategy","Corruption+1","Corruption","Fiend Fire"],"relics":["Burning Blood","Pear","Dead Branch","Calipers","PreservedInsect","Runic Dome","Red Mask","Tiny Chest","Torii","The Courier","Bag of Marbles","War Paint","Dodecahedron","Fusion Hammer","Ice Cream","Whetstone","StoneCalendar","Ginger","Ancient Tea Set","Mercury Hourglass"],"potions_floor_usage":[14,16,18,25,29],"damage_taken":[{"damage":7,"enemies":"Cultist","floor":1,"turns":4},{"damage":14,"enemies":"Jaw Worm","floor":2,"turns":4},{"damage":0,"enemies":"Small Slimes","floor":5,"turns":3},{"damage":35,"enemies":"Lagavulin","floor":6,"turns":7},{"damage":26,"enemies":"Gremlin Nob","floor":8,"turns":4},{"damage":3,"enemies":"Looter","floor":10,"turns":2},{"damage":6,"enemies":"2 Fungi Beasts","floor":14,"turns":3},{"damage":60,"enemies":"Hexaghost","floor":16,"turns":8},{"damage":7,"enemies":"Chosen","floor":18,"turns":4},{"damage":0,"enemies":"Spheric Guardian","floor":19,"turns":1},{"damage":14,"enemies":"3 Cultists","floor":20,"turns":5},{"damage":25,"enemies":"Masked Bandits","floor":22,"turns":6},{"damage":70,"enemies":"Gremlin Leader","floor":23,"turns":8},{"damage":3,"enemies":"Slavers","floor":25,"turns":5},{"damage":25,"enemies":"Gremlin Leader","floor":27,"turns":5},{"damage":28,"enemies":"Slavers","floor":29,"turns":4},{"damage":2,"enemies":"Centurion and Healer","floor":30,"turns":3},{"damage":43,"enemies":"Collector","floor":33,"turns":8},{"damage":28,"enemies":"3 Darklings","floor":35,"turns":6},{"damage":2,"enemies":"Orb Walker","floor":36,"turns":2},{"damage":27,"enemies":"2 Orb Walkers","floor":38,"turns":4},{"damage":61,"enemies":"4 Shapes","floor":41,"turns":8},{"damage":35,"enemies":"Giant Head","floor":42,"turns":6},{"damage":7,"enemies":"Mind Bloom Boss Battle","floor":44,"turns":5},{"damage":0,"enemies":"Reptomancer","floor":45,"turns":1},{"damage":5,"enemies":"Nemesis","floor":47,"turns":3},{"damage":83,"enemies":"Awakened One","floor":50,"turns":4}],"seed_played":"-2941116652925637694","potions_obtained":[{"floor":6,"key":"SmokeBomb"},{"floor":10,"key":"BloodPotion"},{"floor":14,"key":"Dexterity Potion"},{"floor":16,"key":"AttackPotion"},{"floor":22,"key":"Block Potion"},{"floor":25,"key":"LiquidBronze"},{"floor":27,"key":"SkillPotion"},{"floor":29,"key":"Strength Potion"},{"floor":41,"key":"SteroidPotion"}],"is_trial":false,"path_per_floor":["M","M","?","T","M","E","R","E","T","M","$","?","R","M","R","B",null,"M","M","M","?","?","E","R","E","T","E","T","E","M","?","R","B",null,"M","M","?","?","?","R","M","E","T","?","E","R","E","?","R","B"],"character_chosen":"IRONCLAD","items_purchased":["PreservedInsect"],"campfire_rested":3,"item_purchase_floors":[11],"current_hp_per_floor":[49,41,66,76,82,53,53,33,33,36,36,57,57,65,65,49,76,79,85,77,77,70,30,55,66,66,61,61,63,81,81,81,55,78,85,85,81,60,50,74,70,81,81,81,81,81,81,81,81,0],"gold":841,"neow_bonus":"THREE_RARE_CARDS","is_prod":false,"is_daily":false,"chose_seed":false,"campfire_upgraded":4,"win_rate":0,"timestamp":1550062614,"path_taken":["M","?","?","?","M","E","R","E","T","M","$","?","R","M","R","BOSS","M","M","M","?","?","E","R","E","T","E","?","E","M","?","R","BOSS","M","M","?","?","?","R","M","E","T","?","E","R","E","?","R","BOSS"],"build_version":"2019-01-23","purchased_purges":0,"victory":false,"max_hp_per_floor":[75,75,75,85,85,85,85,85,85,85,85,85,85,85,85,85,85,85,85,85,85,85,85,85,85,85,85,85,85,85,85,85,85,85,85,85,81,81,81,81,81,81,81,81,81,81,81,81,81,81],"card_choices":[{"not_picked":["Barricade","Berserk"],"picked":"Double Tap","floor":0},{"not_picked":["Body Slam","Headbutt"],"picked":"Pommel Strike","floor":1},{"not_picked":["Sword Boomerang","Clash"],"picked":"Carnage","floor":2},{"not_picked":["Clash","Sever Soul","Iron Wave"],"picked":"SKIP","floor":5},{"not_picked":["Bloodletting","Clash"],"picked":"Clothesline","floor":6},{"not_picked":["Iron Wave","Fire Breathing"],"picked":"Headbutt","floor":8},{"not_picked":["Hemokinesis","Burning Pact"],"picked":"Shockwave","floor":10},{"not_picked":["Combust","Iron Wave"],"picked":"Reaper","floor":14},{"not_picked":["Dark Embrace","Barricade"],"picked":"Fiend Fire","floor":16},{"not_picked":["Heavy Blade","Thunderclap"],"picked":"Havoc","floor":18},{"not_picked":["Whirlwind","Perfected Strike"],"picked":"Demon Form","floor":19},{"not_picked":["Sword Boomerang","Cleave","Clothesline"],"picked":"SKIP","floor":20},{"not_picked":["Metallicize","Hemokinesis"],"picked":"Intimidate","floor":23},{"not_picked":["Clash","Headbutt+1","Armaments"],"picked":"SKIP","floor":25},{"not_picked":["Thunderclap","Hemokinesis","Pommel Strike"],"picked":"SKIP","floor":27},{"not_picked":["Flex","Bloodletting"],"picked":"Infernal Blade","floor":29},{"not_picked":["True Grit","Metallicize"],"picked":"Reaper","floor":30},{"not_picked":["Demon Form","Immolate"],"picked":"Reaper","floor":33},{"not_picked":["Anger","Hemokinesis+1"],"picked":"Armaments+1","floor":35},{"not_picked":["Anger","Perfected Strike","Sword Boomerang"],"picked":"SKIP","floor":36},{"not_picked":["Burning Pact","Sever Soul+1"],"picked":"Shrug It Off+1","floor":38},{"not_picked":["Dramatic Entrance","Impatience"],"picked":"Master of Strategy","floor":39},{"not_picked":["Headbutt+1","Twin Strike","Clothesline"],"picked":"SKIP","floor":41},{"not_picked":["Clash+1","Armaments","Perfected Strike"],"picked":"SKIP","floor":42},{"not_picked":["Flex","Armaments"],"picked":"Corruption+1","floor":44},{"not_picked":["Body Slam","Uppercut"],"picked":"Corruption","floor":45},{"not_picked":["Rage","Sentinel"],"picked":"Fiend Fire","floor":47}],"player_experience":1887214,"relics_obtained":[{"floor":4,"key":"Pear"},{"floor":6,"key":"Dead Branch"},{"floor":8,"key":"Calipers"},{"floor":22,"key":"Red Mask"},{"floor":23,"key":"Tiny Chest"},{"floor":25,"key":"Torii"},{"floor":26,"key":"The Courier"},{"floor":27,"key":"Bag of Marbles"},{"floor":28,"key":"War Paint"},{"floor":29,"key":"Dodecahedron"},{"floor":38,"key":"Ice Cream"},{"floor":42,"key":"Whetstone"},{"floor":43,"key":"StoneCalendar"},{"floor":44,"key":"Ginger"},{"floor":45,"key":"Ancient Tea Set"},{"floor":47,"key":"Mercury Hourglass"}],"event_choices":[{"damage_healed":25,"gold_gain":0,"player_choice":"Banana","damage_taken":0,"max_hp_gain":0,"max_hp_loss":0,"event_name":"Big Fish","floor":3,"gold_loss":0},{"damage_healed":21,"gold_gain":0,"player_choice":"Healed","damage_taken":0,"max_hp_gain":0,"max_hp_loss":0,"event_name":"The Cleric","floor":12,"gold_loss":35},{"damage_healed":0,"gold_gain":0,"player_choice":"Simplicity","damage_taken":0,"max_hp_gain":0,"max_hp_loss":0,"event_name":"Back to Basics","floor":21,"gold_loss":0,"cards_upgraded":["Strike_R","Strike_R","Strike_R","Strike_R","Strike_R","Defend_R","Defend_R","Defend_R","Defend_R"]},{"damage_healed":0,"gold_gain":0,"player_choice":"Fought Bandits","damage_taken":0,"max_hp_gain":0,"max_hp_loss":0,"event_name":"Masked Bandits","floor":22,"gold_loss":0},{"damage_healed":0,"gold_gain":50,"player_choice":"Stole From Cult","damage_taken":0,"max_hp_gain":0,"max_hp_loss":0,"event_name":"Nest","floor":31,"gold_loss":0},{"damage_healed":0,"gold_gain":0,"player_choice":"Max HP","damage_taken":0,"max_hp_gain":0,"max_hp_loss":4,"event_name":"Winding Halls","floor":37,"gold_loss":0},{"damage_healed":0,"gold_gain":0,"player_choice":"Fight","damage_taken":0,"max_hp_gain":0,"max_hp_loss":0,"event_name":"Mysterious Sphere","floor":38,"gold_loss":0},{"damage_healed":0,"gold_gain":0,"player_choice":"Memory 3","damage_taken":10,"max_hp_gain":0,"max_hp_loss":0,"event_name":"SensoryStone","floor":39,"gold_loss":0},{"damage_healed":0,"gold_gain":0,"player_choice":"Fight","damage_taken":0,"max_hp_gain":0,"max_hp_loss":0,"event_name":"MindBloom","floor":44,"gold_loss":0},{"cards_removed":["Strike_R"],"damage_healed":0,"gold_gain":0,"player_choice":"Removed Attack","damage_taken":0,"max_hp_gain":0,"max_hp_loss":0,"event_name":"Falling","floor":48,"gold_loss":0}],"is_beta":false,"boss_relics":[{"not_picked":["Astrolabe","Ectoplasm"],"picked":"Runic Dome"},{"not_picked":["Coffee Dripper","Pandora\u0027s Box"],"picked":"Fusion Hammer"}],"items_purged_floors":[],"is_endless":false,"potions_floor_spawned":[6,10,14,16,22,25,27,29,30,33,36,41,42,45,47],"killed_by":"Awakened One","ascension_level":20}