{"gold_per_floor":[111,36,36,36,36,36,67,67,67,67,81,110,35,64,64,135,135,149,424,441,457,72,72,103,103,180,206,206,46,46,61,61,138,188,207,222,239,239,239,239,267,267,267,315,335,366,366,397,397,397,397],"floor_reached":52,"playtime":2343,"items_purged":["Strike_R","Regret"],"score":2115,"play_id":"58b2b030-46f7-488e-9426-ba5c9e020952","local_time":"20181103001045","is_ascension_mode":true,"campfire_choices":[{"data":"Pommel Strike","floor":6,"key":"SMITH"},{"data":"Limit Break","floor":8,"key":"SMITH"},{"floor":10,"key":"REST"},{"floor":15,"key":"REST"},{"data":"Iron Wave","floor":23,"key":"SMITH"},{"data":"Sword Boomerang","floor":25,"key":"SMITH"},{"data":"Spot Weakness","floor":28,"key":"SMITH"},{"data":"Shrug It Off","floor":30,"key":"SMITH"},{"floor":32,"key":"REST"},{"data":"Pommel Strike","floor":40,"key":"SMITH"},{"data":"Limit Break","floor":42,"key":"SMITH"},{"data":"Shrug It Off","floor":47,"key":"SMITH"},{"data":"Offering","floor":49,"key":"SMITH"}],"neow_cost":"NONE","seed_source_timestamp":1484699059402961,"circlet_count":0,"master_deck":["AscendersBane","Defend_R+1","Defend_R+1","Defend_R+1","Bash+1","Corruption+1","Pommel Strike+1","Limit Break+1","Shrug It Off+1","Offering","Impervious+1","Inflame+1","Iron Wave+1","Spot Weakness+1","Sword Boomerang+1","Intimidate+1","Reaper+1","Limit Break+1","Spot Weakness+1","Pommel Strike+1","Shrug It Off+1","True Grit+1","Offering+1"],"relics":["Burning Blood","War Paint","Red Skull","Matryoshka","Pen Nib","Ancient Tea Set","Astrolabe","Sundial","Red Mask","Orichalcum","Paper Frog","Pocketwatch","Bag of Marbles","Tiny House","Lantern","Letter Opener","Oddly Smooth Stone","Gambling Chip","Regal Pillow","Darkstone Periapt"],"potions_floor_usage":[20],"damage_taken":[{"damage":8,"enemies":"2 Louse","floor":1,"turns":3},{"damage":31,"enemies":"Lagavulin","floor":7,"turns":8},{"damage":10,"enemies":"Small Slimes","floor":11,"turns":3},{"damage":16,"enemies":"3 Sentries","floor":12,"turns":8},{"damage":0,"enemies":"Lagavulin","floor":14,"turns":4},{"damage":20,"enemies":"The Guardian","floor":16,"turns":8},{"damage":8,"enemies":"Spheric Guardian","floor":18,"turns":4},{"damage":23,"enemies":"2 Thieves","floor":20,"turns":5},{"damage":13,"enemies":"Snake Plant","floor":21,"turns":5},{"damage":6,"enemies":"Masked Bandits","floor":24,"turns":3},{"damage":34,"enemies":"Slavers","floor":27,"turns":5},{"damage":0,"enemies":"Centurion and Healer","floor":31,"turns":3},{"damage":3,"enemies":"Champ","floor":33,"turns":6},{"damage":2,"enemies":"3 Shapes","floor":35,"turns":5},{"damage":0,"enemies":"Orb Walker","floor":36,"turns":3},{"damage":31,"enemies":"Spire Growth","floor":37,"turns":3},{"damage":6,"enemies":"Reptomancer","floor":41,"turns":4},{"damage":6,"enemies":"2 Orb Walkers","floor":44,"turns":1},{"damage":41,"enemies":"Writhing Mass","floor":45,"turns":6},{"damage":6,"enemies":"Giant Head","floor":46,"turns":4},{"damage":49,"enemies":"Reptomancer","floor":48,"turns":5},{"damage":23,"enemies":"Donu and Deca","floor":50,"turns":5},{"damage":45,"enemies":"Awakened One","floor":51,"turns":7}],"seed_played":"-3733685252143924868","potions_obtained":[{"floor":11,"key":"LiquidBronze"},{"floor":16,"key":"Block Potion"},{"floor":20,"key":"EssenceOfSteel"},{"floor":21,"key":"EntropicBrew"},{"floor":33,"key":"Block Potion"}],"is_trial":false,"path_per_floor":["M","?","?","?","?","R","E","R","T","R","M","E","$","E","R","B",null,"M","?","M","M","$","R","?","R","T","E","R","$","R","M","R","B",null,"M","M","M","?","?","R","E","R","T","?","M","E","R","E","R","B","B",null],"character_chosen":"IRONCLAD","items_purchased":["Sundial","Bag of Marbles"],"campfire_rested":3,"item_purchase_floors":[22,29],"current_hp_per_floor":[66,66,55,32,32,32,7,7,7,29,25,15,15,21,43,29,64,62,62,45,38,38,38,38,38,38,10,10,10,10,16,38,73,80,80,80,80,76,76,76,76,76,76,76,76,76,76,33,33,76,76],"gold":397,"neow_bonus":"TRANSFORM_CARD","is_prod":false,"is_daily":false,"chose_seed":false,"campfire_upgraded":10,"win_rate":0,"timestamp":1541200245,"path_taken":["M","?","?","?","?","R","E","R","T","R","?","E","?","E","R","BOSS","M","?","M","?","$","R","?","R","T","E","R","?","R","M","R","BOSS","M","M","M","?","?","R","E","R","T","?","M","E","R","E","R","BOSS","BOSS"],"build_version":"2018-11-01","purchased_purges":2,"victory":true,"max_hp_per_floor":[75,75,75,75,75,75,75,75,75,75,75,75,75,75,75,75,75,75,75,75,75,75,75,75,75,75,75,75,75,75,75,75,75,80,80,80,80,76,76,76,76,76,76,76,76,76,76,76,76,76,76],"card_choices":[{"not_picked":["Thunderclap","True Grit"],"picked":"Pommel Strike","floor":1},{"not_picked":["True Grit","Combust"],"picked":"Limit Break","floor":7},{"not_picked":["Anger","Combust"],"picked":"Shrug It Off","floor":11},{"not_picked":["Clothesline","Havoc","Fire Breathing"],"picked":"SKIP","floor":12},{"not_picked":["Ghostly Armor","Sword Boomerang"],"picked":"Offering","floor":14},{"not_picked":["Clash","Hemokinesis"],"picked":"Iron Wave","floor":18},{"not_picked":["Entrench","Inflame"],"picked":"Spot Weakness","floor":20},{"not_picked":["Clash","Wild Strike"],"picked":"Sword Boomerang","floor":21},{"not_picked":["Shockwave","Disarm"],"picked":"Intimidate+1","floor":27},{"not_picked":["Perfected Strike","Spot Weakness"],"picked":"Reaper","floor":31},{"not_picked":["Demon Form","Impervious"],"picked":"Limit Break","floor":33},{"not_picked":["Pommel Strike","Heavy Blade"],"picked":"Spot Weakness+1","floor":34},{"not_picked":["Corruption+1","Sentinel"],"picked":"Pommel Strike","floor":35},{"not_picked":["Clash","Searing Blow"],"picked":"Shrug It Off","floor":36},{"not_picked":["Headbutt","Wild Strike","Entrench"],"picked":"SKIP","floor":37},{"not_picked":["Fire Breathing","Feel No Pain","Sever Soul"],"picked":"SKIP","floor":41},{"not_picked":["Shrug It Off","Metallicize+1"],"picked":"True Grit+1","floor":44},{"not_picked":["Intimidate","Thunderclap","Iron Wave+1"],"picked":"SKIP","floor":45},{"not_picked":["Sentinel","Twin Strike"],"picked":"Offering","floor":46},{"not_picked":["Clash+1","Iron Wave","Anger"],"picked":"SKIP","floor":48}],"player_experience":1533353,"relics_obtained":[{"floor":7,"key":"Red Skull"},{"floor":9,"key":"Matryoshka"},{"floor":12,"key":"Pen Nib"},{"floor":14,"key":"Ancient Tea Set"},{"floor":24,"key":"Red Mask"},{"floor":26,"key":"Orichalcum"},{"floor":26,"key":"Paper Frog"},{"floor":27,"key":"Pocketwatch"},{"floor":41,"key":"Lantern"},{"floor":43,"key":"Letter Opener"},{"floor":43,"key":"Oddly Smooth Stone"},{"floor":44,"key":"Gambling Chip"},{"floor":46,"key":"Regal Pillow"},{"floor":48,"key":"Darkstone Periapt"}],"event_choices":[{"cards_removed":["Strike_R"],"damage_healed":0,"gold_gain":0,"player_choice":"Card Removal","damage_taken":0,"max_hp_gain":0,"max_hp_loss":0,"event_name":"The Cleric","floor":2,"gold_loss":75},{"damage_healed":0,"gold_gain":0,"player_choice":"Success","damage_taken":11,"relics_obtained":["War Paint"],"max_hp_gain":0,"max_hp_loss":0,"event_name":"Scrap Ooze","floor":3,"gold_loss":0},{"damage_healed":0,"gold_gain":0,"player_choice":"Entered Light","damage_taken":23,"max_hp_gain":0,"max_hp_loss":0,"event_name":"Shining Light","floor":4,"gold_loss":0,"cards_upgraded":["Defend_R","Corruption"]},{"damage_healed":0,"gold_gain":0,"player_choice":"Upgraded","damage_taken":0,"max_hp_gain":0,"max_hp_loss":0,"event_name":"Upgrade Shrine","floor":5,"gold_loss":0,"cards_upgraded":["Bash"]},{"damage_healed":0,"gold_gain":275,"player_choice":"Desecrate","damage_taken":0,"max_hp_gain":0,"max_hp_loss":0,"event_name":"Golden Shrine","floor":19,"gold_loss":0,"cards_obtained":["Regret"]},{"damage_healed":0,"gold_gain":0,"player_choice":"Fought Bandits","damage_taken":0,"max_hp_gain":0,"max_hp_loss":0,"event_name":"Masked Bandits","floor":24,"gold_loss":0},{"damage_healed":0,"gold_gain":0,"player_choice":"Max HP","damage_taken":0,"max_hp_gain":0,"max_hp_loss":4,"event_name":"Winding Halls","floor":38,"gold_loss":0},{"cards_removed":["Shrug It Off"],"damage_healed":0,"gold_gain":0,"player_choice":"Removed Skill","damage_taken":0,"max_hp_gain":0,"max_hp_loss":0,"event_name":"Falling","floor":39,"gold_loss":0},{"damage_healed":0,"gold_gain":0,"player_choice":"Fight","damage_taken":0,"max_hp_gain":0,"max_hp_loss":0,"event_name":"Mysterious Sphere","floor":44,"gold_loss":0}],"is_beta":false,"boss_relics":[{"not_picked":["Empty Cage","Philosopher\u0027s Stone"],"picked":"Astrolabe"},{"not_picked":["Calling Bell","Black Star"],"picked":"Tiny House"}],"items_purged_floors":[13,22],"is_endless":false,"potions_floor_spawned":[11,16,20,21,33,36,41,44],"ascension_level":20}