{"gold_per_floor":[115,40,52,69,86,86,119,119,119,146,176,176,194,266,266,344,344,361,373,373,391,441,441],"floor_reached":23,"playtime":705,"items_purged":[],"score":452,"play_id":"28436cb5-c610-408e-b18a-21ad750c9cd0","local_time":"20181025183047","is_ascension_mode":true,"campfire_choices":[{"data":"Go for the Eyes","floor":6,"key":"SMITH"},{"floor":12,"key":"REST"},{"data":"Cold Snap","floor":15,"key":"SMITH"}],"neow_cost":"NONE","seed_source_timestamp":771150967594737,"circlet_count":0,"master_deck":["Strike_B","Strike_B","Strike_B","Defend_B","Defend_B","Defend_B","Defend_B","Zap+1","Dualcast","AscendersBane","Melter","FTL","Go for the Eyes+1","Ball Lightning","Chill","Cold Snap+1","Creative AI","Echo Form","Doom and Gloom","Hologram"],"relics":["Cracked Core","Cables","Bronze Scales","Mercury Hourglass","Odd Mushroom","Happy Flower","Cursed Key","Nilry\u0027s Codex"],"potions_floor_usage":[10,21,23],"damage_taken":[{"damage":2,"enemies":"Jaw Worm","floor":1,"turns":3},{"damage":0,"enemies":"2 Louse","floor":3,"turns":1},{"damage":1,"enemies":"Cultist","floor":4,"turns":3},{"damage":14,"enemies":"Large Slime","floor":5,"turns":5},{"damage":30,"enemies":"Gremlin Nob","floor":7,"turns":4},{"damage":11,"enemies":"The Mushroom Lair","floor":10,"turns":3},{"damage":0,"enemies":"3 Sentries","floor":11,"turns":5},{"damage":0,"enemies":"Gremlin Gang","floor":13,"turns":3},{"damage":4,"enemies":"Hexaghost","floor":16,"turns":7},{"damage":0,"enemies":"Chosen","floor":18,"turns":3},{"damage":22,"enemies":"Shell Parasite","floor":19,"turns":4},{"damage":12,"enemies":"3 Cultists","floor":21,"turns":4},{"damage":15,"enemies":"Gremlin Leader","floor":23,"turns":2}],"seed_played":"1898078327401745979","potions_obtained":[{"floor":4,"key":"FocusPotion"},{"floor":5,"key":"Weak Potion"},{"floor":7,"key":"LiquidBronze"},{"floor":11,"key":"AttackPotion"},{"floor":16,"key":"GamblersBrew"},{"floor":21,"key":"Regen Potion"}],"is_trial":false,"path_per_floor":["M","?","M","M","M","R","E","?","T","?","E","R","M","?","R","B",null,"M","M","?","M","?"],"character_chosen":"DEFECT","items_purchased":[],"campfire_rested":1,"item_purchase_floors":[],"current_hp_per_floor":[62,62,62,61,47,47,17,17,17,6,6,27,27,27,27,23,59,59,37,16,4,4,0],"gold":441,"neow_bonus":"UPGRADE_CARD","is_prod":false,"is_daily":false,"chose_seed":false,"campfire_upgraded":2,"win_rate":0,"timestamp":1540485047,"path_taken":["M","?","M","M","M","R","E","?","T","?","E","R","M","?","R","BOSS","M","?","?","?","?","E"],"build_version":"2018-10-18","purchased_purges":0,"victory":false,"max_hp_per_floor":[71,71,71,71,71,71,71,71,71,71,71,71,71,71,71,71,71,71,71,71,71,71,71],"card_choices":[{"not_picked":["Rebound","Chaos"],"picked":"Melter","floor":1},{"not_picked":["Reprogram","Rebound"],"picked":"FTL","floor":3},{"not_picked":["Coolheaded","Turbo","Force Field"],"picked":"SKIP","floor":4},{"not_picked":["Hello World","Gash"],"picked":"Go for the Eyes","floor":5},{"not_picked":["Redo","Leap"],"picked":"Ball Lightning","floor":7},{"not_picked":["Streamline","Barrage"],"picked":"Chill","floor":10},{"not_picked":["Go for the Eyes","Barrage"],"picked":"Cold Snap","floor":11},{"not_picked":["Redo","Streamline"],"picked":"Creative AI","floor":13},{"not_picked":["Reboot","Amplify"],"picked":"Echo Form","floor":16},{"not_picked":["Ball Lightning","Consume"],"picked":"Doom and Gloom","floor":18},{"not_picked":["Cold Snap","Coolheaded"],"picked":"Hologram","floor":19},{"not_picked":["Hello World","Gash","Aggregate"],"picked":"SKIP","floor":21}],"player_experience":1479760,"relics_obtained":[{"floor":7,"key":"Cables"},{"floor":9,"key":"Mercury Hourglass"},{"floor":10,"key":"Odd Mushroom"},{"floor":11,"key":"Happy Flower"},{"floor":20,"key":"Nilry\u0027s Codex"}],"event_choices":[{"cards_removed":["Strike_B"],"damage_healed":0,"gold_gain":0,"player_choice":"Card Removal","damage_taken":0,"max_hp_gain":0,"max_hp_loss":0,"event_name":"The Cleric","floor":2,"gold_loss":75},{"damage_healed":0,"gold_gain":0,"player_choice":"Gave Potion","damage_taken":0,"relics_obtained":["Bronze Scales"],"max_hp_gain":0,"max_hp_loss":0,"event_name":"WeMeetAgain","floor":8,"gold_loss":0},{"damage_healed":0,"gold_gain":0,"player_choice":"Fought Mushrooms","damage_taken":0,"max_hp_gain":0,"max_hp_loss":0,"event_name":"Mushrooms","floor":10,"gold_loss":0},{"damage_healed":0,"gold_gain":72,"player_choice":"Gained Gold","damage_taken":0,"max_hp_gain":0,"max_hp_loss":0,"event_name":"Golden Wing","floor":14,"gold_loss":0},{"damage_healed":0,"gold_gain":0,"player_choice":"Obtained Book","damage_taken":21,"max_hp_gain":0,"max_hp_loss":0,"event_name":"Cursed Tome","floor":20,"gold_loss":0},{"damage_healed":0,"gold_gain":100,"player_choice":"Bet on Murderer","damage_taken":0,"max_hp_gain":0,"max_hp_loss":0,"event_name":"The Joust","floor":22,"gold_loss":50}],"is_beta":false,"boss_relics":[{"not_picked":["Busted Crown","Black Star"],"picked":"Cursed Key"}],"items_purged_floors":[],"is_endless":false,"potions_floor_spawned":[4,5,7,11,16,19,21],"killed_by":"Gremlin Leader","ascension_level":20}