{"gold_per_floor":[19,30,49,66,86,86,114,114,114,114,169,15,30,30,30,129,129,146,157,157,72,86,86,109,138,138,138,149,165,26,125,125,220,220,234,234,246,265,265],"floor_reached":39,"playtime":2301,"items_purged":["Strike_B","Strike_B"],"score":496,"play_id":"552154a3-6783-4d4b-85e4-d02cf62fdd24","local_time":"20190212004329","is_ascension_mode":true,"campfire_choices":[{"data":"Zap","floor":6,"key":"SMITH"},{"data":"Defragment","floor":8,"key":"SMITH"},{"data":"Fission","floor":15,"key":"SMITH"},{"data":"Defragment","floor":23,"key":"SMITH"},{"data":"Echo Form","floor":27,"key":"SMITH"},{"data":"Seek","floor":32,"key":"SMITH"}],"neow_cost":"NO_GOLD","seed_source_timestamp":522194271646300,"circlet_count":0,"master_deck":["Defend_B","Defend_B","Defend_B","Defend_B","Zap+1","Dualcast","Ball Lightning","Sunder","Turbo","Defragment+1","Self Repair","Core Surge","Fission+1","Defragment+1","Leap","Echo Form+1","Cold Snap","Ball Lightning","Glacier","Reinforced Body+1","Seek+1","Storm+1","Darkness","Meteor Strike","Consume+1","Barrage+1"],"relics":["Cracked Core","Ice Cream","WingedGreaves","DataDisk","Tiny Chest","Snecko Eye","Enchiridion","Darkstone Periapt","Dream Catcher","Thread and Needle","Boot","Inserter"],"potions_floor_usage":[16,25,28],"damage_taken":[{"damage":0,"enemies":"Cultist","floor":1,"turns":4},{"damage":7,"enemies":"Jaw Worm","floor":2,"turns":3},{"damage":0,"enemies":"Small Slimes","floor":3,"turns":2},{"damage":0,"enemies":"2 Fungi Beasts","floor":4,"turns":2},{"damage":3,"enemies":"3 Louse","floor":5,"turns":3},{"damage":20,"enemies":"Lagavulin","floor":7,"turns":6},{"damage":20,"enemies":"3 Sentries","floor":11,"turns":5},{"damage":6,"enemies":"Looter","floor":13,"turns":3},{"damage":26,"enemies":"Hexaghost","floor":16,"turns":8},{"damage":25,"enemies":"2 Thieves","floor":18,"turns":4},{"damage":2,"enemies":"3 Byrds","floor":19,"turns":4},{"damage":18,"enemies":"Cultist and Chosen","floor":22,"turns":4},{"damage":38,"enemies":"Slavers","floor":25,"turns":5},{"damage":13,"enemies":"Centurion and Healer","floor":28,"turns":5},{"damage":0,"enemies":"Shelled Parasite and Fungi","floor":29,"turns":8},{"damage":3,"enemies":"Collector","floor":33,"turns":6},{"damage":0,"enemies":"3 Darklings","floor":35,"turns":3},{"damage":12,"enemies":"Orb Walker","floor":37,"turns":3},{"damage":26,"enemies":"Writhing Mass","floor":38,"turns":4},{"damage":40,"enemies":"4 Shapes","floor":39,"turns":3}],"seed_played":"5676954136582534622","potions_obtained":[{"floor":1,"key":"Fire Potion"},{"floor":5,"key":"SpeedPotion"},{"floor":11,"key":"AttackPotion"},{"floor":18,"key":"FearPotion"},{"floor":25,"key":"PowerPotion"},{"floor":29,"key":"Strength Potion"}],"is_trial":false,"path_per_floor":["M","M","M","M","M","R","E","R","T","?","E","$","M","?","R","B",null,"M","M","?","?","M","R","T","E","T","R","M","M","$","?","R","B",null,"M","?","M","M","M"],"character_chosen":"DEFECT","items_purchased":["Defragment","Darkness"],"campfire_rested":0,"item_purchase_floors":[12,30],"current_hp_per_floor":[75,68,68,68,65,65,52,52,52,52,39,39,40,40,40,21,75,64,75,59,59,48,48,48,24,24,24,25,39,39,39,39,50,75,75,75,63,37,0],"gold":265,"neow_bonus":"ONE_RARE_RELIC","is_prod":false,"is_daily":false,"chose_seed":false,"campfire_upgraded":6,"win_rate":0,"timestamp":1549950209,"path_taken":["M","M","M","?","M","R","E","R","T","?","E","$","M","?","R","BOSS","M","M","?","?","M","R","?","E","T","R","M","?","?","?","R","BOSS","M","?","M","?","M"],"build_version":"2019-01-23","purchased_purges":2,"victory":false,"max_hp_per_floor":[75,75,75,75,75,75,75,75,75,75,75,75,75,75,75,75,75,75,75,75,75,75,75,75,75,75,75,75,75,75,75,75,75,75,75,75,75,75,75],"card_choices":[{"not_picked":["Skim","Coolheaded"],"picked":"Ball Lightning","floor":1},{"not_picked":["Steam","Barrage"],"picked":"Sunder","floor":2},{"not_picked":["Turbo","Go for the Eyes","Gash"],"picked":"SKIP","floor":3},{"not_picked":["Go for the Eyes","Gash"],"picked":"Turbo","floor":3},{"not_picked":["Cold Snap","Force Field"],"picked":"Defragment","floor":4},{"not_picked":["Steam Power","Chaos"],"picked":"Self Repair","floor":5},{"not_picked":["Cold Snap","Machine Learning"],"picked":"Core Surge","floor":7},{"not_picked":["BootSequence","Doom and Gloom"],"picked":"Fission","floor":11},{"not_picked":["Hologram","Melter"],"picked":"Leap","floor":13},{"not_picked":["Core Surge","Biased Cognition"],"picked":"Echo Form","floor":16},{"not_picked":["Auto Shields+1","Hologram"],"picked":"Cold Snap","floor":18},{"not_picked":["Beam Cell+1","Chaos"],"picked":"Ball Lightning","floor":19},{"not_picked":["Compile Driver","Turbo"],"picked":"Glacier","floor":22},{"not_picked":["Streamline+1","Sunder"],"picked":"Reinforced Body+1","floor":25},{"not_picked":["Streamline","Beam Cell"],"picked":"Seek","floor":28},{"not_picked":["Reprogram+1","Hello World"],"picked":"Storm+1","floor":29},{"not_picked":["Rainbow","Machine Learning"],"picked":"Meteor Strike","floor":33},{"not_picked":["BootSequence","Conserve Battery"],"picked":"Consume+1","floor":35},{"not_picked":["Rebound+1","Conserve Battery"],"picked":"Barrage+1","floor":37},{"not_picked":["Fusion","Compile Driver+1","Steam Power"],"picked":"SKIP","floor":38}],"player_experience":218211,"relics_obtained":[{"floor":7,"key":"WingedGreaves"},{"floor":9,"key":"DataDisk"},{"floor":11,"key":"Tiny Chest"},{"floor":20,"key":"Enchiridion"},{"floor":24,"key":"Dream Catcher"},{"floor":25,"key":"Thread and Needle"},{"floor":26,"key":"Boot"}],"event_choices":[{"cards_removed":["Strike_B"],"damage_healed":0,"gold_gain":0,"player_choice":"Forget","damage_taken":0,"max_hp_gain":0,"max_hp_loss":0,"event_name":"Living Wall","floor":10,"gold_loss":0},{"damage_healed":0,"gold_gain":0,"player_choice":"Leave","damage_taken":0,"max_hp_gain":0,"max_hp_loss":0,"event_name":"The Cleric","floor":14,"gold_loss":0},{"damage_healed":0,"gold_gain":0,"player_choice":"Obtained Book","damage_taken":16,"max_hp_gain":0,"max_hp_loss":0,"event_name":"Cursed Tome","floor":20,"gold_loss":0},{"damage_healed":0,"gold_gain":0,"player_choice":"Obtained Relic","damage_taken":0,"relics_obtained":["Darkstone Periapt"],"max_hp_gain":0,"max_hp_loss":0,"event_name":"Addict","floor":21,"gold_loss":85},{"damage_healed":0,"gold_gain":99,"player_choice":"Stole From Cult","damage_taken":0,"max_hp_gain":0,"max_hp_loss":0,"event_name":"Nest","floor":31,"gold_loss":0},{"cards_removed":["Strike_B"],"damage_healed":0,"gold_gain":0,"player_choice":"Offered Basic","damage_taken":0,"max_hp_gain":0,"max_hp_loss":0,"event_name":"Bonfire Elementals","floor":36,"gold_loss":0}],"is_beta":false,"boss_relics":[{"not_picked":["Calling Bell","Fusion Hammer"],"picked":"Snecko Eye"},{"not_picked":["Sozu","Runic Dome"],"picked":"Inserter"}],"items_purged_floors":[12,30],"is_endless":false,"potions_floor_spawned":[1,5,11,18,25,29,35],"killed_by":"4 Shapes","ascension_level":4}