{"gold_per_floor":[14,14,14,33,33,60,70,97,97,128,147,147,173,187,187,261,261,281,307,307,5,5,67,67,67],"floor_reached":25,"playtime":1572,"items_purged":[],"score":494,"play_id":"297a5ced-e726-47bc-aa8c-120fee2f8d4f","local_time":"20181224011439","is_ascension_mode":true,"campfire_choices":[{"data":"Reinforced Body","floor":12,"key":"SMITH"},{"data":"Dualcast","floor":15,"key":"SMITH"},{"floor":24,"key":"REST"}],"neow_cost":"NO_GOLD","seed_source_timestamp":23679128430235,"circlet_count":0,"master_deck":["AscendersBane","Strike_B","Strike_B","Strike_B","Defend_B","Defend_B","Defend_B","Defend_B","Zap+1","Dualcast+1","Reinforced Body+1","Ball Lightning","Multi-Cast","Cold Snap","Undo","Compile Driver","Hologram","Echo Form+1","Storm+1","Glacier","Defragment+1","Writhe","Sweeping Beam+1"],"relics":["Cracked Core","Gambling Chip","Meat on the Bone","Frozen Egg 2","Singing Bowl","Blue Candle","Calipers","Nuclear Battery","Red Mask","Art of War","Bag of Marbles","Tiny Chest"],"potions_floor_usage":[8,14,19,23,23],"damage_taken":[{"damage":2,"enemies":"Jaw Worm","floor":1,"turns":4},{"damage":0,"enemies":"Small Slimes","floor":4,"turns":2},{"damage":20,"enemies":"Lagavulin","floor":6,"turns":10},{"damage":0,"enemies":"2 Louse","floor":7,"turns":2},{"damage":4,"enemies":"Gremlin Nob","floor":8,"turns":3},{"damage":20,"enemies":"Lagavulin","floor":10,"turns":10},{"damage":1,"enemies":"Looter","floor":11,"turns":4},{"damage":4,"enemies":"Gremlin Nob","floor":13,"turns":4},{"damage":1,"enemies":"3 Louse","floor":14,"turns":4},{"damage":15,"enemies":"The Guardian","floor":16,"turns":13},{"damage":21,"enemies":"Shell Parasite","floor":18,"turns":6},{"damage":0,"enemies":"Masked Bandits","floor":19,"turns":2},{"damage":45,"enemies":"Book of Stabbing","floor":23,"turns":4},{"damage":51,"enemies":"Slavers","floor":25,"turns":6}],"seed_played":"5563994013606962195","potions_obtained":[{"floor":1,"key":"Fruit Juice"},{"floor":6,"key":"PowerPotion"},{"floor":10,"key":"AttackPotion"},{"floor":14,"key":"Explosive Potion"},{"floor":16,"key":"LiquidBronze"}],"is_trial":false,"path_per_floor":["M","?","?","M","?","E","M","E","T","E","M","R","E","M","R","B",null,"M","?","?","$","?","E","R","E"],"character_chosen":"DEFECT","items_purchased":["Defragment+1","Art of War","AttackPotion"],"campfire_rested":1,"item_purchase_floors":[21,21,21],"current_hp_per_floor":[62,62,62,62,55,35,47,43,43,37,50,50,46,50,50,47,72,51,53,53,53,53,20,44,0],"gold":67,"neow_bonus":"ONE_RARE_RELIC","is_prod":false,"is_daily":false,"chose_seed":false,"campfire_upgraded":2,"win_rate":0,"timestamp":1545610479,"path_taken":["M","?","?","M","?","E","?","E","T","E","M","R","E","M","R","BOSS","M","?","?","$","?","E","R","E"],"build_version":"2018-12-20","purchased_purges":0,"victory":false,"max_hp_per_floor":[71,71,71,71,71,71,71,71,71,73,75,75,75,80,80,80,80,80,82,82,82,82,82,82,82],"card_choices":[{"not_picked":["Scrape","Steam"],"picked":"Reinforced Body","floor":1},{"not_picked":["Turbo","Hologram"],"picked":"Ball Lightning","floor":4},{"not_picked":["Conserve Battery","Lockon"],"picked":"Multi-Cast","floor":6},{"not_picked":["Redo","Turbo"],"picked":"Cold Snap","floor":7},{"not_picked":["Gash","Doom and Gloom"],"picked":"Undo","floor":8},{"not_picked":["Meteor Strike","Blizzard","Beam Cell"],"picked":"Singing Bowl","floor":10},{"not_picked":["Turbo","Steam","Conserve Battery"],"picked":"Singing Bowl","floor":11},{"not_picked":["Coolheaded","Sweeping Beam"],"picked":"Compile Driver","floor":13},{"not_picked":["Compile Driver","Chaos"],"picked":"Hologram","floor":14},{"not_picked":["Meteor Strike","Thunder Strike"],"picked":"Echo Form+1","floor":16},{"not_picked":["Scrape","Fusion"],"picked":"Storm+1","floor":18},{"not_picked":["Redo","Sweeping Beam","Barrage+1"],"picked":"Singing Bowl","floor":19},{"not_picked":["Compile Driver","All For One"],"picked":"Sweeping Beam+1","floor":23}],"player_experience":1700349,"relics_obtained":[{"floor":6,"key":"Meat on the Bone"},{"floor":8,"key":"Frozen Egg 2"},{"floor":9,"key":"Singing Bowl"},{"floor":10,"key":"Blue Candle"},{"floor":13,"key":"Calipers"},{"floor":19,"key":"Red Mask"},{"floor":23,"key":"Tiny Chest"}],"event_choices":[{"damage_healed":0,"gold_gain":0,"player_choice":"Leave","damage_taken":0,"max_hp_gain":0,"max_hp_loss":0,"event_name":"The Cleric","floor":2,"gold_loss":0},{"damage_healed":0,"gold_gain":0,"player_choice":"Grow","damage_taken":0,"max_hp_gain":0,"max_hp_loss":0,"event_name":"Living Wall","floor":3,"gold_loss":0,"cards_upgraded":["Zap"]},{"cards_removed":["Strike_B"],"damage_healed":0,"gold_gain":0,"player_choice":"Card Removal","damage_taken":7,"max_hp_gain":0,"max_hp_loss":0,"event_name":"Golden Wing","floor":5,"gold_loss":0},{"damage_healed":0,"gold_gain":0,"player_choice":"Fought Bandits","damage_taken":0,"max_hp_gain":0,"max_hp_loss":0,"event_name":"Masked Bandits","floor":19,"gold_loss":0},{"damage_healed":0,"gold_gain":0,"player_choice":"Read","damage_taken":0,"max_hp_gain":0,"max_hp_loss":0,"event_name":"The Library","floor":20,"gold_loss":0,"cards_obtained":["Glacier"]},{"damage_healed":0,"gold_gain":0,"player_choice":"Opened","damage_taken":0,"relics_obtained":["Bag of Marbles"],"max_hp_gain":0,"max_hp_loss":0,"event_name":"The Mausoleum","floor":22,"gold_loss":0,"cards_obtained":["Writhe"]}],"is_beta":false,"boss_relics":[{"not_picked":["Runic Dome","Philosopher\u0027s Stone"],"picked":"Nuclear Battery"}],"items_purged_floors":[],"is_endless":false,"potions_floor_spawned":[1,6,10,14,16,18],"killed_by":"Slavers","ascension_level":20}