{"gold_per_floor":[111,111,41,109,109,136,136,170,243,274,289,301,301,316,316,419,419,439,439,439,439,113,113,124,124,149,168,168,179,24,41,41,143,143,160,177,177,195,2,2],"floor_reached":40,"playtime":1989,"items_purged":["Regret"],"score":605,"play_id":"83c476c1-a1fa-4582-9d94-14d8df4db0f5","local_time":"20190310224806","is_ascension_mode":true,"campfire_choices":[{"data":"Havoc","floor":7,"key":"SMITH"},{"data":"Rampage","floor":13,"key":"SMITH"},{"data":"Burning Pact","floor":15,"key":"SMITH"},{"data":"Armaments","floor":23,"key":"SMITH"},{"data":"Dark Embrace","floor":25,"key":"SMITH"},{"data":"Corruption","floor":32,"key":"SMITH"}],"neow_cost":"NONE","seed_source_timestamp":41812093707749,"circlet_count":0,"master_deck":["Defend_R","Defend_R","Defend_R","Bash","Shockwave","Rampage+1","Havoc+1","Inflame","Headbutt","Sentinel","Clash","Burning Pact+1","Dark Embrace+1","Clumsy","Injury","Armaments+1","Bite","Bite","Bite","Bite","Bite","Second Wind","Whirlwind","Corruption+1","Shrug It Off","Double Tap","Shrug It Off","Panache","Body Slam"],"relics":["Black Blood","NeowsBlessing","Mummified Hand","Ancient Tea Set","Nunchaku","Dodecahedron","Lantern","Calling Bell","Orichalcum","Pear","Ginger","Shuriken","Bottled Lightning","Pen Nib","Bag of Marbles"],"potions_floor_usage":[24,33,33,40],"damage_taken":[{"damage":0,"enemies":"Jaw Worm","floor":1,"turns":1},{"damage":0,"enemies":"3 Sentries","floor":6,"turns":1},{"damage":0,"enemies":"Gremlin Nob","floor":8,"turns":1},{"damage":25,"enemies":"Lagavulin","floor":10,"turns":5},{"damage":0,"enemies":"Cultist","floor":11,"turns":3},{"damage":6,"enemies":"Small Slimes","floor":12,"turns":2},{"damage":10,"enemies":"Gremlin Gang","floor":14,"turns":3},{"damage":22,"enemies":"The Guardian","floor":16,"turns":7},{"damage":15,"enemies":"Chosen","floor":18,"turns":5},{"damage":41,"enemies":"3 Byrds","floor":24,"turns":7},{"damage":21,"enemies":"Snake Plant","floor":27,"turns":4},{"damage":8,"enemies":"Centurion and Healer","floor":29,"turns":4},{"damage":5,"enemies":"3 Cultists","floor":31,"turns":4},{"damage":0,"enemies":"Champ","floor":33,"turns":4},{"damage":42,"enemies":"3 Darklings","floor":35,"turns":5},{"damage":12,"enemies":"3 Shapes","floor":36,"turns":3},{"damage":19,"enemies":"Writhing Mass","floor":38,"turns":4},{"damage":66,"enemies":"Nemesis","floor":40,"turns":7}],"seed_played":"6952385753988714570","potions_obtained":[{"floor":8,"key":"AttackPotion"},{"floor":10,"key":"Swift Potion"},{"floor":16,"key":"SpeedPotion"},{"floor":18,"key":"BloodPotion"},{"floor":27,"key":"SmokeBomb"},{"floor":35,"key":"Weak Potion"},{"floor":38,"key":"Dexterity Potion"}],"is_trial":false,"path_per_floor":["M","?","$","T","?","E","R","E","T","E","M","M","R","M","R","B",null,"M","?","T","?","$","R","M","R","T","M","?","M","$","M","R","B",null,"M","M","?","M","$","E"],"character_chosen":"IRONCLAD","items_purchased":["Rampage","Bottled Lightning","Bag of Marbles","Panache","Body Slam"],"campfire_rested":0,"item_purchase_floors":[3,22,30,39,39],"current_hp_per_floor":[80,80,80,80,80,80,80,80,80,61,67,67,67,63,63,47,90,81,63,63,63,63,63,40,40,40,37,26,40,40,48,48,59,68,47,52,52,53,53,0],"gold":2,"neow_bonus":"THREE_ENEMY_KILL","is_prod":false,"is_daily":false,"chose_seed":false,"campfire_upgraded":6,"win_rate":0,"timestamp":1552225686,"path_taken":["M","?","$","?","?","E","R","E","T","E","M","?","R","M","R","BOSS","M","?","?","?","$","R","M","R","T","M","?","M","$","?","R","BOSS","M","M","?","M","$","E"],"build_version":"2019-01-23","purchased_purges":1,"victory":false,"max_hp_per_floor":[80,80,80,80,80,80,80,80,80,80,80,80,80,80,80,80,90,90,63,63,63,63,63,63,63,63,63,68,68,68,68,68,68,68,68,68,68,68,68,68],"card_choices":[{"not_picked":["Clash","Rupture","Shockwave"],"picked":"SKIP","floor":1},{"not_picked":["Exhume","Flex"],"picked":"Havoc","floor":6},{"not_picked":["Barricade","Body Slam"],"picked":"Inflame","floor":8},{"not_picked":["Shrug It Off","Sword Boomerang"],"picked":"Headbutt","floor":10},{"not_picked":["Heavy Blade","Power Through"],"picked":"Sentinel","floor":11},{"not_picked":["Twin Strike","Body Slam"],"picked":"Clash","floor":12},{"not_picked":["Bludgeon","Clothesline"],"picked":"Burning Pact","floor":14},{"not_picked":["Offering","Brutality"],"picked":"Dark Embrace","floor":16},{"not_picked":["Dropkick","Cleave"],"picked":"Armaments","floor":18},{"not_picked":["Anger","True Grit"],"picked":"Whirlwind","floor":24},{"not_picked":["Wild Strike+1","Clash"],"picked":"Corruption","floor":27},{"not_picked":["Twin Strike","Rage","Havoc"],"picked":"SKIP","floor":29},{"not_picked":["Rage+1","Cleave"],"picked":"Shrug It Off","floor":31},{"not_picked":["Demon Form","Fiend Fire"],"picked":"Double Tap","floor":33},{"not_picked":["Havoc","Sword Boomerang+1","Clash+1"],"picked":"SKIP","floor":35},{"not_picked":["Perfected Strike","Pommel Strike"],"picked":"Shrug It Off","floor":38}],"player_experience":286123,"relics_obtained":[{"floor":4,"key":"Mummified Hand"},{"floor":6,"key":"Ancient Tea Set"},{"floor":8,"key":"Nunchaku"},{"floor":9,"key":"Dodecahedron"},{"floor":10,"key":"Lantern"},{"floor":17,"key":"Orichalcum"},{"floor":17,"key":"Pear"},{"floor":17,"key":"Ginger"},{"floor":20,"key":"Shuriken"},{"floor":26,"key":"Pen Nib"}],"event_choices":[{"damage_healed":0,"gold_gain":0,"cards_transformed":["Defend_R"],"player_choice":"Transformed","damage_taken":0,"max_hp_gain":0,"max_hp_loss":0,"event_name":"Transmorgrifier","floor":2,"gold_loss":0,"cards_obtained":["Shockwave"]},{"cards_removed":["Strike_R"],"damage_healed":0,"gold_gain":0,"player_choice":"Purged","damage_taken":0,"max_hp_gain":0,"max_hp_loss":0,"event_name":"Purifier","floor":5,"gold_loss":0},{"damage_healed":0,"gold_gain":0,"player_choice":"Became a vampire","damage_taken":0,"max_hp_gain":0,"max_hp_loss":27,"event_name":"Vampires","floor":19,"gold_loss":0,"cards_obtained":["Bite","Bite","Bite","Bite","Bite"]},{"damage_healed":0,"gold_gain":0,"player_choice":"Read","damage_taken":0,"max_hp_gain":0,"max_hp_loss":0,"event_name":"The Library","floor":21,"gold_loss":0,"cards_obtained":["Second Wind"]},{"damage_healed":0,"gold_gain":0,"player_choice":"Shed Blood","damage_taken":16,"max_hp_gain":5,"max_hp_loss":0,"event_name":"Forgotten Altar","floor":28,"gold_loss":0},{"damage_healed":0,"gold_gain":0,"player_choice":"0 cards matched","damage_taken":0,"max_hp_gain":0,"max_hp_loss":0,"event_name":"Match and Keep!","floor":37,"gold_loss":0,"cards_obtained":[]}],"is_beta":false,"boss_relics":[{"not_picked":["Busted Crown","Black Star"],"picked":"Calling Bell"},{"not_picked":["Fusion Hammer","Velvet Choker"],"picked":"Black Blood"}],"items_purged_floors":[22],"is_endless":false,"potions_floor_spawned":[8,10,16,18,27,29,35,38],"killed_by":"Nemesis","ascension_level":3}