{"gold_per_floor":[115,129,141,40,60,88,88,88,140,159,159,159,159,234,234,306,306,320,331,331,56,72,72,89,89,89,115,128,128,53,53,53,127,127,143,193,18,33,0,31,65,65,65,65,96,127,154,254,254,254,254,254,127,160,160],"floor_reached":56,"playtime":5237,"items_purged":["Strike_B","Strike_B","Defend_B"],"score":2260,"play_id":"0a9a7b57-e2ae-4f4c-b43e-5b2a899dfdcc","local_time":"20190221174131","is_ascension_mode":true,"campfire_choices":[{"floor":8,"key":"REST"},{"data":"Hologram","floor":11,"key":"SMITH"},{"data":"Genetic Algorithm","floor":13,"key":"SMITH"},{"floor":15,"key":"REST"},{"floor":23,"key":"REST"},{"floor":25,"key":"REST"},{"data":"Echo Form","floor":32,"key":"SMITH"},{"floor":44,"key":"RECALL"},{"floor":49,"key":"REST"},{"floor":52,"key":"REST"}],"neow_cost":"NONE","seed_source_timestamp":28516113020005,"circlet_count":0,"master_deck":["AscendersBane","Defend_B","Go for the Eyes+1","Hyperbeam+1","Multi-Cast+1","Conserve Battery+1","Cold Snap+1","Core Surge","Conserve Battery+1","Hologram+1","Genetic Algorithm+1","Echo Form+1","Undo","Cold Snap","Conserve Battery","Skim+1","Echo Form","Ball Lightning+1","Genetic Algorithm+1","Thunder Strike","Skim+1","Glacier+1","Turbo+1"],"relics":["Astrolabe","Sundial","War Paint","Bronze Scales","Snecko Eye","Orichalcum","WingedGreaves","Toxic Egg 2","Cables","Fusion Hammer","Red Mask","Turnip","Torii","Centennial Puzzle","Mummified Hand","Blue Candle","Bird Faced Urn","Ornamental Fan"],"potions_floor_usage":[16,33,41,55,55],"damage_taken":[{"damage":0,"enemies":"Cultist","floor":1,"turns":3},{"damage":0,"enemies":"Small Slimes","floor":2,"turns":1},{"damage":0,"enemies":"Jaw Worm","floor":3,"turns":3},{"damage":2,"enemies":"Lots of Slimes","floor":5,"turns":3},{"damage":28,"enemies":"Gremlin Nob","floor":6,"turns":6},{"damage":0,"enemies":"Exordium Thugs","floor":10,"turns":3},{"damage":1,"enemies":"Slime Boss","floor":16,"turns":8},{"damage":8,"enemies":"3 Byrds","floor":18,"turns":3},{"damage":12,"enemies":"2 Thieves","floor":19,"turns":3},{"damage":17,"enemies":"Centurion and Healer","floor":22,"turns":4},{"damage":0,"enemies":"Shelled Parasite and Fungi","floor":24,"turns":4},{"damage":0,"enemies":"Gremlin Leader","floor":27,"turns":6},{"damage":0,"enemies":"Sentry and Sphere","floor":28,"turns":3},{"damage":24,"enemies":"Automaton","floor":33,"turns":11},{"damage":0,"enemies":"3 Shapes","floor":35,"turns":2},{"damage":0,"enemies":"3 Darklings","floor":38,"turns":1},{"damage":0,"enemies":"Giant Head","floor":40,"turns":10},{"damage":14,"enemies":"Nemesis","floor":41,"turns":7},{"damage":1,"enemies":"Giant Head","floor":45,"turns":8},{"damage":0,"enemies":"Reptomancer","floor":46,"turns":7},{"damage":0,"enemies":"Giant Head","floor":47,"turns":9},{"damage":0,"enemies":"Mind Bloom Boss Battle","floor":48,"turns":5},{"damage":0,"enemies":"Time Eater","floor":50,"turns":10},{"damage":15,"enemies":"Shield and Spear","floor":54,"turns":9},{"damage":6,"enemies":"The Heart","floor":55,"turns":11}],"seed_played":"-3195107633891705295","potions_obtained":[{"floor":2,"key":"SpeedPotion"},{"floor":6,"key":"Poison Potion"},{"floor":27,"key":"PowerPotion"},{"floor":40,"key":"Regen Potion"},{"floor":41,"key":"Strength Potion"},{"floor":47,"key":"Ancient Potion"}],"is_trial":false,"path_per_floor":["M","M","M","$","M","E","?","R","T","M","R","?","R","?","R","B",null,"M","M","?","$","M","R","M","R","T","E","M","T","?","?","R","B",null,"M","?","$","M","?","E","E","?","T","R","E","E","E","?","R","B",null,"R","$","E","B",null],"character_chosen":"DEFECT","items_purchased":["Conserve Battery","Conserve Battery","Orichalcum","Weak Potion","Glacier+1","SpeedPotion"],"campfire_rested":6,"item_purchase_floors":[4,21,21,37,53,53],"current_hp_per_floor":[64,64,64,64,62,34,13,34,34,34,34,29,29,18,39,38,63,55,43,43,43,26,47,47,68,68,68,68,68,68,68,68,44,64,64,57,57,57,57,57,58,58,58,58,57,57,57,57,71,71,71,71,71,58,58],"gold":160,"neow_bonus":"BOSS_RELIC","is_prod":false,"is_daily":false,"chose_seed":false,"campfire_upgraded":3,"win_rate":0,"timestamp":1550788891,"path_taken":["M","M","M","$","?","E","?","R","T","M","R","?","R","?","R","BOSS","M","M","?","$","M","R","M","R","T","E","?","?","?","?","R","BOSS","M","?","?","?","?","E","E","?","T","R","E","E","E","?","R","BOSS","R","$","E","BOSS"],"build_version":"2019-01-23","purchased_purges":3,"victory":true,"max_hp_per_floor":[71,71,71,71,71,71,71,71,71,71,71,71,71,71,71,71,71,71,71,71,71,71,71,71,71,71,71,71,71,71,71,71,71,71,71,71,71,71,71,71,71,71,71,71,71,71,71,71,71,71,71,71,71,71,71],"card_choices":[{"not_picked":["Reprogram","Barrage"],"picked":"Conserve Battery","floor":1},{"not_picked":["Go for the Eyes","Steam"],"picked":"Cold Snap","floor":2},{"not_picked":["Chill","Ball Lightning"],"picked":"Core Surge","floor":3},{"not_picked":["Compile Driver","Beam Cell"],"picked":"Hologram","floor":5},{"not_picked":["Compile Driver","Hologram","Redo"],"picked":"SKIP","floor":6},{"not_picked":["Chill","Hello World"],"picked":"Genetic Algorithm","floor":10},{"not_picked":["Seek","Reboot"],"picked":"Echo Form","floor":16},{"not_picked":["Sweeping Beam","Turbo"],"picked":"Undo","floor":18},{"not_picked":["Stack","Compile Driver","Coolheaded"],"picked":"SKIP","floor":19},{"not_picked":["Reinforced Body","Tempest"],"picked":"Skim+1","floor":22},{"not_picked":["Double Energy","Turbo","Gash"],"picked":"SKIP","floor":24},{"not_picked":["Sweeping Beam","Rebound","Gash"],"picked":"SKIP","floor":27},{"not_picked":["Sweeping Beam","Rebound","Gash"],"picked":"SKIP","floor":27},{"not_picked":["Heatsinks","Barrage","Cold Snap"],"picked":"SKIP","floor":28},{"not_picked":["Heatsinks","Barrage","Cold Snap"],"picked":"SKIP","floor":28},{"not_picked":["Biased Cognition","Buffer"],"picked":"Echo Form","floor":33},{"not_picked":["Capacitor+1","Rebound+1"],"picked":"Ball Lightning+1","floor":35},{"not_picked":["Scrape","Beam Cell+1"],"picked":"Genetic Algorithm+1","floor":38},{"not_picked":["Sunder","Scrape"],"picked":"Thunder Strike","floor":40},{"not_picked":["Stack+1","Auto Shields+1","Leap+1"],"picked":"SKIP","floor":41},{"not_picked":["Cold Snap","Gash","Barrage+1"],"picked":"SKIP","floor":45},{"not_picked":["Beam Cell","Chill+1","Streamline"],"picked":"SKIP","floor":46},{"not_picked":["Barrage","Chill+1"],"picked":"Skim+1","floor":47},{"not_picked":["Cold Snap","Rebound"],"picked":"Turbo+1","floor":54}],"player_experience":1707321,"relics_obtained":[{"floor":6,"key":"Sundial"},{"floor":9,"key":"War Paint"},{"floor":26,"key":"WingedGreaves"},{"floor":27,"key":"Toxic Egg 2"},{"floor":29,"key":"Cables"},{"floor":40,"key":"Turnip"},{"floor":41,"key":"Torii"},{"floor":45,"key":"Centennial Puzzle"},{"floor":46,"key":"Mummified Hand"},{"floor":47,"key":"Blue Candle"},{"floor":48,"key":"Bird Faced Urn"},{"floor":54,"key":"Ornamental Fan"}],"event_choices":[{"damage_healed":0,"gold_gain":0,"player_choice":"Entered Light","damage_taken":21,"max_hp_gain":0,"max_hp_loss":0,"event_name":"Shining Light","floor":7,"gold_loss":0,"cards_upgraded":["Conserve Battery","Cold Snap"]},{"damage_healed":0,"gold_gain":0,"player_choice":"Success","damage_taken":5,"relics_obtained":["Bronze Scales"],"max_hp_gain":0,"max_hp_loss":0,"event_name":"Scrap Ooze","floor":12,"gold_loss":0},{"damage_healed":0,"gold_gain":75,"player_choice":"Gather Gold","damage_taken":11,"max_hp_gain":0,"max_hp_loss":0,"event_name":"World of Goop","floor":14,"gold_loss":0},{"damage_healed":0,"gold_gain":0,"cards_transformed":["Strike_B"],"player_choice":"Transformed","damage_taken":0,"max_hp_gain":0,"max_hp_loss":0,"event_name":"Transmorgrifier","floor":20,"gold_loss":0,"cards_obtained":["Cold Snap"]},{"cards_removed":["Zap"],"damage_healed":0,"gold_gain":0,"player_choice":"Gave Gold","damage_taken":0,"max_hp_gain":0,"max_hp_loss":0,"event_name":"Beggar","floor":30,"gold_loss":75},{"damage_healed":0,"gold_gain":50,"player_choice":"Touch","damage_taken":7,"max_hp_gain":0,"max_hp_loss":0,"event_name":"FaceTrader","floor":36,"gold_loss":0},{"damage_healed":0,"gold_gain":0,"player_choice":"Paid","damage_taken":0,"relics_obtained":["Red Mask"],"max_hp_gain":0,"max_hp_loss":0,"event_name":"Tomb of Lord Red Mask","floor":39,"gold_loss":33},{"cards_removed":["Defend_B"],"damage_healed":0,"gold_gain":0,"player_choice":"Removed Skill","damage_taken":0,"max_hp_gain":0,"max_hp_loss":0,"event_name":"Falling","floor":42,"gold_loss":0},{"damage_healed":0,"gold_gain":0,"player_choice":"Fight","damage_taken":0,"max_hp_gain":0,"max_hp_loss":0,"event_name":"MindBloom","floor":48,"gold_loss":0}],"is_beta":false,"boss_relics":[{"not_picked":["Runic Dome","Busted Crown"],"picked":"Snecko Eye"},{"not_picked":["Runic Pyramid","Inserter"],"picked":"Fusion Hammer"}],"items_purged_floors":[4,21,37],"is_endless":false,"potions_floor_spawned":[2,6,10,27,28,40,41,46,47],"ascension_level":15}