{"gold_per_floor":[119,130,143,65,82,82,115,115,139,164,164,164,177,177,177,305,305,329,428,428,447,463,463,503,527,527,527,542,398,459,475,475,595,595],"floor_reached":34,"playtime":3020,"items_purged":["Strike_R"],"score":462,"play_id":"313b010f-5043-48f2-8f26-4a74fd45cc22","local_time":"20190306132946","is_ascension_mode":true,"campfire_choices":[{"data":"Uppercut","floor":6,"key":"SMITH"},{"data":"True Grit","floor":8,"key":"SMITH"},{"data":"Body Slam","floor":12,"key":"SMITH"},{"floor":15,"key":"REST"},{"data":"Whirlwind","floor":23,"key":"SMITH"},{"data":"Disarm","floor":27,"key":"SMITH"},{"floor":32,"key":"REST"}],"neow_cost":"NONE","seed_source_timestamp":9873101527463,"circlet_count":0,"master_deck":["Bash","Rampage","Battle Trance","Uppercut+1","Shrug It Off+1","True Grit+1","Body Slam+1","Impervious","Flame Barrier","Battle Trance","Whirlwind+1","Corruption+1","Disarm+1","Evolve","Feel No Pain+1","Dark Embrace","Barricade","Dropkick","Anger","Limit Break","Sever Soul","Clash","Flex","Second Wind","Demon Form"],"relics":["Burning Blood","Potion Belt","War Paint","Red Skull","Golden Idol","Runic Dome","StoneCalendar","Boot","Tiny Chest","Pandora\u0027s Box"],"potions_floor_usage":[18,33],"damage_taken":[{"damage":0,"enemies":"Small Slimes","floor":1,"turns":3},{"damage":4,"enemies":"Jaw Worm","floor":2,"turns":5},{"damage":3,"enemies":"2 Louse","floor":3,"turns":3},{"damage":4,"enemies":"Looter","floor":5,"turns":3},{"damage":42,"enemies":"3 Sentries","floor":7,"turns":11},{"damage":25,"enemies":"Gremlin Nob","floor":10,"turns":4},{"damage":18,"enemies":"Exordium Thugs","floor":13,"turns":5},{"damage":24,"enemies":"Hexaghost","floor":16,"turns":10},{"damage":38,"enemies":"3 Byrds","floor":18,"turns":8},{"damage":0,"enemies":"Chosen","floor":21,"turns":4},{"damage":9,"enemies":"3 Cultists","floor":22,"turns":5},{"damage":18,"enemies":"Book of Stabbing","floor":24,"turns":6},{"damage":3,"enemies":"Cultist and Chosen","floor":25,"turns":4},{"damage":6,"enemies":"Snake Plant","floor":28,"turns":3},{"damage":32,"enemies":"Gremlin Leader","floor":30,"turns":7},{"damage":3,"enemies":"Snecko","floor":31,"turns":3},{"damage":22,"enemies":"Champ","floor":33,"turns":13}],"seed_played":"-1144441128591905820","potions_obtained":[{"floor":1,"key":"SpeedPotion"},{"floor":3,"key":"Energy Potion"},{"floor":10,"key":"Energy Potion"},{"floor":21,"key":"SkillPotion"},{"floor":25,"key":"BloodPotion"},{"floor":30,"key":"Fire Potion"},{"floor":33,"key":"GamblersBrew"}],"is_trial":false,"path_per_floor":["M","M","M","$","M","R","E","R","T","E","?","R","M","?","R","B",null,"M","?","?","M","M","R","E","M","T","R","M","$","E","M","R","B",null],"character_chosen":"IRONCLAD","items_purchased":["Shrug It Off","True Grit","Evolve"],"campfire_rested":2,"item_purchase_floors":[4,4,29],"current_hp_per_floor":[88,88,88,88,88,88,52,52,52,33,33,33,21,21,45,27,81,49,49,49,55,52,52,40,43,43,43,43,43,17,20,44,28,81],"gold":595,"neow_bonus":"TEN_PERCENT_HP_BONUS","is_prod":false,"is_daily":false,"chose_seed":false,"campfire_upgraded":5,"win_rate":0,"timestamp":1551871786,"path_taken":["M","M","M","$","M","R","E","R","T","E","?","R","M","?","R","BOSS","M","?","?","M","M","R","E","M","T","R","M","$","E","M","R","BOSS"],"build_version":"2019-01-23","purchased_purges":1,"victory":false,"max_hp_per_floor":[88,88,88,88,88,88,88,88,88,88,81,81,81,81,81,81,81,81,81,81,81,81,81,81,81,81,81,81,81,81,81,81,81,81],"card_choices":[{"not_picked":["Body Slam","Thunderclap"],"picked":"Rampage","floor":1},{"not_picked":["Havoc","Flex"],"picked":"Battle Trance","floor":2},{"not_picked":["Headbutt","Shrug It Off"],"picked":"Uppercut","floor":3},{"not_picked":["Clash","Armaments","Thunderclap"],"picked":"SKIP","floor":5},{"not_picked":["Exhume","Sever Soul","Clothesline"],"picked":"SKIP","floor":7},{"not_picked":["Searing Blow","Feel No Pain"],"picked":"Body Slam","floor":10},{"not_picked":["Clothesline","Warcry","Rage"],"picked":"SKIP","floor":13},{"not_picked":["Double Tap","Brutality"],"picked":"Impervious","floor":16},{"not_picked":["Thunderclap+1","Whirlwind+1"],"picked":"Flame Barrier","floor":18},{"not_picked":["True Grit","Thunderclap"],"picked":"Whirlwind","floor":21},{"not_picked":["Dropkick","Warcry","Pommel Strike"],"picked":"SKIP","floor":22},{"not_picked":["Shrug It Off","Thunderclap"],"picked":"Corruption+1","floor":24},{"not_picked":["Body Slam","Battle Trance"],"picked":"Disarm","floor":25},{"not_picked":["Pommel Strike","Warcry","Iron Wave+1"],"picked":"SKIP","floor":28},{"not_picked":["Anger","Burning Pact"],"picked":"Feel No Pain+1","floor":30},{"not_picked":["Combust","Twin Strike"],"picked":"Dark Embrace","floor":31},{"not_picked":["Berserk","Demon Form"],"picked":"Barricade","floor":33}],"player_experience":672028,"relics_obtained":[{"floor":7,"key":"Potion Belt"},{"floor":9,"key":"War Paint"},{"floor":10,"key":"Red Skull"},{"floor":24,"key":"StoneCalendar"},{"floor":26,"key":"Boot"},{"floor":30,"key":"Tiny Chest"}],"event_choices":[{"damage_healed":0,"gold_gain":0,"player_choice":"Lose Max HP","damage_taken":0,"relics_obtained":["Golden Idol"],"max_hp_gain":0,"max_hp_loss":7,"event_name":"Golden Idol","floor":11,"gold_loss":0},{"damage_healed":0,"gold_gain":0,"player_choice":"Ignored","damage_taken":0,"max_hp_gain":0,"max_hp_loss":0,"event_name":"Liars Game","floor":14,"gold_loss":0},{"damage_healed":0,"gold_gain":99,"player_choice":"Stole From Cult","damage_taken":0,"max_hp_gain":0,"max_hp_loss":0,"event_name":"Nest","floor":19,"gold_loss":0},{"damage_healed":0,"gold_gain":0,"player_choice":"Read","damage_taken":0,"max_hp_gain":0,"max_hp_loss":0,"event_name":"The Library","floor":20,"gold_loss":0,"cards_obtained":["Battle Trance"]}],"is_beta":false,"boss_relics":[{"not_picked":["Orrery","Snecko Eye"],"picked":"Runic Dome"},{"not_picked":["White Beast Statue","Velvet Choker"],"picked":"Pandora\u0027s Box"}],"items_purged_floors":[29],"is_endless":false,"potions_floor_spawned":[1,3,10,21,25,30,31,33],"ascension_level":3}