{"gold_per_floor":[119,119,69,69,89,89,89,117,117,145,36,47,47,73,73,73],"floor_reached":16,"playtime":845,"items_purged":["Strike_R"],"score":174,"play_id":"beea0c63-f71a-4538-8081-36ac492536e3","local_time":"20190307202511","is_ascension_mode":true,"campfire_choices":[{"data":"Bash","floor":6,"key":"SMITH"},{"floor":13,"key":"REST"},{"data":"Juggernaut","floor":15,"key":"SMITH"}],"neow_cost":"NONE","seed_source_timestamp":527861241337269,"circlet_count":0,"master_deck":["AscendersBane","Strike_R","Strike_R","Strike_R","Defend_R","Defend_R","Defend_R","Defend_R","Bash+1","Juggernaut+1","Body Slam","True Grit","Iron Wave","Evolve","Combust"],"relics":["Burning Blood","WingedGreaves","Happy Flower","Darkstone Periapt","Boot","Bronze Scales"],"potions_floor_usage":[14,16],"damage_taken":[{"damage":7,"enemies":"2 Louse","floor":1,"turns":3},{"damage":8,"enemies":"Jaw Worm","floor":5,"turns":4},{"damage":38,"enemies":"3 Sentries","floor":8,"turns":11},{"damage":18,"enemies":"Gremlin Nob","floor":10,"turns":4},{"damage":13,"enemies":"Cultist","floor":12,"turns":5},{"damage":21,"enemies":"3 Sentries","floor":14,"turns":6},{"damage":29,"enemies":"Slime Boss","floor":16,"turns":3}],"seed_played":"3742456285047576330","potions_obtained":[{"floor":1,"key":"Ancient Potion"},{"floor":10,"key":"PowerPotion"},{"floor":12,"key":"SkillPotion"}],"is_trial":false,"path_per_floor":["M","?","?","$","M","R","T","E","T","E","$","M","R","E","R","B"],"character_chosen":"IRONCLAD","items_purchased":["Combust"],"campfire_rested":1,"item_purchase_floors":[11],"current_hp_per_floor":[71,64,64,64,62,62,62,30,30,18,18,11,35,20,20,0],"gold":73,"neow_bonus":"ONE_RANDOM_RARE_CARD","is_prod":false,"is_daily":false,"chose_seed":false,"campfire_upgraded":2,"win_rate":0,"timestamp":1552008311,"path_taken":["M","?","?","?","M","R","?","E","T","E","$","M","R","E","R","BOSS"],"build_version":"2019-01-23","purchased_purges":1,"victory":false,"max_hp_per_floor":[80,80,80,80,80,80,80,80,80,80,80,80,80,80,80,80],"card_choices":[{"not_picked":["Power Through","Bloodletting"],"picked":"Body Slam","floor":1},{"not_picked":["Rupture","Entrench"],"picked":"True Grit","floor":5},{"not_picked":["Shockwave","Combust"],"picked":"Iron Wave","floor":8},{"not_picked":["Thunderclap","Perfected Strike"],"picked":"Evolve","floor":10},{"not_picked":["Heavy Blade","Thunderclap","Dropkick"],"picked":"SKIP","floor":12},{"not_picked":["Twin Strike","Exhume","Pummel"],"picked":"SKIP","floor":14}],"player_experience":1737355,"relics_obtained":[{"floor":7,"key":"Happy Flower"},{"floor":8,"key":"Darkstone Periapt"},{"floor":10,"key":"Boot"},{"floor":14,"key":"Bronze Scales"}],"event_choices":[{"damage_healed":0,"gold_gain":0,"player_choice":"Success","damage_taken":7,"relics_obtained":["WingedGreaves"],"max_hp_gain":0,"max_hp_loss":0,"event_name":"Scrap Ooze","floor":2,"gold_loss":0},{"cards_removed":["Strike_R"],"damage_healed":0,"gold_gain":0,"player_choice":"Card Removal","damage_taken":0,"max_hp_gain":0,"max_hp_loss":0,"event_name":"The Cleric","floor":3,"gold_loss":50}],"is_beta":false,"boss_relics":[],"items_purged_floors":[11],"is_endless":false,"potions_floor_spawned":[1,10,12],"killed_by":"Slime Boss","ascension_level":10}