{"gold_per_floor":[11,21,21,71,89,120,133,133,133,161,177,177,191,220,220,299,299,318,336,336,11,29,29,55,74,99,99,129,147,147,173,173,247,247,262,262,262,278,289,318,318,344,344,361,387,387,387,401,401,401,401,401,401,8,35,35],"floor_reached":57,"playtime":3997,"items_purged":["Parasite"],"score":2894,"play_id":"59ca6fc7-fdfc-43ec-a941-a6c5e45a4261","local_time":"20190201123422","is_ascension_mode":true,"campfire_choices":[{"data":"Metallicize","floor":8,"key":"SMITH"},{"data":"Pommel Strike","floor":12,"key":"SMITH"},{"data":"Rampage","floor":15,"key":"SMITH"},{"floor":23,"key":"REST"},{"floor":27,"key":"REST"},{"data":"Feel No Pain","floor":30,"key":"SMITH"},{"data":"Metallicize","floor":32,"key":"SMITH"},{"floor":41,"key":"RECALL"},{"floor":47,"key":"REST"},{"floor":49,"key":"REST"},{"floor":53,"key":"REST"}],"neow_cost":"NO_GOLD","seed_source_timestamp":1420045375068055,"circlet_count":0,"master_deck":["AscendersBane","Strike_R","Strike_R","Strike_R","Defend_R","Defend_R","Defend_R","Defend_R","Bash+1","Armaments","Metallicize+1","Rampage+1","Offering","Pommel Strike+1","Exhume","Fiend Fire+1","Pommel Strike+1","Shrug It Off","Necronomicurse","Metallicize+1","Flame Barrier","Feed+1","Anger+1","Feel No Pain+1","Exhume","Impervious","Feel No Pain+1","Anger+1","Dark Embrace","Shrug It Off+1","Uppercut+1","Anger+1","Shrug It Off+1"],"relics":["Burning Blood","Potion Belt","Bronze Scales","Self Forming Clay","Singing Bowl","Molten Egg 2","Runic Dome","Necronomicon","Membership Card","Centennial Puzzle","Lantern","Vajra","Charon\u0027s Ashes","Anchor","Runic Pyramid","Pen Nib","PreservedInsect","Happy Flower","Incense Burner","ClockworkSouvenir","Gambling Chip"],"potions_floor_usage":[6,14,31,51,51,55,55,56,56,56],"damage_taken":[{"damage":3,"enemies":"2 Louse","floor":1,"turns":4},{"damage":9,"enemies":"Jaw Worm","floor":2,"turns":4},{"damage":0,"enemies":"Cultist","floor":5,"turns":4},{"damage":19,"enemies":"Lagavulin","floor":6,"turns":7},{"damage":13,"enemies":"Gremlin Gang","floor":7,"turns":7},{"damage":21,"enemies":"Gremlin Nob","floor":10,"turns":4},{"damage":6,"enemies":"Looter","floor":11,"turns":4},{"damage":6,"enemies":"Blue Slaver","floor":13,"turns":4},{"damage":23,"enemies":"3 Sentries","floor":14,"turns":8},{"damage":38,"enemies":"The Guardian","floor":16,"turns":14},{"damage":19,"enemies":"2 Thieves","floor":18,"turns":3},{"damage":6,"enemies":"Spheric Guardian","floor":19,"turns":1},{"damage":6,"enemies":"Snake Plant","floor":22,"turns":1},{"damage":13,"enemies":"Slavers","floor":24,"turns":3},{"damage":15,"enemies":"Centurion and Healer","floor":25,"turns":3},{"damage":6,"enemies":"Gremlin Leader","floor":28,"turns":1},{"damage":8,"enemies":"Chosen and Byrds","floor":29,"turns":4},{"damage":2,"enemies":"Book of Stabbing","floor":31,"turns":2},{"damage":48,"enemies":"Champ","floor":33,"turns":9},{"damage":8,"enemies":"3 Shapes","floor":35,"turns":6},{"damage":3,"enemies":"Orb Walker","floor":38,"turns":5},{"damage":9,"enemies":"3 Darklings","floor":39,"turns":6},{"damage":12,"enemies":"Giant Head","floor":40,"turns":6},{"damage":56,"enemies":"Reptomancer","floor":42,"turns":5},{"damage":6,"enemies":"Writhing Mass","floor":44,"turns":4},{"damage":21,"enemies":"Nemesis","floor":45,"turns":3},{"damage":6,"enemies":"Maw","floor":48,"turns":7},{"damage":92,"enemies":"Awakened One","floor":50,"turns":9},{"damage":14,"enemies":"Time Eater","floor":51,"turns":5},{"damage":41,"enemies":"Shield and Spear","floor":55,"turns":8},{"damage":39,"enemies":"The Heart","floor":56,"turns":7}],"seed_played":"2539596330435898183","potions_obtained":[{"floor":1,"key":"Regen Potion"},{"floor":5,"key":"Block Potion"},{"floor":6,"key":"FairyPotion"},{"floor":11,"key":"SmokeBomb"},{"floor":16,"key":"FairyPotion"},{"floor":18,"key":"AttackPotion"},{"floor":19,"key":"SneckoOil"},{"floor":28,"key":"FearPotion"},{"floor":31,"key":"LiquidBronze"},{"floor":40,"key":"PowerPotion"},{"floor":48,"key":"SteroidPotion"},{"floor":55,"key":"PowerPotion"}],"is_trial":false,"path_per_floor":["M","M","?","T","M","E","M","R","T","E","M","R","M","E","R","B",null,"M","M","?","$","M","R","E","M","T","R","E","M","R","E","R","B",null,"M","?","?","M","M","E","R","E","T","M","E","?","R","M","R","B","B",null,"R","$","E","B",null],"character_chosen":"IRONCLAD","items_purchased":["Membership Card","Centennial Puzzle","Metallicize","Incense Burner","Swift Potion","Energy Potion","Dexterity Potion","ClockworkSouvenir"],"campfire_rested":5,"item_purchase_floors":[21,21,21,54,54,54,54,54],"current_hp_per_floor":[71,68,68,68,74,61,54,54,54,41,41,41,41,41,41,9,62,49,49,28,28,28,51,44,39,39,63,63,61,61,65,65,23,68,78,74,74,77,80,74,74,24,24,24,11,11,43,43,75,17,9,90,117,114,83,50],"gold":35,"neow_bonus":"REMOVE_TWO","is_prod":false,"is_daily":false,"chose_seed":false,"campfire_upgraded":5,"win_rate":0,"timestamp":1549020862,"path_taken":["M","M","?","?","?","E","M","R","T","E","M","R","M","E","R","BOSS","M","?","?","$","M","R","E","M","T","R","E","M","R","E","R","BOSS","M","?","?","M","M","E","R","E","T","M","E","?","R","M","R","BOSS","BOSS","R","$","E","BOSS"],"build_version":"2019-01-23","purchased_purges":1,"victory":true,"max_hp_per_floor":[75,75,75,75,75,75,75,75,75,77,77,77,77,79,79,79,79,79,79,79,79,79,79,79,83,83,83,83,83,83,83,83,83,83,95,101,101,101,107,107,107,107,107,107,109,109,109,109,109,117,117,117,117,114,118,118],"card_choices":[{"not_picked":["Clash","True Grit"],"picked":"Armaments","floor":1},{"not_picked":["Armaments","Shrug It Off"],"picked":"Metallicize","floor":2},{"not_picked":["Clash","Second Wind"],"picked":"Rampage","floor":5},{"not_picked":["Body Slam","Metallicize"],"picked":"Offering","floor":6},{"not_picked":["Cleave","Warcry","Armaments"],"picked":"SKIP","floor":7},{"not_picked":["Entrench","Warcry","Clash"],"picked":"Singing Bowl","floor":10},{"not_picked":["Bloodletting","Whirlwind"],"picked":"Pommel Strike","floor":11},{"not_picked":["Iron Wave","Armaments"],"picked":"Exhume","floor":13},{"not_picked":["Sword Boomerang","Fire Breathing","Perfected Strike"],"picked":"Singing Bowl","floor":14},{"not_picked":["Limit Break","Exhume"],"picked":"Fiend Fire+1","floor":16},{"not_picked":["Warcry","Inflame"],"picked":"Pommel Strike+1","floor":18},{"not_picked":["Clash+1","Fire Breathing"],"picked":"Shrug It Off","floor":19},{"not_picked":["Dual Wield","Cleave+1"],"picked":"Flame Barrier","floor":22},{"not_picked":["Warcry","True Grit"],"picked":"Feed+1","floor":24},{"not_picked":["Hemokinesis+1","Wild Strike+1"],"picked":"Anger+1","floor":25},{"not_picked":["Clothesline+1","Sentinel+1"],"picked":"Shrug It Off","floor":28},{"not_picked":["Disarm","Body Slam+1"],"picked":"Feel No Pain","floor":29},{"not_picked":["Iron Wave+1","Inflame"],"picked":"Exhume","floor":31},{"not_picked":["Feed+1","Bludgeon+1"],"picked":"Impervious","floor":33},{"not_picked":["Hemokinesis+1","Entrench"],"picked":"Feel No Pain+1","floor":35},{"not_picked":["Panache","Swift Strike+1","Finesse"],"picked":"Singing Bowl","floor":36},{"not_picked":["Mayhem","Flash of Steel+1","Blind"],"picked":"Singing Bowl","floor":36},{"not_picked":["Impatience","Flash of Steel+1","Jack Of All Trades"],"picked":"Singing Bowl","floor":36},{"not_picked":["Clash+1","Second Wind"],"picked":"Anger+1","floor":38},{"not_picked":["Flex","Perfected Strike+1","Evolve"],"picked":"Singing Bowl","floor":39},{"not_picked":["Clash+1","Shockwave"],"picked":"Dark Embrace","floor":40},{"not_picked":["Rampage+1","Warcry"],"picked":"Shrug It Off+1","floor":42},{"not_picked":["Flame Barrier","Ghostly Armor"],"picked":"Uppercut+1","floor":44},{"not_picked":["Rage","Sword Boomerang+1","Flex"],"picked":"Singing Bowl","floor":45},{"not_picked":["Evolve","Rampage+1"],"picked":"Anger+1","floor":48},{"not_picked":["Seeing Red","Rampage+1"],"picked":"Shrug It Off+1","floor":55}],"player_experience":1827309,"relics_obtained":[{"floor":4,"key":"Potion Belt"},{"floor":6,"key":"Bronze Scales"},{"floor":9,"key":"Self Forming Clay"},{"floor":10,"key":"Singing Bowl"},{"floor":14,"key":"Molten Egg 2"},{"floor":20,"key":"Necronomicon"},{"floor":24,"key":"Lantern"},{"floor":26,"key":"Vajra"},{"floor":28,"key":"Charon\u0027s Ashes"},{"floor":31,"key":"Anchor"},{"floor":40,"key":"Pen Nib"},{"floor":42,"key":"PreservedInsect"},{"floor":45,"key":"Happy Flower"},{"floor":55,"key":"Gambling Chip"}],"event_choices":[{"damage_healed":0,"gold_gain":0,"player_choice":"Grow","damage_taken":0,"max_hp_gain":0,"max_hp_loss":0,"event_name":"Living Wall","floor":3,"gold_loss":0,"cards_upgraded":["Bash"]},{"damage_healed":0,"gold_gain":0,"player_choice":"Obtained Book","damage_taken":21,"max_hp_gain":0,"max_hp_loss":0,"event_name":"Cursed Tome","floor":20,"gold_loss":0},{"damage_healed":0,"gold_gain":0,"player_choice":"Memory 3","damage_taken":10,"max_hp_gain":0,"max_hp_loss":0,"event_name":"SensoryStone","floor":36,"gold_loss":0},{"cards_removed":["Shrug It Off"],"damage_healed":0,"gold_gain":0,"player_choice":"Removed Skill","damage_taken":0,"max_hp_gain":0,"max_hp_loss":0,"event_name":"Falling","floor":37,"gold_loss":0},{"damage_healed":0,"gold_gain":0,"player_choice":"Ignored","damage_taken":0,"max_hp_gain":0,"max_hp_loss":0,"event_name":"The Moai Head","floor":46,"gold_loss":0}],"is_beta":false,"boss_relics":[{"not_picked":["Ectoplasm","Cursed Key"],"picked":"Runic Dome"},{"not_picked":["Mark of Pain","Fusion Hammer"],"picked":"Runic Pyramid"}],"items_purged_floors":[54],"is_endless":false,"potions_floor_spawned":[1,5,6,11,16,18,19,28,31,38,40,42,44,48,55],"ascension_level":20}