{"gold_per_floor":[118,193,207,207,132,132,149,149,149,149,162,162,62,96,96,96],"floor_reached":16,"playtime":331,"items_purged":["Strike_B","Strike_B"],"score":196,"play_id":"c0e5911c-79d8-4037-8056-ec058a645b9b","local_time":"20181118010653","is_ascension_mode":true,"campfire_choices":[{"data":"Compile Driver","floor":6,"key":"SMITH"},{"data":"Ball Lightning","floor":8,"key":"SMITH"},{"data":"Rebound","floor":12,"key":"SMITH"},{"data":"Doom and Gloom","floor":15,"key":"SMITH"}],"neow_cost":"NONE","seed_source_timestamp":196741027209541,"circlet_count":0,"master_deck":["AscendersBane","Strike_B","Defend_B","Defend_B","Defend_B","Defend_B","Zap","Dualcast","Rebound+1","Compile Driver+1","Ball Lightning+1","Hologram","Doom and Gloom+1"],"relics":["Cracked Core","Letter Opener","Golden Idol","Question Card"],"potions_floor_usage":[16,16,16,16],"damage_taken":[{"damage":9,"enemies":"Small Slimes","floor":1,"turns":4},{"damage":2,"enemies":"Jaw Worm","floor":3,"turns":3},{"damage":0,"enemies":"2 Louse","floor":7,"turns":1},{"damage":2,"enemies":"Looter","floor":11,"turns":3},{"damage":8,"enemies":"Gremlin Nob","floor":14,"turns":3},{"damage":32,"enemies":"Hexaghost","floor":16,"turns":9}],"seed_played":"-3237940676203051422","potions_obtained":[{"floor":1,"key":"SpeedPotion"},{"floor":3,"key":"EntropicBrew"}],"is_trial":false,"path_per_floor":["M","?","M","?","$","R","M","R","T","?","M","R","$","E","R","B"],"character_chosen":"DEFECT","items_purchased":[],"campfire_rested":0,"item_purchase_floors":[],"current_hp_per_floor":[62,51,49,42,42,42,42,42,42,42,40,40,40,32,32,0],"gold":96,"neow_bonus":"TEN_PERCENT_HP_BONUS","is_prod":false,"is_daily":false,"chose_seed":false,"campfire_upgraded":4,"win_rate":0,"timestamp":1542499613,"path_taken":["M","?","M","?","$","R","M","R","T","?","M","R","$","E","R","BOSS"],"build_version":"2018-11-15","purchased_purges":2,"victory":false,"max_hp_per_floor":[78,78,78,78,78,78,78,78,78,71,71,71,71,71,71,71],"card_choices":[{"not_picked":["Double Energy","Steam"],"picked":"Rebound","floor":1},{"not_picked":["Rebound","Turbo"],"picked":"Compile Driver","floor":3},{"not_picked":["Beam Cell","Turbo"],"picked":"Ball Lightning","floor":7},{"not_picked":["Gash","Skim"],"picked":"Hologram","floor":11},{"not_picked":["Force Field","FTL"],"picked":"Doom and Gloom","floor":14}],"player_experience":1631966,"relics_obtained":[{"floor":9,"key":"Letter Opener"},{"floor":14,"key":"Question Card"}],"event_choices":[{"damage_healed":0,"gold_gain":75,"player_choice":"Gather Gold","damage_taken":11,"max_hp_gain":0,"max_hp_loss":0,"event_name":"World of Goop","floor":2,"gold_loss":0},{"cards_removed":["Strike_B"],"damage_healed":0,"gold_gain":0,"player_choice":"Card Removal","damage_taken":7,"max_hp_gain":0,"max_hp_loss":0,"event_name":"Golden Wing","floor":4,"gold_loss":0},{"damage_healed":0,"gold_gain":0,"player_choice":"Lose Max HP","damage_taken":0,"relics_obtained":["Golden Idol"],"max_hp_gain":0,"max_hp_loss":7,"event_name":"Golden Idol","floor":10,"gold_loss":0}],"is_beta":false,"boss_relics":[],"items_purged_floors":[5,13],"is_endless":false,"potions_floor_spawned":[1,3],"killed_by":"Hexaghost","ascension_level":20}