{"gold_per_floor":[117,117,117,131,151,151,189,189,267,288,13,48,48,48,48,141,141,141,141,141,141,141,141,141],"floor_reached":24,"playtime":1234,"items_purged":["Strike_B"],"score":454,"play_id":"4ba4e12c-5169-4507-b701-26716a3b5582","local_time":"20190218192625","is_ascension_mode":true,"campfire_choices":[{"data":"Conserve Battery","floor":6,"key":"SMITH"},{"data":"Zap","floor":8,"key":"SMITH"},{"data":"Coolheaded","floor":13,"key":"SMITH"},{"data":"Consume","floor":15,"key":"SMITH"},{"data":"Chill","floor":23,"key":"SMITH"}],"neow_cost":"NONE","seed_source_timestamp":164352525017063,"circlet_count":0,"master_deck":["AscendersBane","Strike_B","Strike_B","Strike_B","Defend_B","Defend_B","Defend_B","Defend_B","Zap+1","Dualcast","Rainbow","Defragment+1","Genetic Algorithm","Conserve Battery+1","Consume+1","Chill","Coolheaded+1","Echo Form","FTL","Ghostly","Ghostly","Ghostly","Capacitor","Loop","Chill+1"],"relics":["Cracked Core","Golden Idol","Orichalcum","Letter Opener","DataDisk","Shuriken","Ectoplasm","Red Mask"],"potions_floor_usage":[7,24,24],"damage_taken":[{"damage":2,"enemies":"Jaw Worm","floor":1,"turns":4},{"damage":1,"enemies":"2 Louse","floor":4,"turns":2},{"damage":0,"enemies":"Cultist","floor":5,"turns":4},{"damage":12,"enemies":"3 Sentries","floor":7,"turns":8},{"damage":0,"enemies":"Red Slaver","floor":10,"turns":2},{"damage":0,"enemies":"Lagavulin","floor":12,"turns":31},{"damage":34,"enemies":"Hexaghost","floor":16,"turns":11},{"damage":3,"enemies":"3 Byrds","floor":18,"turns":4},{"damage":29,"enemies":"Masked Bandits","floor":21,"turns":5},{"damage":0,"enemies":"Chosen","floor":22,"turns":5},{"damage":3,"enemies":"Gremlin Leader","floor":24,"turns":6}],"seed_played":"-2314345189012132819","potions_obtained":[{"floor":1,"key":"SkillPotion"},{"floor":7,"key":"SteroidPotion"},{"floor":16,"key":"SpeedPotion"},{"floor":18,"key":"GamblersBrew"}],"is_trial":false,"path_per_floor":["M","?","?","M","M","R","E","R","T","M","$","E","R","?","R","B",null,"M","?","?","?","M","R","E"],"character_chosen":"DEFECT","items_purchased":["DataDisk","Coolheaded"],"campfire_rested":0,"item_purchase_floors":[11,11],"current_hp_per_floor":[62,62,62,61,61,61,49,49,49,49,49,49,49,49,49,15,52,49,32,32,3,3,3,0],"gold":141,"neow_bonus":"ONE_RANDOM_RARE_CARD","is_prod":false,"is_daily":false,"chose_seed":false,"campfire_upgraded":5,"win_rate":0,"timestamp":1550514385,"path_taken":["M","?","?","M","M","R","E","R","T","M","$","E","R","?","R","BOSS","M","?","?","?","M","R","E"],"build_version":"2019-01-23","purchased_purges":1,"victory":false,"max_hp_per_floor":[71,71,64,64,64,64,64,64,64,64,64,64,64,64,64,64,64,64,32,32,32,32,32,32],"card_choices":[{"not_picked":["Go for the Eyes","Ball Lightning"],"picked":"Defragment","floor":1},{"not_picked":["Undo","Turbo"],"picked":"Genetic Algorithm","floor":4},{"not_picked":["Recycle","Leap"],"picked":"Conserve Battery","floor":5},{"not_picked":["Steam Power","Auto Shields"],"picked":"Consume","floor":7},{"not_picked":["Melter","Scrape"],"picked":"Chill","floor":10},{"not_picked":["Leap","Consume","Scrape"],"picked":"SKIP","floor":12},{"not_picked":["Machine Learning","Amplify"],"picked":"Echo Form","floor":16},{"not_picked":["Stack","Aggregate"],"picked":"FTL","floor":18},{"not_picked":["Leap","Gash"],"picked":"Loop","floor":21},{"not_picked":["Gash+1","Auto Shields"],"picked":"Chill","floor":22}],"player_experience":1909930,"relics_obtained":[{"floor":7,"key":"Orichalcum"},{"floor":9,"key":"Letter Opener"},{"floor":12,"key":"Shuriken"},{"floor":21,"key":"Red Mask"}],"event_choices":[{"damage_healed":0,"gold_gain":0,"player_choice":"Grow","damage_taken":0,"max_hp_gain":0,"max_hp_loss":0,"event_name":"Living Wall","floor":2,"gold_loss":0,"cards_upgraded":["Defragment"]},{"damage_healed":0,"gold_gain":0,"player_choice":"Lose Max HP","damage_taken":0,"relics_obtained":["Golden Idol"],"max_hp_gain":0,"max_hp_loss":7,"event_name":"Golden Idol","floor":3,"gold_loss":0},{"damage_healed":0,"gold_gain":0,"player_choice":"Leave","damage_taken":0,"max_hp_gain":0,"max_hp_loss":0,"event_name":"The Cleric","floor":14,"gold_loss":0},{"damage_healed":0,"gold_gain":0,"player_choice":"Became a Ghost","damage_taken":0,"max_hp_gain":0,"max_hp_loss":32,"event_name":"Ghosts","floor":19,"gold_loss":0,"cards_obtained":["Ghostly","Ghostly","Ghostly"]},{"damage_healed":0,"gold_gain":0,"player_choice":"Read","damage_taken":0,"max_hp_gain":0,"max_hp_loss":0,"event_name":"The Library","floor":20,"gold_loss":0,"cards_obtained":["Capacitor"]},{"damage_healed":0,"gold_gain":0,"player_choice":"Fought Bandits","damage_taken":0,"max_hp_gain":0,"max_hp_loss":0,"event_name":"Masked Bandits","floor":21,"gold_loss":0}],"is_beta":false,"boss_relics":[{"not_picked":["Orrery","Inserter"],"picked":"Ectoplasm"}],"items_purged_floors":[11],"is_endless":false,"potions_floor_spawned":[1,7,16,18],"killed_by":"Gremlin Leader","ascension_level":20}