{"gold_per_floor":[117,5,24,34,46,46,74,74,74,74,103,103,123,154,154,154],"floor_reached":16,"playtime":603,"items_purged":["Strike_B"],"score":240,"play_id":"3b93f2b2-b2dd-4a20-91bb-7459e266c634","local_time":"20181117190545","is_ascension_mode":true,"campfire_choices":[{"data":"Tempest","floor":6,"key":"SMITH"},{"floor":10,"key":"REST"},{"floor":15,"key":"REST"}],"neow_cost":"NONE","seed_source_timestamp":174801582820148,"circlet_count":0,"master_deck":["AscendersBane","Strike_B","Strike_B","Strike_B","Defend_B","Defend_B+1","Defend_B","Defend_B","Zap+1","Dualcast+1","Tempest+1","Doom and Gloom","Ball Lightning","Genetic Algorithm","Undo","Reboot","Glacier","White Noise","Creative AI"],"relics":["Cracked Core","War Paint","Question Card","Molten Egg 2","Cables"],"potions_floor_usage":[14],"damage_taken":[{"damage":1,"enemies":"Cultist","floor":1,"turns":4},{"damage":7,"enemies":"Jaw Worm","floor":3,"turns":2},{"damage":0,"enemies":"Small Slimes","floor":4,"turns":2},{"damage":3,"enemies":"Blue Slaver","floor":5,"turns":3},{"damage":20,"enemies":"Lagavulin","floor":7,"turns":6},{"damage":22,"enemies":"3 Sentries","floor":11,"turns":5},{"damage":4,"enemies":"Exordium Thugs","floor":13,"turns":6},{"damage":23,"enemies":"Gremlin Nob","floor":14,"turns":4},{"damage":41,"enemies":"The Guardian","floor":16,"turns":7}],"seed_played":"-4268117398934753217","potions_obtained":[{"floor":3,"key":"Weak Potion"},{"floor":13,"key":"Dexterity Potion"}],"is_trial":false,"path_per_floor":["M","$","M","M","M","R","E","$","T","R","E","?","M","E","R","B"],"character_chosen":"DEFECT","items_purchased":["Doom and Gloom"],"campfire_rested":2,"item_purchase_floors":[2],"current_hp_per_floor":[63,63,56,56,53,53,33,33,33,54,32,32,28,5,26,0],"gold":154,"neow_bonus":"UPGRADE_CARD","is_prod":false,"is_daily":false,"chose_seed":false,"campfire_upgraded":1,"win_rate":0,"timestamp":1542477945,"path_taken":["M","?","?","M","M","R","E","$","T","R","E","?","?","E","R","BOSS"],"build_version":"2018-11-15","purchased_purges":1,"victory":false,"max_hp_per_floor":[71,71,71,71,71,71,71,71,71,71,71,71,71,71,71,71],"card_choices":[{"not_picked":["Sweeping Beam","Gash"],"picked":"Tempest","floor":1},{"not_picked":["Compile Driver","Cold Snap"],"picked":"Ball Lightning","floor":3},{"not_picked":["Steam Power","Buffer"],"picked":"Genetic Algorithm","floor":4},{"not_picked":["Streamline","Leap","Redo"],"picked":"SKIP","floor":5},{"not_picked":["Steam","Heatsinks"],"picked":"Undo","floor":7},{"not_picked":["Conserve Battery","Coolheaded","Barrage"],"picked":"Reboot","floor":11},{"not_picked":["Barrage+1","Turbo","Steam"],"picked":"White Noise","floor":13},{"not_picked":["Recycle","Hello World","Tempest"],"picked":"Creative AI","floor":14}],"player_experience":1629686,"relics_obtained":[{"floor":7,"key":"War Paint"},{"floor":9,"key":"Question Card"},{"floor":11,"key":"Molten Egg 2"},{"floor":14,"key":"Cables"}],"event_choices":[{"damage_healed":0,"gold_gain":0,"player_choice":"1 cards matched","damage_taken":0,"max_hp_gain":0,"max_hp_loss":0,"event_name":"Match and Keep!","floor":12,"gold_loss":0,"cards_obtained":["Glacier"]}],"is_beta":false,"boss_relics":[],"items_purged_floors":[2],"is_endless":false,"potions_floor_spawned":[3,13],"killed_by":"The Guardian","ascension_level":20}