{"gold_per_floor":[109,209,134,151,161,161,191,202,202,237,255,220,220,220,220,220],"floor_reached":16,"playtime":4533,"items_purged":["Strike_R"],"score":182,"play_id":"5602112b-8e90-4b9b-a226-9dcdcda19f25","local_time":"20190309195404","is_ascension_mode":true,"campfire_choices":[{"data":"Searing Blow","floor":6,"key":"SMITH"},{"data":"Searing Blow+1","floor":15,"key":"SMITH"}],"neow_cost":"NONE","seed_source_timestamp":2044781592406100,"circlet_count":0,"master_deck":["AscendersBane","Strike_R","Strike_R","Strike_R","Strike_R","Defend_R","Defend_R+1","Defend_R","Defend_R","Bash+1","Whirlwind","Armaments","Searing Blow+2","Feel No Pain+1","Thunderclap","Warcry"],"relics":["Burning Blood","Nunchaku","Bottled Lightning","Molten Egg 2","Letter Opener"],"potions_floor_usage":[16,16],"damage_taken":[{"damage":4,"enemies":"Jaw Worm","floor":1,"turns":4},{"damage":1,"enemies":"Cultist","floor":4,"turns":4},{"damage":12,"enemies":"Small Slimes","floor":5,"turns":3},{"damage":32,"enemies":"Gremlin Nob","floor":7,"turns":4},{"damage":0,"enemies":"3 Louse","floor":8,"turns":3},{"damage":46,"enemies":"Lagavulin","floor":10,"turns":8},{"damage":1,"enemies":"2 Fungi Beasts","floor":11,"turns":3},{"damage":34,"enemies":"Slime Boss","floor":16,"turns":5}],"seed_played":"4435154029111329750","potions_obtained":[{"floor":7,"key":"Explosive Potion"},{"floor":8,"key":"Strength Potion"}],"is_trial":false,"path_per_floor":["M","?","$","M","M","R","E","M","T","E","M","?","?","?","R","B"],"character_chosen":"IRONCLAD","items_purchased":[],"campfire_rested":0,"item_purchase_floors":[],"current_hp_per_floor":[74,74,74,79,73,73,47,53,53,13,18,38,38,22,22,0],"gold":220,"neow_bonus":"UPGRADE_CARD","is_prod":false,"is_daily":false,"chose_seed":false,"campfire_upgraded":2,"win_rate":0,"timestamp":1552179244,"path_taken":["M","?","?","?","M","R","E","M","T","E","M","?","?","?","R","BOSS"],"build_version":"2019-01-23","purchased_purges":1,"victory":false,"max_hp_per_floor":[80,80,80,80,80,80,80,80,80,80,80,80,80,80,80,80],"card_choices":[{"not_picked":["Cleave","Ghostly Armor"],"picked":"Whirlwind","floor":1},{"not_picked":["Twin Strike","Perfected Strike"],"picked":"Armaments","floor":4},{"not_picked":["Headbutt","Clothesline"],"picked":"Searing Blow","floor":5},{"not_picked":["Flex","Rupture"],"picked":"Feel No Pain","floor":7},{"not_picked":["Sever Soul","Brutality"],"picked":"Thunderclap","floor":8},{"not_picked":["Thunderclap","Cleave","Armaments"],"picked":"SKIP","floor":10},{"not_picked":["Blood for Blood+1","Iron Wave+1"],"picked":"Warcry","floor":11}],"player_experience":377497,"relics_obtained":[{"floor":7,"key":"Nunchaku"},{"floor":9,"key":"Bottled Lightning"},{"floor":10,"key":"Molten Egg 2"}],"event_choices":[{"damage_healed":0,"gold_gain":100,"player_choice":"Pray","damage_taken":0,"max_hp_gain":0,"max_hp_loss":0,"event_name":"Golden Shrine","floor":2,"gold_loss":0},{"damage_healed":20,"gold_gain":0,"player_choice":"Healed","damage_taken":0,"max_hp_gain":0,"max_hp_loss":0,"event_name":"The Cleric","floor":12,"gold_loss":35},{"damage_healed":0,"gold_gain":0,"player_choice":"Searched \u00271\u0027 times","damage_taken":0,"relics_obtained":["Letter Opener"],"max_hp_gain":0,"max_hp_loss":0,"event_name":"Dead Adventurer","floor":13,"gold_loss":0},{"damage_healed":0,"gold_gain":0,"player_choice":"Entered Light","damage_taken":16,"max_hp_gain":0,"max_hp_loss":0,"event_name":"Shining Light","floor":14,"gold_loss":0,"cards_upgraded":["Feel No Pain","Defend_R"]}],"is_beta":false,"boss_relics":[],"items_purged_floors":[3],"is_endless":false,"potions_floor_spawned":[7,8,10,11],"killed_by":"Slime Boss","ascension_level":13}