{"gold_per_floor":[114,35,52,67,67,97,107,140,211,240,240,66,100,120,120,221,221,239,66,66,66,66,95,95,122,147,147,177,189,205,220,220,315,365,379,100,100,116,26,26,42,42,68,68,94,112,131,83,83,83,83,83,9,40,40],"floor_reached":55,"playtime":5237,"items_purged":["Strike_R","Defend_R","Writhe"],"score":834,"play_id":"1a34b2ab-7c1f-4816-8b45-62f755603b5f","local_time":"20190205005028","is_ascension_mode":true,"campfire_choices":[{"data":"Shrug It Off","floor":11,"key":"SMITH"},{"data":"Inflame","floor":15,"key":"SMITH"},{"data":"RitualDagger","floor":24,"key":"SMITH"},{"floor":27,"key":"REST"},{"floor":32,"key":"REST"},{"floor":40,"key":"RECALL"},{"floor":42,"key":"REST"},{"floor":49,"key":"REST"},{"data":"Feel No Pain","floor":52,"key":"SMITH"}],"neow_cost":"NONE","seed_source_timestamp":1368915380592100,"circlet_count":0,"master_deck":["Strike_R","Strike_R","Defend_R","Defend_R","Defend_R","Bash+1","Shrug It Off+1","Metallicize+1","Dropkick","Havoc+1","Corruption+1","Flame Barrier+1","Shrug It Off","Headbutt","Inflame+1","Armaments","Body Slam","Limit Break","Cleave","Metallicize","Clothesline","RitualDagger+1","Uppercut","Feel No Pain+1","Reaper","Exhume+1","Metallicize","Writhe","Demon Form","Intimidate+1","Parasite","Shockwave+1","Pummel"],"relics":["Burning Blood","Paper Frog","Nunchaku","Question Card","War Paint","Blue Candle","Cursed Key","Nilry\u0027s Codex","Orichalcum","Blood Vial","Dodecahedron","Tiny House","Potion Belt","Strawberry","Juzu Bracelet","Lantern"],"potions_floor_usage":[16,23,28,28,30,33,45,46,55],"damage_taken":[{"damage":4,"enemies":"Jaw Worm","floor":1,"turns":5},{"damage":0,"enemies":"Cultist","floor":3,"turns":4},{"damage":1,"enemies":"Small Slimes","floor":4,"turns":4},{"damage":24,"enemies":"3 Sentries","floor":6,"turns":15},{"damage":8,"enemies":"3 Louse","floor":7,"turns":6},{"damage":8,"enemies":"Lagavulin","floor":8,"turns":8},{"damage":16,"enemies":"3 Sentries","floor":10,"turns":15},{"damage":10,"enemies":"Gremlin Nob","floor":13,"turns":3},{"damage":1,"enemies":"Looter","floor":14,"turns":4},{"damage":17,"enemies":"The Guardian","floor":16,"turns":11},{"damage":10,"enemies":"Shell Parasite","floor":18,"turns":5},{"damage":18,"enemies":"Slavers","floor":23,"turns":6},{"damage":25,"enemies":"Book of Stabbing","floor":25,"turns":6},{"damage":15,"enemies":"Gremlin Leader","floor":28,"turns":6},{"damage":12,"enemies":"Chosen","floor":29,"turns":6},{"damage":16,"enemies":"3 Cultists","floor":30,"turns":7},{"damage":17,"enemies":"Sentry and Sphere","floor":31,"turns":5},{"damage":18,"enemies":"Collector","floor":33,"turns":10},{"damage":44,"enemies":"3 Darklings","floor":35,"turns":9},{"damage":19,"enemies":"Orb Walker","floor":38,"turns":3},{"damage":46,"enemies":"3 Darklings","floor":41,"turns":5},{"damage":42,"enemies":"Nemesis","floor":45,"turns":9},{"damage":41,"enemies":"Spire Growth","floor":46,"turns":5},{"damage":29,"enemies":"Writhing Mass","floor":47,"turns":6},{"damage":35,"enemies":"Time Eater","floor":50,"turns":8},{"damage":86,"enemies":"Shield and Spear","floor":54,"turns":9},{"damage":74,"enemies":"The Heart","floor":55,"turns":3}],"seed_played":"5890094408694585571","potions_obtained":[{"floor":1,"key":"Strength Potion"},{"floor":6,"key":"FearPotion"},{"floor":7,"key":"Regen Potion"},{"floor":16,"key":"Weak Potion"},{"floor":23,"key":"Fire Potion"},{"floor":29,"key":"Strength Potion"},{"floor":31,"key":"FearPotion"},{"floor":34,"key":"FearPotion"},{"floor":35,"key":"Weak Potion"},{"floor":41,"key":"Poison Potion"}],"is_trial":false,"path_per_floor":["M","$","M","M","?","E","M","E","T","E","R","$","E","M","R","B",null,"M","$","?","?","?","E","R","E","T","R","E","M","M","M","R","B",null,"M","$","?","M","?","R","M","R","T","$","E","M","M","$","R","B",null,"R","$","E","B"],"character_chosen":"IRONCLAD","items_purchased":["Metallicize","Inflame","Armaments","Metallicize","Potion Belt","Fire Potion","Pummel"],"campfire_rested":4,"item_purchase_floors":[2,12,12,19,36,48,53],"current_hp_per_floor":[80,80,80,80,80,62,60,58,58,48,48,48,44,49,49,53,80,76,76,76,60,54,42,42,23,23,47,40,36,28,20,44,55,85,61,61,61,50,50,50,45,70,77,77,50,17,39,39,66,54,92,92,92,62,0],"gold":40,"neow_bonus":"UPGRADE_CARD","is_prod":false,"is_daily":false,"chose_seed":false,"campfire_upgraded":4,"win_rate":0,"timestamp":1549345828,"path_taken":["M","$","M","M","?","E","?","E","T","E","R","$","E","M","R","BOSS","M","$","?","?","?","E","R","E","T","R","E","M","M","M","R","BOSS","M","$","?","?","?","R","M","R","T","?","E","M","M","$","R","BOSS","R","$","E","BOSS"],"build_version":"2019-01-23","purchased_purges":3,"victory":false,"max_hp_per_floor":[80,80,80,80,80,80,80,80,80,80,80,80,80,80,80,80,80,80,80,80,80,80,80,80,80,80,80,80,80,80,80,80,80,85,85,85,85,85,85,85,85,85,92,92,92,92,92,92,92,92,92,92,92,92,92],"card_choices":[{"not_picked":["Hemokinesis","Anger"],"picked":"Shrug It Off","floor":1},{"not_picked":["Sentinel","Rupture"],"picked":"Dropkick","floor":3},{"not_picked":["Fire Breathing","Heavy Blade"],"picked":"Havoc","floor":4},{"not_picked":["Bloodletting","Thunderclap"],"picked":"Corruption","floor":6},{"not_picked":["Iron Wave","Anger"],"picked":"Flame Barrier","floor":7},{"not_picked":["Carnage","Rage"],"picked":"Shrug It Off","floor":8},{"not_picked":["Power Through","Iron Wave","Immolate"],"picked":"Headbutt","floor":10},{"not_picked":["Warcry","Bloodletting","Pommel Strike"],"picked":"Body Slam","floor":13},{"not_picked":["Warcry","Perfected Strike","Pummel","Body Slam"],"picked":"SKIP","floor":14},{"not_picked":["Exhume","Impervious","Brutality"],"picked":"Limit Break","floor":16},{"not_picked":["Iron Wave","Feel No Pain","Thunderclap"],"picked":"Cleave","floor":18},{"not_picked":["Pommel Strike","Carnage","Fire Breathing+1"],"picked":"Uppercut","floor":23},{"not_picked":["Flame Barrier","Wild Strike","Havoc+1","Searing Blow+1"],"picked":"SKIP","floor":25},{"not_picked":["Corruption","Infernal Blade","Warcry"],"picked":"Feel No Pain","floor":28},{"not_picked":["Seeing Red","Twin Strike+1","Warcry","Evolve"],"picked":"SKIP","floor":29},{"not_picked":["Power Through","Rampage","Iron Wave+1"],"picked":"Reaper","floor":30},{"not_picked":["True Grit","Sever Soul+1","Heavy Blade","Iron Wave+1"],"picked":"SKIP","floor":31},{"not_picked":["Bludgeon","Brutality","Demon Form"],"picked":"Exhume","floor":33},{"not_picked":["Heavy Blade+1","Bloodletting","Armaments"],"picked":"Metallicize","floor":34},{"not_picked":["Infernal Blade","Pommel Strike+1","Dual Wield","Body Slam"],"picked":"SKIP","floor":35},{"not_picked":["Immolate","Flex+1","Armaments+1","Dropkick"],"picked":"SKIP","floor":38},{"not_picked":["Wild Strike","Shrug It Off","True Grit","Power Through"],"picked":"SKIP","floor":41},{"not_picked":["Headbutt","Searing Blow","Perfected Strike"],"picked":"Demon Form","floor":45},{"not_picked":["Searing Blow+1","Anger","Shrug It Off+1"],"picked":"Intimidate+1","floor":46},{"not_picked":["Second Wind+1","Havoc+1","Thunderclap+1"],"picked":"Shockwave+1","floor":47},{"not_picked":["Spot Weakness","Uppercut+1","Headbutt+1","Brutality"],"picked":"SKIP","floor":54}],"player_experience":138185,"relics_obtained":[{"floor":6,"key":"Paper Frog"},{"floor":8,"key":"Nunchaku"},{"floor":9,"key":"Question Card"},{"floor":10,"key":"War Paint"},{"floor":13,"key":"Blue Candle"},{"floor":21,"key":"Nilry\u0027s Codex"},{"floor":23,"key":"Orichalcum"},{"floor":25,"key":"Blood Vial"},{"floor":28,"key":"Dodecahedron"},{"floor":43,"key":"Strawberry"},{"floor":45,"key":"Juzu Bracelet"},{"floor":54,"key":"Lantern"}],"event_choices":[{"damage_healed":0,"gold_gain":0,"player_choice":"Upgraded","damage_taken":0,"max_hp_gain":0,"max_hp_loss":0,"event_name":"Upgrade Shrine","floor":5,"gold_loss":0,"cards_upgraded":["Metallicize"]},{"damage_healed":0,"gold_gain":0,"player_choice":"Read","damage_taken":0,"max_hp_gain":0,"max_hp_loss":0,"event_name":"The Library","floor":20,"gold_loss":0,"cards_obtained":["Clothesline"]},{"damage_healed":0,"gold_gain":0,"player_choice":"Obtained Book","damage_taken":16,"max_hp_gain":0,"max_hp_loss":0,"event_name":"Cursed Tome","floor":21,"gold_loss":0},{"damage_healed":0,"gold_gain":0,"player_choice":"Joined the Cult","damage_taken":6,"max_hp_gain":0,"max_hp_loss":0,"event_name":"Nest","floor":22,"gold_loss":0,"cards_obtained":["RitualDagger"]},{"cards_removed":["Strike_R"],"damage_healed":0,"gold_gain":0,"player_choice":"Offered Basic","damage_taken":0,"max_hp_gain":0,"max_hp_loss":0,"event_name":"Bonfire Elementals","floor":37,"gold_loss":0},{"cards_removed":["Strike_R"],"damage_healed":0,"gold_gain":0,"player_choice":"Upgrade and Remove","damage_taken":0,"max_hp_gain":0,"max_hp_loss":0,"event_name":"Designer","floor":39,"gold_loss":90,"cards_upgraded":["Exhume"]}],"is_beta":false,"boss_relics":[{"not_picked":["White Beast Statue","Runic Dome"],"picked":"Cursed Key"},{"not_picked":["Black Star","Runic Cube"],"picked":"Tiny House"}],"items_purged_floors":[12,19,36],"is_endless":false,"potions_floor_spawned":[1,6,7,16,23,25,29,31,35,41],"killed_by":"The Heart","ascension_level":2}