{"gold_per_floor":[109,119,7,7,22,22,55,55,55,74,131,145,163,177,177,273,273,287,187,200,29,45,45,64,64,64,64,82,82],"floor_reached":29,"playtime":1989,"items_purged":["Strike_B","Pain","Pain"],"score":416,"play_id":"9d7991d9-a40e-48df-9a9f-b3c6b86c4014","local_time":"20190306200108","is_ascension_mode":true,"campfire_choices":[{"data":"Loop","floor":6,"key":"SMITH"},{"data":"Conserve Battery","floor":8,"key":"SMITH"},{"floor":15,"key":"REST"},{"data":"Hologram","floor":23,"key":"SMITH"},{"floor":25,"key":"REST"},{"data":"Loop","floor":27,"key":"SMITH"}],"neow_cost":"NONE","seed_source_timestamp":0,"circlet_count":0,"master_deck":["Strike_B","Strike_B","Strike_B+1","Defend_B","Defend_B","Defend_B","Defend_B","Zap+1","Dualcast","Doom and Gloom+1","Conserve Battery+1","Loop+1","Barrage","Hologram+1","Ball Lightning","Genetic Algorithm","Coolheaded","Electrodynamics","Writhe","Static Discharge","Self Repair+1","Coolheaded","Loop+1"],"special_seed":0,"relics":["Cracked Core","Blood Vial","Darkstone Periapt","Calling Bell","Anchor","Matryoshka","Girya","Dodecahedron","Letter Opener"],"potions_floor_usage":[24,29],"damage_taken":[{"damage":0,"enemies":"Small Slimes","floor":1,"turns":2},{"damage":6,"enemies":"2 Louse","floor":2,"turns":2},{"damage":2,"enemies":"Jaw Worm","floor":5,"turns":3},{"damage":16,"enemies":"Gremlin Nob","floor":7,"turns":3},{"damage":0,"enemies":"Exordium Thugs","floor":10,"turns":4},{"damage":16,"enemies":"2 Fungi Beasts","floor":12,"turns":3},{"damage":1,"enemies":"Looter","floor":13,"turns":3},{"damage":0,"enemies":"3 Louse","floor":14,"turns":2},{"damage":3,"enemies":"The Guardian","floor":16,"turns":7},{"damage":49,"enemies":"Spheric Guardian","floor":18,"turns":6},{"damage":13,"enemies":"Chosen","floor":20,"turns":5},{"damage":12,"enemies":"Centurion and Healer","floor":22,"turns":6},{"damage":22,"enemies":"Snake Plant","floor":24,"turns":4},{"damage":11,"enemies":"Snecko","floor":28,"turns":6},{"damage":60,"enemies":"Slavers","floor":29,"turns":3}],"seed_played":"132492764861813733","potions_obtained":[{"floor":1,"key":"SneckoOil"},{"floor":5,"key":"FairyPotion"},{"floor":12,"key":"Block Potion"},{"floor":14,"key":"SteroidPotion"},{"floor":24,"key":"Weak Potion"}],"is_trial":false,"path_per_floor":["M","M","$","?","M","R","E","R","T","M","?","M","M","M","R","B",null,"M","$","M","$","M","R","M","R","T","R","M","E"],"character_chosen":"DEFECT","items_purchased":["Loop","Coolheaded"],"campfire_rested":2,"item_purchase_floors":[3,21],"current_hp_per_floor":[68,62,62,47,45,45,29,29,29,31,31,17,18,20,42,41,85,38,38,27,27,27,27,17,44,44,44,45,0],"gold":82,"neow_bonus":"UPGRADE_CARD","is_prod":false,"is_daily":false,"chose_seed":false,"campfire_upgraded":4,"win_rate":0,"timestamp":1551920468,"path_taken":["M","M","$","?","M","R","E","R","T","M","?","M","M","M","R","BOSS","M","$","M","$","M","R","M","R","T","R","M","E"],"build_version":"2019-01-23","purchased_purges":3,"victory":false,"max_hp_per_floor":[75,75,75,75,75,75,75,75,75,75,75,75,75,75,75,75,93,93,93,93,93,93,93,93,93,93,93,93,93],"card_choices":[{"not_picked":["Auto Shields","Gash"],"picked":"Doom and Gloom","floor":1},{"not_picked":["Gash","Streamline"],"picked":"Conserve Battery","floor":2},{"not_picked":["Streamline","Tempest","Steam"],"picked":"SKIP","floor":5},{"not_picked":["Gash","Lockon"],"picked":"Barrage","floor":7},{"not_picked":["Steam","Turbo"],"picked":"Hologram","floor":10},{"not_picked":["Conserve Battery","Blizzard"],"picked":"Ball Lightning","floor":12},{"not_picked":["Sunder","Hologram"],"picked":"Genetic Algorithm","floor":13},{"not_picked":["Beam Cell","Auto Shields"],"picked":"Coolheaded","floor":14},{"not_picked":["Core Surge","Rainbow"],"picked":"Electrodynamics","floor":16},{"not_picked":["FTL","Stack+1"],"picked":"Static Discharge","floor":18},{"not_picked":["Gash","Leap"],"picked":"Self Repair+1","floor":20},{"not_picked":["Cold Snap+1","Coolheaded","Aggregate"],"picked":"SKIP","floor":22},{"not_picked":["Scrape","Gash"],"picked":"Loop","floor":24},{"not_picked":["Blizzard","Consume","Turbo"],"picked":"SKIP","floor":28}],"player_experience":357713,"relics_obtained":[{"floor":7,"key":"Blood Vial"},{"floor":9,"key":"Darkstone Periapt"},{"floor":17,"key":"Anchor"},{"floor":17,"key":"Matryoshka"},{"floor":17,"key":"Girya"},{"floor":26,"key":"Dodecahedron"},{"floor":26,"key":"Letter Opener"}],"event_choices":[{"damage_healed":0,"gold_gain":0,"player_choice":"Entered Light","damage_taken":15,"max_hp_gain":0,"max_hp_loss":0,"event_name":"Shining Light","floor":4,"gold_loss":0,"cards_upgraded":["Strike_B","Doom and Gloom"]},{"damage_healed":0,"gold_gain":57,"player_choice":"Gained Gold","damage_taken":0,"max_hp_gain":0,"max_hp_loss":0,"event_name":"Golden Wing","floor":11,"gold_loss":0}],"is_beta":false,"boss_relics":[{"not_picked":["Tiny House","Astrolabe"],"picked":"Calling Bell"}],"items_purged_floors":[3,19,21],"is_endless":false,"potions_floor_spawned":[1,5,12,14,24],"killed_by":"Slavers","ascension_level":8}