{"gold_per_floor":[119,119,129,144,71,71,100,100,100,100,175,175],"floor_reached":12,"playtime":294,"items_purged":[],"score":76,"play_id":"de9d6728-8dd8-462e-a70a-ee0104c2c42a","local_time":"20190310044946","is_ascension_mode":false,"campfire_choices":[{"data":"Pommel Strike","floor":6,"key":"SMITH"},{"data":"Bash","floor":8,"key":"SMITH"},{"data":"Iron Wave","floor":10,"key":"SMITH"}],"neow_cost":"NONE","seed_source_timestamp":81549589928688,"circlet_count":0,"master_deck":["Strike_R","Strike_R","Strike_R","Strike_R","Strike_R","Defend_R","Defend_R","Defend_R","Defend_R","Bash+1","Cleave","Iron Wave+1","Pommel Strike+1","Cleave","Thunderclap"],"relics":["Burning Blood","NeowsBlessing","Toxic Egg 2","Anchor"],"potions_floor_usage":[12,12],"damage_taken":[{"damage":0,"enemies":"Jaw Worm","floor":1,"turns":1},{"damage":0,"enemies":"Small Slimes","floor":3,"turns":1},{"damage":0,"enemies":"Cultist","floor":4,"turns":1},{"damage":57,"enemies":"Lagavulin","floor":7,"turns":7},{"damage":14,"enemies":"Lagavulin Event","floor":12,"turns":5}],"seed_played":"7459072689117223503","potions_obtained":[{"floor":3,"key":"EssenceOfSteel"},{"floor":4,"key":"Poison Potion"}],"is_trial":false,"path_per_floor":["M","$","M","M","$","R","E","R","T","R","?","?"],"character_chosen":"IRONCLAD","items_purchased":["Pommel Strike","Cleave"],"campfire_rested":0,"item_purchase_floors":[5,5],"current_hp_per_floor":[80,80,80,80,80,80,29,29,29,29,18,4],"gold":175,"neow_bonus":"THREE_ENEMY_KILL","is_prod":false,"is_daily":false,"chose_seed":false,"campfire_upgraded":3,"win_rate":0,"timestamp":1552160986,"path_taken":["M","$","M","M","$","R","E","R","T","R","?","?"],"build_version":"2019-01-23","purchased_purges":0,"victory":false,"max_hp_per_floor":[80,80,80,80,80,80,80,80,80,80,80,80],"card_choices":[{"not_picked":["Clothesline","Carnage","Bloodletting"],"picked":"SKIP","floor":1},{"not_picked":["Uppercut","Metallicize"],"picked":"Cleave","floor":3},{"not_picked":["Body Slam","Burning Pact"],"picked":"Iron Wave","floor":4},{"not_picked":["Intimidate","Uppercut"],"picked":"Thunderclap","floor":7}],"player_experience":277617,"relics_obtained":[{"floor":7,"key":"Toxic Egg 2"},{"floor":9,"key":"Anchor"}],"event_choices":[{"damage_healed":0,"gold_gain":75,"player_choice":"Gather Gold","damage_taken":11,"max_hp_gain":0,"max_hp_loss":0,"event_name":"World of Goop","floor":11,"gold_loss":0},{"damage_healed":0,"gold_gain":0,"player_choice":"Searched \u00271\u0027 times","damage_taken":0,"max_hp_gain":0,"max_hp_loss":0,"event_name":"Dead Adventurer","floor":12,"gold_loss":0}],"is_beta":false,"boss_relics":[],"items_purged_floors":[],"is_endless":false,"potions_floor_spawned":[3,4],"killed_by":"Lagavulin Event","ascension_level":0}