{"gold_per_floor":[118,64,78,78,95,95,170,170,170,187,187,204,84,116,116,116],"floor_reached":16,"playtime":748,"items_purged":["Strike_R"],"score":115,"play_id":"d541159f-4551-43d7-8631-c917ab2b4eb5","local_time":"20190310215747","is_ascension_mode":true,"campfire_choices":[{"data":"Body Slam","floor":6,"key":"SMITH"},{"data":"Entrench","floor":8,"key":"SMITH"},{"data":"Metallicize","floor":15,"key":"SMITH"}],"neow_cost":"CURSE","seed_source_timestamp":40032812168074,"circlet_count":0,"master_deck":["Strike_R","Strike_R","Strike_R","Strike_R","Defend_R","Defend_R","Defend_R","Defend_R","Bash","Power Through","Body Slam+1","Seeing Red+1","Entrench+1","Metallicize+1","Shrug It Off"],"relics":["Burning Blood","Turnip","Kunai","Boot"],"potions_floor_usage":[14,16],"damage_taken":[{"damage":0,"enemies":"Small Slimes","floor":1,"turns":3},{"damage":5,"enemies":"Cultist","floor":3,"turns":5},{"damage":3,"enemies":"2 Louse","floor":5,"turns":3},{"damage":0,"enemies":"Large Slime","floor":10,"turns":6},{"damage":18,"enemies":"Exordium Thugs","floor":12,"turns":7},{"damage":44,"enemies":"3 Sentries","floor":14,"turns":17},{"damage":71,"enemies":"The Guardian","floor":16,"turns":11}],"seed_played":"-3446061945908513226","potions_obtained":[{"floor":12,"key":"Regen Potion"},{"floor":14,"key":"Regen Potion"}],"is_trial":false,"path_per_floor":["M","$","M","?","M","R","?","R","T","M","?","M","$","E","R","B"],"character_chosen":"IRONCLAD","items_purchased":["Body Slam","Shrug It Off"],"campfire_rested":0,"item_purchase_floors":[2,13],"current_hp_per_floor":[80,80,80,80,80,80,69,69,69,75,75,63,63,40,40,0],"gold":116,"neow_bonus":"ONE_RARE_RELIC","is_prod":false,"is_daily":false,"chose_seed":false,"campfire_upgraded":3,"win_rate":0,"timestamp":1552222667,"path_taken":["M","$","M","?","?","R","?","R","T","M","?","M","$","E","R","BOSS"],"build_version":"2019-01-23","purchased_purges":1,"victory":false,"max_hp_per_floor":[80,80,80,80,80,80,80,80,80,80,80,80,80,80,80,80],"card_choices":[{"not_picked":["Dual Wield","Searing Blow"],"picked":"Power Through","floor":1},{"not_picked":["Pommel Strike","Anger"],"picked":"Seeing Red","floor":3},{"not_picked":["Havoc","Sword Boomerang"],"picked":"Entrench","floor":5},{"not_picked":["Blood for Blood","Clash","Pommel Strike"],"picked":"SKIP","floor":10},{"not_picked":["Flex","Twin Strike"],"picked":"Metallicize","floor":12},{"not_picked":["Anger","Flex","Heavy Blade"],"picked":"SKIP","floor":14}],"player_experience":284370,"relics_obtained":[{"floor":9,"key":"Kunai"},{"floor":14,"key":"Boot"}],"event_choices":[{"cards_removed":["Clumsy"],"damage_healed":0,"gold_gain":0,"player_choice":"Removed Curses","damage_taken":0,"max_hp_gain":0,"max_hp_loss":0,"event_name":"Fountain of Cleansing","floor":4,"gold_loss":0},{"damage_healed":0,"gold_gain":75,"player_choice":"Gather Gold","damage_taken":11,"max_hp_gain":0,"max_hp_loss":0,"event_name":"World of Goop","floor":7,"gold_loss":0},{"damage_healed":0,"gold_gain":0,"player_choice":"Upgraded","damage_taken":0,"max_hp_gain":0,"max_hp_loss":0,"event_name":"Upgrade Shrine","floor":11,"gold_loss":0,"cards_upgraded":["Seeing Red"]}],"is_beta":false,"boss_relics":[],"items_purged_floors":[13],"is_endless":false,"potions_floor_spawned":[12,14],"killed_by":"The Guardian","ascension_level":3}