{"gold_per_floor":[112,112,128,141,160,160,190,200,226,226,256,266,266,295,295,395,395,415,415,415,433,4,34,46,86,98,143,155,492,514,545,557,673,685,707,819,42,42,42,71,71,71,71,71,0,32,32,51,51,51,51,51,1,28,28],"floor_reached":55,"playtime":4093,"items_purged":["Strike_G","Strike_G"],"score":1289,"play_id":"0b5a3744-a5c7-4380-ada0-8cd083372603","local_time":"20190217165322","is_ascension_mode":true,"campfire_choices":[{"data":"Neutralize","floor":6.0,"key":"SMITH"},{"data":"Dagger Spray","floor":10.0,"key":"SMITH"},{"data":"Skewer","floor":13.0,"key":"SMITH"},{"floor":15.0,"key":"REST"},{"data":"Noxious Fumes","floor":24,"key":"SMITH"},{"data":"Adrenaline","floor":28,"key":"SMITH"},{"floor":32,"key":"REST"},{"data":"Catalyst","floor":42,"key":"SMITH"},{"data":"Apotheosis","floor":44,"key":"SMITH"},{"floor":47,"key":"REST"},{"floor":49,"key":"RECALL"},{"data":"Caltrops","floor":52,"key":"SMITH"}],"neow_cost":"NONE","seed_source_timestamp":306278296007900,"circlet_count":0,"master_deck":["Defend_G","Defend_G","Defend_G+1","Defend_G","Defend_G","Strike_G","Strike_G","Survivor","Neutralize+1","Die Die Die+1","Dash","Deadly Poison","Adrenaline","PiercingWail","Skewer+1","Dagger Spray+1","Adrenaline+1","Infinite Blades","Backflip","Corpse Explosion","PiercingWail+1","Noxious Fumes+1","Caltrops+1","Poisoned Stab","A Thousand Cuts","Escape Plan+1","Backflip+1","Flechettes+1","Malaise","Dodge and Roll","Infinite Blades","Infinite Blades","Apotheosis+1","Catalyst+1","PiercingWail","Footwork+1","Footwork","PiercingWail+1","Catalyst"],"special_seed":0,"relics":["Ring of the Snake","Dead Branch","Orichalcum","Anchor","PreservedInsect","Black Star","MutagenicStrength","Membership Card","Mercury Hourglass","MawBank","The Courier","Mummified Hand","Pen Nib","Unceasing Top","Pear","Happy Flower","Tingsha","Old Coin","Runic Pyramid","Mango","Shuriken","Blood Vial","Lantern","Bottled Tornado","Juzu Bracelet","Pocketwatch","Art of War","Ancient Tea Set","Bronze Scales","Thread and Needle","Meat on the Bone","Red Mask","Sundial","Calipers","Ornamental Fan","War Paint"],"potions_floor_usage":[33,40,50,50],"damage_taken":[{"damage":0.0,"enemies":"Small Slimes","floor":1.0,"turns":2.0},{"damage":0.0,"enemies":"2 Louse","floor":3.0,"turns":3.0},{"damage":0.0,"enemies":"Cultist","floor":4.0,"turns":3.0},{"damage":0.0,"enemies":"Exordium Thugs","floor":5.0,"turns":3.0},{"damage":14.0,"enemies":"Lagavulin","floor":7.0,"turns":7.0},{"damage":3.0,"enemies":"Blue Slaver","floor":8.0,"turns":3.0},{"damage":13.0,"enemies":"Gremlin Nob","floor":11.0,"turns":3.0},{"damage":0.0,"enemies":"Exordium Wildlife","floor":12.0,"turns":2.0},{"damage":5.0,"enemies":"3 Sentries","floor":14.0,"turns":5.0},{"damage":26.0,"enemies":"Slime Boss","floor":16.0,"turns":9.0},{"damage":0,"enemies":"Chosen","floor":18,"turns":4},{"damage":17,"enemies":"Shell Parasite","floor":21,"turns":9},{"damage":0,"enemies":"Gremlin Leader","floor":23,"turns":4},{"damage":2,"enemies":"Slavers","floor":25,"turns":3},{"damage":5,"enemies":"Book of Stabbing","floor":27,"turns":5},{"damage":0,"enemies":"Slavers","floor":29,"turns":1},{"damage":0,"enemies":"Snake Plant","floor":30,"turns":2},{"damage":5,"enemies":"3 Cultists","floor":31,"turns":4},{"damage":35,"enemies":"Collector","floor":33,"turns":8},{"damage":0,"enemies":"3 Darklings","floor":35,"turns":3},{"damage":20,"enemies":"Mind Bloom Boss Battle","floor":36,"turns":6},{"damage":11,"enemies":"Reptomancer","floor":40,"turns":4},{"damage":0,"enemies":"Nemesis","floor":46,"turns":5},{"damage":0,"enemies":"Orb Walker","floor":48,"turns":1},{"damage":44,"enemies":"Time Eater","floor":50,"turns":7},{"damage":5,"enemies":"Shield and Spear","floor":54,"turns":4},{"damage":100,"enemies":"The Heart","floor":55,"turns":6}],"seed_played":"-4405312192919952319","potions_obtained":[{"floor":1.0,"key":"SkillPotion"},{"floor":3.0,"key":"SkillPotion"},{"floor":5.0,"key":"Dexterity Potion"},{"floor":18,"key":"EssenceOfSteel"},{"floor":21,"key":"Regen Potion"},{"floor":23,"key":"Fire Potion"},{"floor":29,"key":"GhostInAJar"},{"floor":35,"key":"SkillPotion"}],"is_trial":false,"path_per_floor":["M","?","M","M","M","R","E","M","T","R","E","M","R","E","R","B",null,"M","?","?","M","$","E","R","E","T","E","R","E","M","M","R","B",null,"M","?","$","?","?","E","?","R","T","R","?","E","R","M","R","B",null,"R","$","E","B"],"character_chosen":"THE_SILENT","items_purchased":["Membership Card","Mercury Hourglass","Caltrops","Poisoned Stab","Shuriken","Blood Vial","Lantern","Bottled Tornado","Infinite Blades","Juzu Bracelet","Infinite Blades","Pocketwatch","Art of War","Ancient Tea Set","Bronze Scales","Footwork","PiercingWail"],"campfire_rested":3,"item_purchase_floors":[22,22,22,22,37,37,37,37,37,37,37,37,37,37,37,53,53],"current_hp_per_floor":[63,63,63,63,63,63,49,46,46,46,33,33,33,28,49,23,58,58,58,58,41,41,41,41,39,39,44,44,44,44,39,63,28,67,67,61,61,61,61,52,52,52,52,52,52,54,80,82,82,52,80,80,80,77,0],"gold":28,"neow_bonus":"ONE_RANDOM_RARE_CARD","is_prod":false,"is_daily":false,"chose_seed":false,"campfire_upgraded":8,"win_rate":0,"timestamp":1550440402,"path_taken":["M","?","M","M","M","R","E","M","T","R","E","M","R","E","R","BOSS","M","?","?","M","$","E","R","E","T","E","R","E","M","M","R","BOSS","M","?","$","?","?","E","?","R","T","R","?","E","R","M","R","BOSS","R","$","E","BOSS"],"build_version":"2019-01-23","purchased_purges":2,"victory":false,"max_hp_per_floor":[70,70,70,70,70,70,70,70,70,70,70,70,70,70,70,70,70,70,70,70,70,70,70,70,70,70,80,80,80,80,80,80,80,80,80,94,94,89,89,89,89,89,89,89,89,89,89,89,89,89,89,89,89,89,89],"card_choices":[{"not_picked":["Heel Hook","Deflect"],"picked":"Dash","floor":1.0},{"not_picked":["Slice","Choke"],"picked":"Deadly Poison","floor":3.0},{"not_picked":["Dagger Spray","Poisoned Stab"],"picked":"Adrenaline","floor":4.0},{"not_picked":["Blade Dance","Quick Slash"],"picked":"PiercingWail","floor":5.0},{"not_picked":["Venomology","Cloak And Dagger"],"picked":"Skewer","floor":7.0},{"not_picked":["All Out Attack","Dodge and Roll"],"picked":"Dagger Spray","floor":8.0},{"not_picked":["Tactician","Riddle With Holes"],"picked":"Adrenaline","floor":11.0},{"not_picked":["Dagger Throw","All Out Attack"],"picked":"Infinite Blades","floor":12.0},{"not_picked":["Terror","Malaise"],"picked":"Backflip","floor":14.0},{"not_picked":["Unload","Tools of the Trade"],"picked":"Corpse Explosion","floor":16.0},{"not_picked":["Prepared+1","Eviscerate"],"picked":"PiercingWail+1","floor":18},{"not_picked":["Dagger Spray+1","PiercingWail"],"picked":"Noxious Fumes","floor":21},{"not_picked":["Poisoned Stab","All Out Attack","Outmaneuver"],"picked":"SKIP","floor":23},{"not_picked":["Concentrate+1","Outmaneuver"],"picked":"A Thousand Cuts","floor":25},{"not_picked":["Endless Agony","Deflect"],"picked":"Escape Plan+1","floor":27},{"not_picked":["Bouncing Flask","Underhanded Strike"],"picked":"Backflip+1","floor":29},{"not_picked":["Backflip+1","Deflect"],"picked":"Flechettes+1","floor":30},{"not_picked":["Flying Knee+1","Sucker Punch+1","Deflect"],"picked":"SKIP","floor":31},{"not_picked":["Venomology","Glass Knife"],"picked":"Malaise","floor":33},{"not_picked":["Deadly Poison+1","Sucker Punch"],"picked":"Dodge and Roll","floor":35},{"not_picked":["Purity","Impatience"],"picked":"Apotheosis","floor":39},{"not_picked":["Outmaneuver","Calculated Gamble+1"],"picked":"Catalyst","floor":40},{"not_picked":["Riddle With Holes","Distraction"],"picked":"PiercingWail","floor":46},{"not_picked":["Dagger Throw+1","Sucker Punch"],"picked":"Footwork+1","floor":48},{"not_picked":["Terror+1","Masterful Stab"],"picked":"Catalyst","floor":54}],"player_experience":262139,"relics_obtained":[{"floor":7.0,"key":"Dead Branch"},{"floor":9.0,"key":"Orichalcum"},{"floor":11.0,"key":"Anchor"},{"floor":14.0,"key":"PreservedInsect"},{"floor":23,"key":"MawBank"},{"floor":23,"key":"The Courier"},{"floor":25,"key":"Mummified Hand"},{"floor":25,"key":"Pen Nib"},{"floor":26,"key":"Unceasing Top"},{"floor":27,"key":"Pear"},{"floor":27,"key":"Happy Flower"},{"floor":29,"key":"Tingsha"},{"floor":29,"key":"Old Coin"},{"floor":36,"key":"Mango"},{"floor":40,"key":"Thread and Needle"},{"floor":40,"key":"Meat on the Bone"},{"floor":46,"key":"Sundial"},{"floor":46,"key":"Calipers"},{"floor":54,"key":"Ornamental Fan"},{"floor":54,"key":"War Paint"}],"event_choices":[{"damage_healed":0.0,"max_hp_gain":0.0,"max_hp_loss":0.0,"gold_gain":0.0,"event_name":"Living Wall","player_choice":"Grow","floor":2.0,"gold_loss":0.0,"damage_taken":0.0,"cards_upgraded":["Die Die Die"]},{"damage_healed":0,"gold_gain":0,"player_choice":"Ignored","damage_taken":0,"max_hp_gain":0,"max_hp_loss":0,"event_name":"Vampires","floor":19,"gold_loss":0},{"damage_healed":0,"gold_gain":0,"player_choice":"Inject Mutagens","damage_taken":0,"relics_obtained":["MutagenicStrength"],"max_hp_gain":0,"max_hp_loss":0,"event_name":"Drug Dealer","floor":20,"gold_loss":0},{"damage_healed":0,"gold_gain":0,"player_choice":"Fight","damage_taken":0,"max_hp_gain":0,"max_hp_loss":0,"event_name":"MindBloom","floor":36,"gold_loss":0},{"damage_healed":0,"gold_gain":0,"player_choice":"Max HP","damage_taken":0,"max_hp_gain":0,"max_hp_loss":5,"event_name":"Winding Halls","floor":38,"gold_loss":0},{"damage_healed":0,"gold_gain":0,"player_choice":"Memory 1","damage_taken":0,"max_hp_gain":0,"max_hp_loss":0,"event_name":"SensoryStone","floor":39,"gold_loss":0},{"cards_removed":["Strike_G"],"damage_healed":0,"gold_gain":0,"player_choice":"Removed Attack","damage_taken":0,"max_hp_gain":0,"max_hp_loss":0,"event_name":"Falling","floor":41,"gold_loss":0},{"damage_healed":0,"gold_gain":0,"player_choice":"Paid","damage_taken":0,"relics_obtained":["Red Mask"],"max_hp_gain":0,"max_hp_loss":0,"event_name":"Tomb of Lord Red Mask","floor":45,"gold_loss":71}],"is_beta":false,"boss_relics":[{"not_picked":["Velvet Choker","Ectoplasm"],"picked":"Black Star"},{"not_picked":["Eternal Feather","Tiny House"],"picked":"Runic Pyramid"}],"items_purged_floors":[22,37],"is_endless":false,"potions_floor_spawned":[1,3,5,8,18,21,23,29,31,35],"killed_by":"The Heart","ascension_level":7}