{"gold_per_floor":[109,109,121,271,281,281,310,310,310,320,334,334,48,77,77,155,155,169,169,169,179,179,179,211,211,236,267,279,279,296,315,315,386,386,405,505,505,525,544,544,544],"floor_reached":41,"playtime":1606,"items_purged":["Doubt"],"score":882,"play_id":"5ea77a35-534d-4ab7-bc7d-24aa05c179b3","local_time":"20181227021935","is_ascension_mode":true,"campfire_choices":[{"data":"Bouncing Flask","floor":6,"key":"SMITH"},{"data":"Dash","floor":8,"key":"SMITH"},{"data":"Noxious Fumes","floor":15,"key":"SMITH"},{"floor":23,"key":"REST"},{"data":"Crippling Poison","floor":25,"key":"SMITH"},{"data":"Bouncing Flask","floor":29,"key":"SMITH"},{"floor":32,"key":"REST"},{"floor":40,"key":"REST"}],"neow_cost":"NONE","seed_source_timestamp":182041595362392,"circlet_count":0,"master_deck":["AscendersBane","Defend_G","Defend_G","Defend_G","Defend_G","Defend_G+1","Strike_G","Strike_G","Strike_G+1","Survivor","Neutralize","Dash+1","Dash","Bouncing Flask+1","Bane+1","Poisoned Stab+1","Noxious Fumes+1","Bouncing Flask+1","Crippling Poison+1","Envenom+1","Decay","Acrobatics","Dash+1","Underhanded Strike+1","A Thousand Cuts+1","Leg Sweep","Backflip","Predator+1"],"relics":["Sozu","Molten Egg 2","Pantograph","PreservedInsect","Frozen Egg 2","Snecko Eye","Enchiridion","Potion Belt","Gremlin Horn","Lizard Tail","Calipers"],"potions_floor_usage":[],"damage_taken":[{"damage":3,"enemies":"Small Slimes","floor":1,"turns":4},{"damage":0,"enemies":"Cultist","floor":3,"turns":4},{"damage":6,"enemies":"2 Louse","floor":5,"turns":3},{"damage":14,"enemies":"Gremlin Nob","floor":7,"turns":4},{"damage":0,"enemies":"Looter","floor":10,"turns":2},{"damage":8,"enemies":"3 Louse","floor":11,"turns":3},{"damage":7,"enemies":"Lagavulin","floor":14,"turns":4},{"damage":12,"enemies":"Hexaghost","floor":16,"turns":7},{"damage":16,"enemies":"Spheric Guardian","floor":18,"turns":4},{"damage":2,"enemies":"Shell Parasite","floor":21,"turns":4},{"damage":5,"enemies":"Book of Stabbing","floor":24,"turns":3},{"damage":4,"enemies":"Gremlin Leader","floor":27,"turns":4},{"damage":6,"enemies":"Centurion and Healer","floor":28,"turns":5},{"damage":0,"enemies":"Snake Plant","floor":30,"turns":4},{"damage":2,"enemies":"3 Cultists","floor":31,"turns":4},{"damage":53,"enemies":"Automaton","floor":33,"turns":7},{"damage":28,"enemies":"Orb Walker","floor":35,"turns":5},{"damage":4,"enemies":"Mind Bloom Boss Battle","floor":36,"turns":6},{"damage":0,"enemies":"3 Darklings","floor":38,"turns":4},{"damage":65,"enemies":"Spire Growth","floor":39,"turns":6},{"damage":57,"enemies":"Giant Head","floor":41,"turns":6}],"seed_played":"-8049138139894843844","potions_obtained":[],"is_trial":false,"path_per_floor":["M","?","M","?","M","R","E","R","T","M","M","?","$","E","R","B",null,"M","?","?","M","?","R","E","R","T","E","M","R","M","M","R","B",null,"M","?","?","M","M","R","E"],"character_chosen":"THE_SILENT","items_purchased":["PreservedInsect","Noxious Fumes"],"campfire_rested":3,"item_purchase_floors":[13,13],"current_hp_per_floor":[56,56,56,56,50,50,36,36,36,36,28,8,8,1,1,14,53,37,37,16,14,14,33,28,28,28,24,18,18,18,16,35,7,51,23,44,44,44,23,42,0],"gold":544,"neow_bonus":"BOSS_RELIC","is_prod":false,"is_daily":false,"chose_seed":false,"campfire_upgraded":5,"win_rate":0,"timestamp":1545873575,"path_taken":["M","?","?","?","M","R","E","R","T","M","M","?","$","E","R","BOSS","M","?","?","M","?","R","E","R","T","E","?","R","M","M","R","BOSS","M","?","?","M","M","R","E"],"build_version":"2018-12-20","purchased_purges":1,"victory":false,"max_hp_per_floor":[66,66,66,66,66,66,66,66,66,66,66,66,66,66,66,66,66,66,66,66,66,66,66,66,66,66,66,66,66,66,66,66,66,66,66,66,66,66,66,66,66],"card_choices":[{"not_picked":["Blade Dance","Cloak And Dagger"],"picked":"Dash","floor":1},{"not_picked":["Catalyst","Setup"],"picked":"Dash","floor":3},{"not_picked":["Reflex","Dagger Spray"],"picked":"Bouncing Flask","floor":5},{"not_picked":["Slice","Flying Knee"],"picked":"Bane","floor":7},{"not_picked":["Slice+1","Caltrops","Acrobatics"],"picked":"SKIP","floor":10},{"not_picked":["All Out Attack+1","Distraction"],"picked":"Poisoned Stab+1","floor":11},{"not_picked":["Prepared","Blade Dance","Blur"],"picked":"SKIP","floor":14},{"not_picked":["Blade Dance","Cloak And Dagger"],"picked":"Bouncing Flask","floor":18},{"not_picked":["Bane+1","Poisoned Stab+1","Quick Slash+1"],"picked":"SKIP","floor":21},{"not_picked":["Dodge and Roll","Poisoned Stab+1"],"picked":"Acrobatics","floor":24},{"not_picked":["Concentrate","Bane+1","Finisher+1"],"picked":"SKIP","floor":27},{"not_picked":["Flying Knee+1","Masterful Stab+1","Flechettes+1"],"picked":"SKIP","floor":28},{"not_picked":["Blade Dance","Finisher+1"],"picked":"Dash+1","floor":30},{"not_picked":["Distraction","Tools of the Trade+1"],"picked":"Underhanded Strike+1","floor":31},{"not_picked":["Storm of Steel","Tools of the Trade+1"],"picked":"A Thousand Cuts+1","floor":33},{"not_picked":["Terror","Distraction"],"picked":"Leg Sweep","floor":35},{"not_picked":["Flechettes+1","Sucker Punch+1"],"picked":"Backflip","floor":36},{"not_picked":["Prepared","Sucker Punch+1"],"picked":"Predator+1","floor":38},{"not_picked":["Flying Knee+1","Storm of Steel","Flechettes+1"],"picked":"SKIP","floor":39}],"player_experience":1736934,"relics_obtained":[{"floor":7,"key":"Molten Egg 2"},{"floor":9,"key":"Pantograph"},{"floor":14,"key":"Frozen Egg 2"},{"floor":20,"key":"Enchiridion"},{"floor":24,"key":"Potion Belt"},{"floor":27,"key":"Gremlin Horn"},{"floor":36,"key":"Calipers"}],"event_choices":[{"damage_healed":0,"gold_gain":0,"player_choice":"Got Potions","damage_taken":0,"max_hp_gain":0,"max_hp_loss":0,"event_name":"Lab","floor":2,"gold_loss":0},{"damage_healed":0,"gold_gain":150,"player_choice":"AGREE","damage_taken":0,"max_hp_gain":0,"max_hp_loss":0,"event_name":"Liars Game","floor":4,"gold_loss":0,"cards_obtained":["Doubt"]},{"damage_healed":0,"gold_gain":0,"player_choice":"Entered Light","damage_taken":20,"max_hp_gain":0,"max_hp_loss":0,"event_name":"Shining Light","floor":12,"gold_loss":0,"cards_upgraded":["Strike_G","Defend_G"]},{"damage_healed":0,"gold_gain":0,"cards_transformed":["Strike_G","Strike_G"],"player_choice":"Became Test Subject","damage_taken":0,"max_hp_gain":0,"max_hp_loss":0,"event_name":"Drug Dealer","floor":19,"gold_loss":0,"cards_obtained":["Crippling Poison","Envenom"]},{"damage_healed":0,"gold_gain":0,"player_choice":"Obtained Book","damage_taken":21,"max_hp_gain":0,"max_hp_loss":0,"event_name":"Cursed Tome","floor":20,"gold_loss":0},{"damage_healed":0,"gold_gain":0,"player_choice":"Smashed Altar","damage_taken":0,"max_hp_gain":0,"max_hp_loss":0,"event_name":"Forgotten Altar","floor":22,"gold_loss":0,"cards_obtained":["Decay"]},{"damage_healed":0,"gold_gain":0,"player_choice":"Fight","damage_taken":0,"max_hp_gain":0,"max_hp_loss":0,"event_name":"MindBloom","floor":36,"gold_loss":0},{"damage_healed":0,"gold_gain":0,"player_choice":"Ignored","damage_taken":0,"max_hp_gain":0,"max_hp_loss":0,"event_name":"Tomb of Lord Red Mask","floor":37,"gold_loss":0}],"is_beta":false,"boss_relics":[{"not_picked":["Cursed Key","Coffee Dripper"],"picked":"Snecko Eye"},{"not_picked":["Eternal Feather","Busted Crown"],"picked":"Lizard Tail"}],"items_purged_floors":[13],"is_endless":false,"potions_floor_spawned":[5,7,14,21,24,28,33,35,36],"killed_by":"Giant Head","ascension_level":20}