{"gold_per_floor":[112,112,135,149,149,190,190,233,233,233,233,247,266,266,266,395,395,413,434,434,349,349,349,25,66,89,124,124,9,9,22,22,152,152,173,173,193,1192,1192],"floor_reached":39,"playtime":2105,"items_purged":[],"score":620,"play_id":"2d018610-f624-4512-ba5c-e9a3129624ff","local_time":"20190304004545","is_ascension_mode":true,"campfire_choices":[{"data":"Coolheaded","floor":7.0,"key":"SMITH"},{"floor":11.0,"key":"REST"},{"data":"Ball Lightning","floor":15.0,"key":"SMITH"},{"data":"Fission","floor":23.0,"key":"SMITH"},{"floor":30.0,"key":"REST"},{"data":"Darkness","floor":32.0,"key":"SMITH"}],"neow_cost":"NONE","seed_source_timestamp":1546301213981100,"circlet_count":0,"master_deck":["Strike_B","Defend_B","Defend_B","Defend_B","Defend_B","Zap+1","Dualcast","Coolheaded+1","Storm","Cold Snap","Doom and Gloom","Conserve Battery","Ball Lightning+1","Fission+1","Chill","Rebound","Machine Learning","Loop","Blizzard","Reinforced Body","Barrage","Capacitor","Darkness+1","Coolheaded","Creative AI","Genetic Algorithm","Defragment+1","Normality","Normality"],"special_seed":0,"relics":["Cracked Core","NeowsBlessing","Golden Idol","Du-Vu Doll","Gremlin Horn","Pantograph","Kunai","WingedGreaves","Cursed Key","Pen Nib","Darkstone Periapt","Mercury Hourglass","Bag of Marbles","Incense Burner","Inserter"],"potions_floor_usage":[],"damage_taken":[{"damage":0.0,"enemies":"2 Louse","floor":1.0,"turns":1.0},{"damage":0.0,"enemies":"Small Slimes","floor":3.0,"turns":1.0},{"damage":0.0,"enemies":"Jaw Worm","floor":4.0,"turns":1.0},{"damage":10.0,"enemies":"3 Sentries","floor":6.0,"turns":11.0},{"damage":32.0,"enemies":"Lagavulin","floor":8.0,"turns":9.0},{"damage":0.0,"enemies":"Large Slime","floor":12.0,"turns":5.0},{"damage":7.0,"enemies":"2 Fungi Beasts","floor":13.0,"turns":3.0},{"damage":14.0,"enemies":"Hexaghost","floor":16.0,"turns":15.0},{"damage":19.0,"enemies":"2 Thieves","floor":18.0,"turns":4.0},{"damage":0.0,"enemies":"Spheric Guardian","floor":19.0,"turns":4.0},{"damage":30.0,"enemies":"Gremlin Leader","floor":25.0,"turns":7.0},{"damage":7.0,"enemies":"Slavers","floor":27.0,"turns":3.0},{"damage":6.0,"enemies":"Centurion and Healer","floor":31.0,"turns":5.0},{"damage":49.0,"enemies":"Champ","floor":33.0,"turns":13.0},{"damage":12.0,"enemies":"Orb Walker","floor":35.0,"turns":5.0},{"damage":38,"enemies":"3 Darklings","floor":37,"turns":5},{"damage":28,"enemies":"Spire Growth","floor":39,"turns":4}],"seed_played":"-5051650433180292560","potions_obtained":[{"floor":1.0,"key":"EssenceOfSteel"},{"floor":8.0,"key":"SkillPotion"},{"floor":12.0,"key":"FearPotion"},{"floor":13.0,"key":"GamblersBrew"},{"floor":18.0,"key":"EssenceOfSteel"},{"floor":25.0,"key":"Fire Potion"},{"floor":31.0,"key":"Energy Potion"},{"floor":37,"key":"GamblersBrew"}],"is_trial":false,"path_per_floor":["M","?","M","M","?","E","R","E","T","?","R","M","M","T","R","B",null,"M","M","?","?","?","R","$","E","T","E","?","$","R","M","R","B",null,"M","?","M","?","M"],"character_chosen":"DEFECT","items_purchased":["Loop","Darkstone Periapt","Capacitor","Darkness"],"campfire_rested":2,"item_purchase_floors":[24,24,29,29],"current_hp_per_floor":[68,68,68,68,68,58,58,26,26,8,28,28,21,21,21,32,60,41,41,41,41,41,41,41,11,17,10,10,10,32,26,26,2,57,45,45,7,19,0],"gold":1192,"neow_bonus":"THREE_ENEMY_KILL","is_prod":false,"is_daily":false,"chose_seed":false,"campfire_upgraded":4,"win_rate":0,"timestamp":1551678345,"path_taken":["M","?","M","M","?","E","R","E","T","?","R","M","M","?","R","BOSS","M","M","?","?","?","R","$","E","T","E","?","$","R","?","R","BOSS","M","?","?","?","M"],"build_version":"2019-01-23","purchased_purges":0,"victory":false,"max_hp_per_floor":[75,69,69,69,69,69,69,69,69,69,69,69,69,69,69,69,69,69,69,69,69,69,69,69,69,75,75,75,75,75,75,75,75,75,75,75,75,87,87],"card_choices":[{"not_picked":["Reinforced Body","Rip and Tear"],"picked":"Coolheaded","floor":1.0},{"not_picked":["Beam Cell","Heatsinks"],"picked":"Storm","floor":3.0},{"not_picked":["Hologram","Coolheaded"],"picked":"Cold Snap","floor":4.0},{"not_picked":["Auto Shields","Leap","Stack"],"picked":"SKIP","floor":6.0},{"not_picked":["Rebound","Barrage"],"picked":"Doom and Gloom","floor":8.0},{"not_picked":["Recycle","Multi-Cast"],"picked":"Conserve Battery","floor":12.0},{"not_picked":["Go for the Eyes","Coolheaded"],"picked":"Ball Lightning","floor":13.0},{"not_picked":["Biased Cognition","All For One"],"picked":"Fission","floor":16.0},{"not_picked":["Streamline","Stack","Consume"],"picked":"SKIP","floor":18.0},{"not_picked":["Conserve Battery","Steam"],"picked":"Chill","floor":19.0},{"not_picked":["Leap","Barrage+1"],"picked":"Blizzard","floor":25.0},{"not_picked":["Ball Lightning","Multi-Cast"],"picked":"Reinforced Body","floor":27.0},{"not_picked":["Streamline","Sweeping Beam"],"picked":"Coolheaded","floor":31.0},{"not_picked":["Seek","Electrodynamics"],"picked":"Creative AI","floor":33.0},{"not_picked":["Go for the Eyes","Gash+1"],"picked":"Genetic Algorithm","floor":35.0},{"not_picked":["Redo","Steam+1"],"picked":"Defragment+1","floor":37}],"player_experience":337608,"relics_obtained":[{"floor":6.0,"key":"Du-Vu Doll"},{"floor":8.0,"key":"Gremlin Horn"},{"floor":9.0,"key":"Pantograph"},{"floor":14.0,"key":"WingedGreaves"},{"floor":25.0,"key":"Mercury Hourglass"},{"floor":26.0,"key":"Bag of Marbles"},{"floor":27.0,"key":"Incense Burner"}],"event_choices":[{"damage_healed":0.0,"max_hp_gain":0.0,"max_hp_loss":6.0,"gold_gain":0.0,"event_name":"Golden Idol","player_choice":"Lose Max HP","floor":2.0,"gold_loss":0.0,"damage_taken":0.0,"relics_obtained":["Golden Idol"]},{"damage_healed":0.0,"max_hp_gain":0.0,"max_hp_loss":0.0,"gold_gain":0.0,"event_name":"Living Wall","player_choice":"Grow","floor":5.0,"gold_loss":0.0,"damage_taken":0.0,"cards_upgraded":["Zap"]},{"damage_healed":0.0,"max_hp_gain":0.0,"max_hp_loss":0.0,"gold_gain":0.0,"event_name":"Scrap Ooze","player_choice":"Success","floor":10.0,"gold_loss":0.0,"damage_taken":18.0,"relics_obtained":["Kunai"]},{"damage_healed":0.0,"max_hp_gain":0.0,"max_hp_loss":0.0,"gold_gain":0.0,"cards_transformed":["Strike_B","Strike_B"],"event_name":"Drug Dealer","player_choice":"Became Test Subject","floor":20.0,"gold_loss":0.0,"damage_taken":0.0,"cards_obtained":["Rebound","Machine Learning"]},{"damage_healed":0.0,"max_hp_gain":0.0,"max_hp_loss":0.0,"gold_gain":0.0,"event_name":"Addict","player_choice":"Obtained Relic","floor":21.0,"gold_loss":85.0,"damage_taken":0.0,"relics_obtained":["Pen Nib"]},{"damage_healed":0.0,"max_hp_gain":0.0,"max_hp_loss":0.0,"gold_gain":0.0,"event_name":"Ghosts","player_choice":"Ignored","floor":22.0,"gold_loss":0.0,"damage_taken":0.0},{"damage_healed":0.0,"max_hp_gain":0.0,"max_hp_loss":0.0,"gold_gain":0.0,"cards_transformed":["Strike_B"],"event_name":"Transmorgrifier","player_choice":"Transformed","floor":28.0,"gold_loss":0.0,"damage_taken":0.0,"cards_obtained":["Barrage"]},{"cards_removed":["Doubt"],"damage_healed":0,"gold_gain":0,"player_choice":"Purged","damage_taken":0,"max_hp_gain":0,"max_hp_loss":0,"event_name":"Purifier","floor":36,"gold_loss":0},{"damage_healed":0,"gold_gain":999,"player_choice":"Gold","damage_taken":0,"max_hp_gain":0,"max_hp_loss":0,"event_name":"MindBloom","floor":38,"gold_loss":0,"cards_obtained":["Normality","Normality"]}],"is_beta":false,"boss_relics":[{"not_picked":["Orrery","Sozu"],"picked":"Cursed Key"},{"not_picked":["Fusion Hammer","Velvet Choker"],"picked":"Inserter"}],"items_purged_floors":[],"is_endless":false,"potions_floor_spawned":[1,8,12,13,18,25,31,37],"killed_by":"Spire Growth","ascension_level":8}