{"gold_per_floor":[116,116,191,6,6,338,338,352,376,403,403,403,421,448,448,526,526,542,556,573,573],"floor_reached":21,"playtime":1557,"items_purged":["Defend_B"],"score":394,"play_id":"92d3bd06-57d2-4c7e-bcb8-64315c545dbf","local_time":"20181118194357","is_ascension_mode":true,"campfire_choices":[{"floor":7,"key":"REST"},{"data":"Defragment","floor":12,"key":"SMITH"},{"data":"Doom and Gloom","floor":15,"key":"SMITH"}],"neow_cost":"CURSE","seed_source_timestamp":262511821102265,"circlet_count":0,"master_deck":["AscendersBane","Strike_B","Strike_B","Defend_B","Defend_B","Zap","Dualcast","Clumsy","Redo","Redo","Defragment+1","Sweeping Beam","Glacier","Hologram","Ball Lightning","Doom and Gloom+1","Ball Lightning"],"relics":["Cracked Core","Omamori","Old Coin","PreservedInsect","Letter Opener","Bottled Lightning","Snecko Eye"],"potions_floor_usage":[14,19,20,21],"damage_taken":[{"damage":0,"enemies":"Cultist","floor":1,"turns":2},{"damage":25,"enemies":"Lagavulin","floor":6,"turns":7},{"damage":7,"enemies":"2 Louse","floor":8,"turns":3},{"damage":7,"enemies":"3 Sentries","floor":10,"turns":11},{"damage":0,"enemies":"Jaw Worm","floor":13,"turns":4},{"damage":8,"enemies":"Gremlin Nob","floor":14,"turns":3},{"damage":20,"enemies":"Slime Boss","floor":16,"turns":7},{"damage":20,"enemies":"Shell Parasite","floor":18,"turns":7},{"damage":11,"enemies":"2 Thieves","floor":19,"turns":4},{"damage":7,"enemies":"Centurion and Healer","floor":20,"turns":6},{"damage":20,"enemies":"Snake Plant","floor":21,"turns":2}],"seed_played":"-7582622490366777413","potions_obtained":[{"floor":13,"key":"FocusPotion"},{"floor":14,"key":"Fire Potion"},{"floor":20,"key":"SkillPotion"}],"is_trial":false,"path_per_floor":["M","?","?","$","?","E","R","M","T","E","?","R","M","E","R","B",null,"M","M","M","M"],"character_chosen":"DEFECT","items_purchased":["Sweeping Beam","Fire Potion"],"campfire_rested":1,"item_purchase_floors":[4,4],"current_hp_per_floor":[64,46,35,35,28,3,24,17,17,10,33,33,33,25,25,5,55,35,24,17,0],"gold":573,"neow_bonus":"TRANSFORM_TWO_CARDS","is_prod":false,"is_daily":false,"chose_seed":false,"campfire_upgraded":2,"win_rate":0,"timestamp":1542566637,"path_taken":["M","?","?","$","?","E","R","M","T","E","?","R","M","E","R","BOSS","M","M","M","M"],"build_version":"2018-11-15","purchased_purges":1,"victory":false,"max_hp_per_floor":[71,71,71,71,71,71,71,71,71,71,71,71,71,71,71,71,71,71,71,71,71],"card_choices":[{"not_picked":["Fusion","Consume"],"picked":"Defragment","floor":1},{"not_picked":["Go for the Eyes","White Noise"],"picked":"Glacier","floor":6},{"not_picked":["Scrape","Coolheaded"],"picked":"Hologram","floor":8},{"not_picked":["Cold Snap","Aggregate"],"picked":"Ball Lightning","floor":10},{"not_picked":["Hologram","Redo"],"picked":"Doom and Gloom","floor":13},{"not_picked":["Barrage","Stack","Gash"],"picked":"SKIP","floor":14},{"not_picked":["Melter","Beam Cell","Heatsinks"],"picked":"SKIP","floor":18},{"not_picked":["Reprogram","Barrage","Redo"],"picked":"SKIP","floor":19},{"not_picked":["Stack","Double Energy"],"picked":"Ball Lightning","floor":20}],"player_experience":1640263,"relics_obtained":[{"floor":6,"key":"Old Coin"},{"floor":9,"key":"PreservedInsect"},{"floor":10,"key":"Letter Opener"},{"floor":14,"key":"Bottled Lightning"}],"event_choices":[{"damage_healed":0,"gold_gain":0,"player_choice":"Success","damage_taken":18,"relics_obtained":["Omamori"],"max_hp_gain":0,"max_hp_loss":0,"event_name":"Scrap Ooze","floor":2,"gold_loss":0},{"damage_healed":0,"gold_gain":75,"player_choice":"Gather Gold","damage_taken":11,"max_hp_gain":0,"max_hp_loss":0,"event_name":"World of Goop","floor":3,"gold_loss":0},{"cards_removed":["Defend_B"],"damage_healed":0,"gold_gain":0,"player_choice":"Card Removal","damage_taken":7,"max_hp_gain":0,"max_hp_loss":0,"event_name":"Golden Wing","floor":5,"gold_loss":0},{"damage_healed":23,"gold_gain":0,"player_choice":"Banana","damage_taken":0,"max_hp_gain":0,"max_hp_loss":0,"event_name":"Big Fish","floor":11,"gold_loss":0}],"is_beta":false,"boss_relics":[{"not_picked":["Tiny House","Nuclear Battery"],"picked":"Snecko Eye"}],"items_purged_floors":[4],"is_endless":false,"potions_floor_spawned":[13,14,20],"killed_by":"Snake Plant","ascension_level":20}