{"gold_per_floor":[116,116,128,148,227,227,255,180,233,264,108,108,139,157,157,236,236,248,248,264,282,67,67,67],"floor_reached":24,"playtime":1461,"items_purged":["Strike_B","Zap","Stack"],"score":428,"play_id":"4d61443c-f160-4966-abaf-6c2aa7f1b927","local_time":"20190227135541","is_ascension_mode":true,"campfire_choices":[{"data":"Multi-Cast","floor":6.0,"key":"SMITH"},{"floor":12.0,"key":"REST"},{"data":"Double Energy","floor":15.0,"key":"SMITH"},{"data":"Recycle","floor":23,"key":"SMITH"}],"neow_cost":"TEN_PERCENT_HP_LOSS","seed_source_timestamp":0,"circlet_count":0,"master_deck":["AscendersBane","Defend_B","Defend_B","Defend_B","Dualcast","Multi-Cast+1","Genetic Algorithm","Coolheaded","Consume","Genetic Algorithm","Undo","Double Energy+1","Self Repair","Recycle+1"],"special_seed":0,"relics":["Cracked Core","GremlinMask","Symbiotic Virus","Omamori","Whetstone","Bottled Lightning","Letter Opener","Empty Cage"],"potions_floor_usage":[24,24],"damage_taken":[{"damage":6.0,"enemies":"2 Louse","floor":1.0,"turns":3.0},{"damage":1.0,"enemies":"Cultist","floor":3.0,"turns":4.0},{"damage":0.0,"enemies":"Small Slimes","floor":4.0,"turns":4.0},{"damage":32.0,"enemies":"Gremlin Nob","floor":7.0,"turns":4.0},{"damage":11.0,"enemies":"3 Sentries","floor":10.0,"turns":9.0},{"damage":5.0,"enemies":"Lagavulin","floor":13.0,"turns":5.0},{"damage":2.0,"enemies":"Exordium Wildlife","floor":14.0,"turns":4.0},{"damage":14.0,"enemies":"Slime Boss","floor":16.0,"turns":5.0},{"damage":14.0,"enemies":"3 Byrds","floor":18.0,"turns":3.0},{"damage":0.0,"enemies":"Chosen","floor":20.0,"turns":4.0},{"damage":12.0,"enemies":"Sentry and Sphere","floor":21.0,"turns":5.0},{"damage":70,"enemies":"Slavers","floor":24,"turns":11}],"seed_played":"1360748058692537861","potions_obtained":[{"floor":1.0,"key":"SpeedPotion"},{"floor":7.0,"key":"SpeedPotion"},{"floor":10.0,"key":"LiquidBronze"},{"floor":16.0,"key":"PowerPotion"},{"floor":18.0,"key":"Fruit Juice"},{"floor":21.0,"key":"Weak Potion"}],"is_trial":false,"path_per_floor":["M","?","M","M","T","R","E","$","T","E","$","R","E","M","R","B",null,"M","?","M","M","$","R","E"],"character_chosen":"DEFECT","items_purchased":["PowerPotion","Recycle"],"campfire_rested":1,"item_purchase_floors":[11,22],"current_hp_per_floor":[58,58,57,57,57,57,25,25,25,14,14,33,28,26,26,12,51,37,74,74,67,67,67,0],"gold":67,"neow_bonus":"TRANSFORM_TWO_CARDS","is_prod":false,"is_daily":false,"chose_seed":false,"campfire_upgraded":3,"win_rate":0,"timestamp":1551272141,"path_taken":["M","?","M","?","?","R","E","$","T","E","$","R","E","M","R","BOSS","M","?","?","M","$","R","E"],"build_version":"2019-01-23","purchased_purges":3,"victory":false,"max_hp_per_floor":[64,64,64,64,64,64,64,64,64,64,64,64,64,64,64,64,64,64,74,74,79,79,79,79],"card_choices":[{"not_picked":["Sweeping Beam","Skim"],"picked":"Genetic Algorithm","floor":1.0},{"not_picked":["Rebound","Cold Snap"],"picked":"Coolheaded","floor":3.0},{"not_picked":["Coolheaded","Redo"],"picked":"Consume","floor":4.0},{"not_picked":["Barrage","Reprogram"],"picked":"Genetic Algorithm","floor":7.0},{"not_picked":["Go for the Eyes","Beam Cell","Leap"],"picked":"SKIP","floor":10.0},{"not_picked":["Stack","Recycle"],"picked":"Undo","floor":13.0},{"not_picked":["Fusion","Undo"],"picked":"Double Energy","floor":14.0},{"not_picked":["Meteor Strike","Machine Learning"],"picked":"Echo Form","floor":16.0},{"not_picked":["Gash","Sweeping Beam+1","Cold Snap+1"],"picked":"SKIP","floor":18.0},{"not_picked":["Barrage","Compile Driver","Blizzard+1"],"picked":"SKIP","floor":20.0},{"not_picked":["Electrodynamics","Steam"],"picked":"Self Repair","floor":21.0}],"player_experience":1945420,"relics_obtained":[{"floor":5.0,"key":"Symbiotic Virus"},{"floor":7.0,"key":"Omamori"},{"floor":9.0,"key":"Whetstone"},{"floor":10.0,"key":"Bottled Lightning"},{"floor":13.0,"key":"Letter Opener"}],"event_choices":[{"damage_healed":0.0,"max_hp_gain":0.0,"max_hp_loss":0.0,"gold_gain":0.0,"event_name":"FaceTrader","player_choice":"Trade","floor":2.0,"gold_loss":0.0,"damage_taken":0.0,"relics_obtained":["GremlinMask"]},{"cards_removed":["Echo Form"],"damage_healed":27.0,"max_hp_gain":10.0,"max_hp_loss":0.0,"gold_gain":0.0,"event_name":"Bonfire Elementals","player_choice":"Offered Rare","floor":19.0,"gold_loss":0.0,"damage_taken":0.0}],"is_beta":false,"boss_relics":[{"not_picked":["Tiny House","Philosopher\u0027s Stone"],"picked":"Empty Cage"}],"items_purged_floors":[8,11,22],"is_endless":false,"potions_floor_spawned":[1,7,10,13,16,18,21],"killed_by":"Slavers","ascension_level":20}