{"gold_per_floor":[111,125,125,138,151,176,188,188,212,212,232,249,269,303,303,375,375,395,14,25,25,25,25,58,70,96,96,129,140,240,240],"floor_reached":31,"playtime":1413,"items_purged":[],"score":578,"play_id":"200f300e-8d4b-4081-a306-7cb266c83e8c","local_time":"20181120214114","is_ascension_mode":true,"campfire_choices":[{"data":"Zap","floor":8,"key":"SMITH"},{"floor":10,"key":"REST"},{"data":"Defragment","floor":15,"key":"SMITH"},{"floor":23,"key":"REST"},{"floor":27,"key":"REST"}],"neow_cost":"NONE","seed_source_timestamp":442557599475338,"circlet_count":0,"master_deck":["AscendersBane","Strike_B","Strike_B","Strike_B","Strike_B","Defend_B","Defend_B","Defend_B","Defend_B","Zap+1","Dualcast","Compile Driver","Ball Lightning+1","Reinforced Body","Ball Lightning","Conserve Battery","BootSequence","Cold Snap+1","Defragment+1","Chill","Biased Cognition","Coolheaded+1","Loop+1","Biased Cognition","FTL","Hologram","Hologram"],"relics":["Cracked Core","Pen Nib","Pantograph","Vajra","Potion Belt","Fusion Hammer","Runic Capacitor","Whetstone","Lantern","Omamori","Mango","Shuriken"],"potions_floor_usage":[6,14,28,28,30],"damage_taken":[{"damage":0,"enemies":"Small Slimes","floor":1,"turns":2},{"damage":2,"enemies":"2 Louse","floor":2,"turns":3},{"damage":1,"enemies":"Cultist","floor":4,"turns":3},{"damage":0,"enemies":"Blue Slaver","floor":5,"turns":3},{"damage":20,"enemies":"3 Sentries","floor":6,"turns":5},{"damage":23,"enemies":"Large Slime","floor":7,"turns":7},{"damage":8,"enemies":"Exordium Wildlife","floor":11,"turns":4},{"damage":0,"enemies":"2 Fungi Beasts","floor":12,"turns":3},{"damage":0,"enemies":"Blue Slaver","floor":13,"turns":3},{"damage":10,"enemies":"Lagavulin","floor":14,"turns":6},{"damage":24,"enemies":"Slime Boss","floor":16,"turns":7},{"damage":10,"enemies":"Shell Parasite","floor":18,"turns":4},{"damage":2,"enemies":"Chosen","floor":20,"turns":4},{"damage":14,"enemies":"Gremlin Leader","floor":24,"turns":6},{"damage":8,"enemies":"Centurion and Healer","floor":25,"turns":4},{"damage":14,"enemies":"Slavers","floor":28,"turns":4},{"damage":7,"enemies":"Snake Plant","floor":29,"turns":3},{"damage":0,"enemies":"Colosseum Slavers","floor":30,"turns":4},{"damage":41,"enemies":"Colosseum Nobs","floor":30,"turns":4},{"damage":19,"enemies":"Shelled Parasite and Fungi","floor":31,"turns":2}],"seed_played":"9217913398645255224","potions_obtained":[{"floor":4,"key":"Energy Potion"},{"floor":5,"key":"Explosive Potion"},{"floor":12,"key":"LiquidBronze"},{"floor":13,"key":"Poison Potion"},{"floor":14,"key":"Fire Potion"},{"floor":28,"key":"PowerPotion"}],"is_trial":false,"path_per_floor":["M","M","?","M","M","E","M","R","T","R","M","M","M","E","R","B",null,"M","$","M","?","$","R","E","M","T","R","E","M","?","M"],"character_chosen":"DEFECT","items_purchased":["Runic Capacitor","EntropicBrew","Fire Potion"],"campfire_rested":3,"item_purchase_floors":[19,19,19],"current_hp_per_floor":[64,62,62,61,61,41,18,18,18,39,31,31,31,21,21,22,59,49,49,47,47,47,68,54,46,46,67,53,46,19,0],"gold":240,"neow_bonus":"RANDOM_COMMON_RELIC","is_prod":false,"is_daily":false,"chose_seed":false,"campfire_upgraded":2,"win_rate":0,"timestamp":1542746474,"path_taken":["M","M","?","M","M","E","M","R","T","R","M","M","M","E","R","BOSS","M","$","M","?","?","R","E","M","T","R","E","M","?","M"],"build_version":"2018-11-15","purchased_purges":0,"victory":false,"max_hp_per_floor":[71,71,71,71,71,71,71,71,71,71,71,71,71,71,71,71,71,71,71,71,71,71,71,71,71,71,71,71,71,85,85],"card_choices":[{"not_picked":["White Noise","Steam"],"picked":"Compile Driver","floor":1},{"not_picked":["Turbo","Streamline"],"picked":"Ball Lightning","floor":2},{"not_picked":["Go for the Eyes","Beam Cell"],"picked":"Reinforced Body","floor":4},{"not_picked":["Rebound","Conserve Battery"],"picked":"Ball Lightning","floor":5},{"not_picked":["Leap","Redo"],"picked":"Conserve Battery","floor":6},{"not_picked":["Aggregate","Gash","Double Energy"],"picked":"SKIP","floor":7},{"not_picked":["Gash","Aggregate"],"picked":"BootSequence","floor":11},{"not_picked":["Streamline","Conserve Battery"],"picked":"Cold Snap","floor":12},{"not_picked":["Undo","Hologram"],"picked":"Defragment","floor":13},{"not_picked":["Coolheaded","Cold Snap"],"picked":"Chill","floor":14},{"not_picked":["Hyperbeam","All For One"],"picked":"Biased Cognition","floor":16},{"not_picked":["Undo","Redo"],"picked":"Coolheaded+1","floor":18},{"not_picked":["Rebound","Leap"],"picked":"Loop+1","floor":20},{"not_picked":["Leap","Compile Driver"],"picked":"Biased Cognition","floor":24},{"not_picked":["Double Energy","Gash","Cold Snap"],"picked":"SKIP","floor":25},{"not_picked":["Gash+1","Stack"],"picked":"FTL","floor":28},{"not_picked":["Cold Snap","Gash"],"picked":"Hologram","floor":29},{"not_picked":["Storm","Cold Snap"],"picked":"Hologram","floor":30}],"player_experience":1645910,"relics_obtained":[{"floor":6,"key":"Pantograph"},{"floor":9,"key":"Vajra"},{"floor":14,"key":"Potion Belt"},{"floor":24,"key":"Whetstone"},{"floor":26,"key":"Lantern"},{"floor":28,"key":"Omamori"},{"floor":30,"key":"Mango"},{"floor":30,"key":"Shuriken"}],"event_choices":[{"damage_healed":0,"gold_gain":0,"player_choice":"Ignored","damage_taken":0,"max_hp_gain":0,"max_hp_loss":0,"event_name":"Liars Game","floor":3,"gold_loss":0},{"damage_healed":0,"gold_gain":0,"player_choice":"0 cards matched","damage_taken":0,"max_hp_gain":0,"max_hp_loss":0,"event_name":"Match and Keep!","floor":21,"gold_loss":0,"cards_obtained":[]},{"damage_healed":0,"gold_gain":0,"player_choice":"Fight","damage_taken":0,"max_hp_gain":0,"max_hp_loss":0,"event_name":"Colosseum","floor":30,"gold_loss":0},{"damage_healed":0,"gold_gain":0,"player_choice":"Fought Nobs","damage_taken":0,"max_hp_gain":0,"max_hp_loss":0,"event_name":"Colosseum","floor":30,"gold_loss":0}],"is_beta":false,"boss_relics":[{"not_picked":["FrozenCore","Ectoplasm"],"picked":"Fusion Hammer"}],"items_purged_floors":[],"is_endless":false,"potions_floor_spawned":[4,5,12,13,14,24,28,30],"killed_by":"Shelled Parasite and Fungi","ascension_level":20}