{"gold_per_floor":[18,18,32,32,50,82,82,101,101,101,120,133,160,2,2,74,74,91,91,5,5],"floor_reached":21,"playtime":654,"items_purged":["Strike_B"],"score":478,"play_id":"494b2420-d1e4-4aed-88b3-1a741e63df92","local_time":"20190228231907","is_ascension_mode":true,"campfire_choices":[{"data":"Sweeping Beam","floor":7,"key":"SMITH"},{"floor":10,"key":"REST"},{"floor":15,"key":"REST"}],"neow_cost":"NO_GOLD","seed_source_timestamp":1043028545255675,"circlet_count":0,"master_deck":["AscendersBane","Strike_B","Defend_B","Defend_B","Defend_B","Defend_B","Zap","Dualcast","Core Surge","Sweeping Beam+1","Sweeping Beam","Defragment+1","Storm+1","Storm+1","Machine Learning+1","Steam","Hello World+1"],"relics":["Cracked Core","Frozen Egg 2","Letter Opener","DataDisk","Sozu"],"potions_floor_usage":[6,8,13],"damage_taken":[{"damage":7,"enemies":"Small Slimes","floor":1,"turns":3},{"damage":2,"enemies":"Jaw Worm","floor":3,"turns":4},{"damage":6,"enemies":"Cultist","floor":5,"turns":3},{"damage":30,"enemies":"Lagavulin","floor":6,"turns":8},{"damage":0,"enemies":"Large Slime","floor":8,"turns":4},{"damage":7,"enemies":"Looter","floor":11,"turns":4},{"damage":8,"enemies":"Exordium Wildlife","floor":12,"turns":3},{"damage":11,"enemies":"Gremlin Nob","floor":13,"turns":3},{"damage":0,"enemies":"Slime Boss","floor":16,"turns":6},{"damage":19,"enemies":"3 Byrds","floor":18,"turns":3},{"damage":27,"enemies":"Colosseum Slavers","floor":21,"turns":1}],"seed_played":"4328817616048132870","potions_obtained":[{"floor":1,"key":"Ancient Potion"},{"floor":3,"key":"LiquidBronze"},{"floor":6,"key":"SpeedPotion"},{"floor":11,"key":"FocusPotion"},{"floor":13,"key":"Poison Potion"}],"is_trial":false,"path_per_floor":["M","?","M","?","M","E","R","M","T","R","M","M","E","$","R","B",null,"M","?","$","?"],"character_chosen":"DEFECT","items_purchased":["Storm+1","Hello World+1"],"campfire_rested":2,"item_purchase_floors":[14,20],"current_hp_per_floor":[57,50,48,48,42,12,12,12,12,33,26,18,7,7,28,28,60,41,21,21,0],"gold":5,"neow_bonus":"THREE_RARE_CARDS","is_prod":false,"is_daily":false,"chose_seed":false,"campfire_upgraded":1,"win_rate":0,"timestamp":1551392347,"path_taken":["M","?","M","?","M","E","R","M","T","R","?","M","E","$","R","BOSS","M","?","$","?"],"build_version":"2019-01-23","purchased_purges":1,"victory":false,"max_hp_per_floor":[71,71,71,71,71,71,71,71,71,71,71,71,71,71,71,71,71,71,76,76,76],"card_choices":[{"not_picked":["Creative AI","Rainbow"],"picked":"Core Surge","floor":0},{"not_picked":["Blizzard","Beam Cell","Leap"],"picked":"SKIP","floor":1},{"not_picked":["Stack","Scrape"],"picked":"Sweeping Beam","floor":3},{"not_picked":["Skim","Turbo"],"picked":"Sweeping Beam","floor":5},{"not_picked":["Beam Cell","Go for the Eyes","Chaos"],"picked":"SKIP","floor":6},{"not_picked":["Aggregate","Streamline"],"picked":"Defragment+1","floor":8},{"not_picked":["Scrape","Steam","Gash"],"picked":"SKIP","floor":11},{"not_picked":["Gash","Auto Shields"],"picked":"Storm+1","floor":12},{"not_picked":["Hyperbeam","Streamline","Steam"],"picked":"SKIP","floor":13},{"not_picked":["Hyperbeam","Seek"],"picked":"Machine Learning+1","floor":16},{"not_picked":["Stack","Darkness"],"picked":"Steam","floor":18}],"player_experience":1948247,"relics_obtained":[{"floor":6,"key":"Frozen Egg 2"},{"floor":9,"key":"Letter Opener"},{"floor":13,"key":"DataDisk"}],"event_choices":[{"cards_removed":["Strike_B"],"damage_healed":0,"gold_gain":0,"player_choice":"Card Removal","damage_taken":7,"max_hp_gain":0,"max_hp_loss":0,"event_name":"Golden Wing","floor":2,"gold_loss":0},{"cards_removed":["Strike_B"],"damage_healed":0,"gold_gain":0,"player_choice":"Offered Basic","damage_taken":0,"max_hp_gain":0,"max_hp_loss":0,"event_name":"Bonfire Elementals","floor":4,"gold_loss":0},{"damage_healed":0,"gold_gain":0,"player_choice":"Shed Blood","damage_taken":25,"max_hp_gain":5,"max_hp_loss":0,"event_name":"Forgotten Altar","floor":19,"gold_loss":0},{"damage_healed":0,"gold_gain":0,"player_choice":"Fight","damage_taken":0,"max_hp_gain":0,"max_hp_loss":0,"event_name":"Colosseum","floor":21,"gold_loss":0}],"is_beta":false,"boss_relics":[{"not_picked":["White Beast Statue","Tiny House"],"picked":"Sozu"}],"items_purged_floors":[14],"is_endless":false,"potions_floor_spawned":[1,3,6,11,13,18],"killed_by":"Colosseum Slavers","ascension_level":20}