{"gold_per_floor":[117,134,148,128,144,144,205,205,205,216,233,233,245,277,277,349,349,349,349,289,12,12,12,12,12,12,12,12,12,12,12,12,12],"floor_reached":33,"playtime":1793,"items_purged":[],"score":582,"play_id":"34f79eea-b436-4dcb-895c-9bb972e5ec24","local_time":"20181010190833","is_ascension_mode":true,"campfire_choices":[{"data":"Dagger Spray","floor":6,"key":"SMITH"},{"data":"Dash","floor":8,"key":"SMITH"},{"data":"Caltrops","floor":12,"key":"SMITH"},{"data":"Leg Sweep","floor":15,"key":"SMITH"},{"data":"All Out Attack","floor":23,"key":"SMITH"},{"data":"Neutralize","floor":25,"key":"SMITH"},{"data":"Backstab","floor":29,"key":"SMITH"},{"floor":32,"key":"REST"}],"neow_cost":"TEN_PERCENT_HP_LOSS","seed_source_timestamp":18959153001479,"circlet_count":0,"master_deck":["Defend_G","Defend_G","Defend_G","Defend_G","Defend_G","Strike_G","Strike_G","Strike_G","Strike_G","Strike_G","Survivor","Neutralize+1","AscendersBane","Underhanded Strike","Underhanded Strike","Backstab+1","Dash+1","Dagger Spray+1","After Image","Caltrops+1","PiercingWail","Leg Sweep+1","After Image","All Out Attack+1","Heel Hook","Die Die Die","Flying Knee+1","Dash+1"],"relics":["Ring of the Snake","Tingsha","Thread and Needle","Nunchaku","Ectoplasm","Meat on the Bone","Red Mask","Strawberry","Bottled Lightning","Boot"],"potions_floor_usage":[16,16,17,27,33],"damage_taken":[{"damage":0,"enemies":"2 Louse","floor":1,"turns":2},{"damage":0,"enemies":"Jaw Worm","floor":2,"turns":5},{"damage":2,"enemies":"Cultist","floor":3,"turns":4},{"damage":21,"enemies":"Exordium Thugs","floor":4,"turns":6},{"damage":8,"enemies":"Blue Slaver","floor":5,"turns":3},{"damage":0,"enemies":"Looter","floor":10,"turns":2},{"damage":0,"enemies":"2 Fungi Beasts","floor":11,"turns":3},{"damage":0,"enemies":"Red Slaver","floor":13,"turns":2},{"damage":6,"enemies":"3 Sentries","floor":14,"turns":7},{"damage":16,"enemies":"Hexaghost","floor":16,"turns":11},{"damage":0,"enemies":"Chosen","floor":18,"turns":4},{"damage":16,"enemies":"2 Thieves","floor":20,"turns":4},{"damage":0,"enemies":"Snake Plant","floor":22,"turns":6},{"damage":18,"enemies":"Masked Bandits","floor":24,"turns":5},{"damage":43,"enemies":"Gremlin Leader","floor":27,"turns":9},{"damage":3,"enemies":"Cultist and Chosen","floor":28,"turns":8},{"damage":11,"enemies":"Book of Stabbing","floor":30,"turns":4},{"damage":7,"enemies":"Sentry and Sphere","floor":31,"turns":5},{"damage":68,"enemies":"Automaton","floor":33,"turns":14}],"seed_played":"2428747225876015847","potions_obtained":[{"floor":3,"key":"Regen Potion"},{"floor":10,"key":"GamblersBrew"},{"floor":11,"key":"Explosive Potion"},{"floor":14,"key":"Strength Potion"},{"floor":16,"key":"Fruit Juice"},{"floor":18,"key":"Ancient Potion"},{"floor":20,"key":"FearPotion"},{"floor":22,"key":"Regen Potion"},{"floor":27,"key":"Swift Potion"}],"is_trial":false,"path_per_floor":["M","M","M","M","M","R","?","R","T","M","M","R","M","E","R","B",null,"M","?","M","$","M","R","?","R","T","E","M","R","E","M","R"],"character_chosen":"THE_SILENT","items_purchased":["Meat on the Bone"],"campfire_rested":1,"item_purchase_floors":[21],"current_hp_per_floor":[59,59,57,36,28,28,28,28,28,28,28,28,28,22,22,15,54,54,36,20,20,32,32,26,26,33,17,26,26,27,32,55,0],"gold":12,"neow_bonus":"ONE_RARE_RELIC","is_prod":false,"is_daily":false,"chose_seed":false,"campfire_upgraded":7,"win_rate":0,"timestamp":1539191313,"path_taken":["M","M","M","M","M","R","?","R","T","?","M","R","?","E","R","BOSS","M","?","M","$","M","R","?","R","T","E","?","R","E","M","R","BOSS"],"build_version":"2018-10-04v2","purchased_purges":0,"victory":false,"max_hp_per_floor":[60,60,60,60,60,60,60,60,60,60,60,60,60,60,60,60,65,65,70,70,70,70,70,70,70,77,77,77,77,77,77,77,77],"card_choices":[{"not_picked":["Outmaneuver","Dodge and Roll"],"picked":"Underhanded Strike","floor":1},{"not_picked":["Setup","Poisoned Stab"],"picked":"Underhanded Strike","floor":2},{"not_picked":["Bane","Catalyst"],"picked":"Backstab","floor":3},{"not_picked":["Prepared","Predator"],"picked":"Dash","floor":4},{"not_picked":["Eviscerate","Flechettes"],"picked":"Dagger Spray","floor":5},{"not_picked":["Backflip","Dagger Throw"],"picked":"After Image","floor":10},{"not_picked":["Crippling Poison","Acrobatics"],"picked":"Caltrops","floor":11},{"not_picked":["Eviscerate","Outmaneuver"],"picked":"PiercingWail","floor":13},{"not_picked":["Bullet Time","Expertise"],"picked":"Leg Sweep","floor":14},{"not_picked":["Phantasmal Killer","Envenom"],"picked":"After Image","floor":16},{"not_picked":["Prepared","Acrobatics","Flechettes"],"picked":"SKIP","floor":18},{"not_picked":["Flying Knee","Dodge and Roll"],"picked":"All Out Attack","floor":20},{"not_picked":["Poisoned Stab","Quick Slash","Acrobatics+1"],"picked":"SKIP","floor":22},{"not_picked":["Backflip","All Out Attack"],"picked":"Heel Hook","floor":24},{"not_picked":["Escape Plan","Acrobatics"],"picked":"Die Die Die","floor":27},{"not_picked":["Backflip","Expertise"],"picked":"Flying Knee+1","floor":28},{"not_picked":["Expertise","Slice","Distraction"],"picked":"SKIP","floor":30},{"not_picked":["Dagger Throw","Prepared"],"picked":"Dash+1","floor":31}],"player_experience":1407794,"relics_obtained":[{"floor":9,"key":"Thread and Needle"},{"floor":14,"key":"Nunchaku"},{"floor":24,"key":"Red Mask"},{"floor":26,"key":"Strawberry"},{"floor":27,"key":"Bottled Lightning"},{"floor":30,"key":"Boot"}],"event_choices":[{"event_name":"Golden Wing","player_choice":"Gained Gold","floor":7,"damage_taken":0},{"event_name":"Forgotten Altar","player_choice":"Shed Blood","floor":19,"damage_taken":0},{"event_name":"Masked Bandits","player_choice":"Fought Bandits","floor":24,"damage_taken":0}],"is_beta":false,"boss_relics":[{"not_picked":["Cursed Key","Calling Bell"],"picked":"Ectoplasm"}],"items_purged_floors":[],"is_endless":false,"potions_floor_spawned":[3,10,11,14,16,18,20,22,27],"killed_by":"Automaton","ascension_level":20}