{"gold_per_floor":[111,127,127,147,72,72,107,107,107,123,123,149,167,186,186,259,259,259,259,259,18,18,18,18,18,18,18,18,18,18,18,18,18,18,18,18,18,18,18,18,18,18,18,18,18,18,18,18,18,18,18],"floor_reached":51,"playtime":3673,"items_purged":["Writhe"],"score":1750,"play_id":"e687735e-4d8f-455e-a54a-a9975991ca6d","local_time":"20190206142645","is_ascension_mode":true,"campfire_choices":[{"data":"Bash","floor":6,"key":"SMITH"},{"floor":8,"key":"DIG"},{"floor":11,"key":"REST"},{"floor":15,"key":"DIG"},{"floor":24,"key":"DIG"},{"floor":27,"key":"DIG"},{"data":"True Grit","floor":32,"key":"SMITH"},{"floor":44,"key":"REST"},{"floor":49,"key":"REST"}],"neow_cost":"TEN_PERCENT_HP_LOSS","seed_source_timestamp":1859205393998063,"circlet_count":0,"master_deck":["AscendersBane","Strike_R","Strike_R+1","Strike_R","Strike_R","Strike_R","Defend_R","Defend_R","Defend_R+1","Bash+1","Shrug It Off+1","Battle Trance","Shrug It Off","Shockwave","Wild Strike","Spot Weakness","Fiend Fire","Twin Strike","Demon Form+1","Feel No Pain","Battle Trance+1","Feel No Pain","Shockwave+1","True Grit+1","Evolve+1","Immolate","Shrug It Off","Disarm","Feel No Pain+1","Heavy Blade+1","Limit Break","Carnage+1"],"relics":["Burning Blood","Shovel","Charon\u0027s Ashes","Ornamental Fan","Shuriken","Vajra","Ectoplasm","Dodecahedron","Bronze Scales","Bag of Marbles","Sundial","Anchor","War Paint","Pear","Juzu Bracelet","Calipers","Tiny Chest","Snecko Eye","Du-Vu Doll","Peace Pipe","Pen Nib","Molten Egg 2","Unceasing Top"],"potions_floor_usage":[12,23,46,50,51,51,51],"damage_taken":[{"damage":2,"enemies":"2 Louse","floor":1,"turns":4},{"damage":0,"enemies":"Small Slimes","floor":2,"turns":5},{"damage":0,"enemies":"Jaw Worm","floor":4,"turns":5},{"damage":49,"enemies":"Lagavulin","floor":7,"turns":8},{"damage":5,"enemies":"Exordium Thugs","floor":10,"turns":6},{"damage":19,"enemies":"3 Sentries","floor":12,"turns":6},{"damage":0,"enemies":"3 Louse","floor":13,"turns":3},{"damage":0,"enemies":"Large Slime","floor":14,"turns":5},{"damage":9,"enemies":"The Guardian","floor":16,"turns":10},{"damage":2,"enemies":"Spheric Guardian","floor":18,"turns":3},{"damage":8,"enemies":"3 Byrds","floor":22,"turns":3},{"damage":8,"enemies":"Gremlin Leader","floor":23,"turns":4},{"damage":24,"enemies":"Book of Stabbing","floor":25,"turns":4},{"damage":17,"enemies":"Gremlin Leader","floor":28,"turns":4},{"damage":12,"enemies":"Cultist and Chosen","floor":29,"turns":5},{"damage":14,"enemies":"Book of Stabbing","floor":30,"turns":5},{"damage":0,"enemies":"Champ","floor":33,"turns":17},{"damage":11,"enemies":"3 Darklings","floor":35,"turns":3},{"damage":8,"enemies":"3 Shapes","floor":37,"turns":4},{"damage":0,"enemies":"Sphere and 2 Shapes","floor":39,"turns":3},{"damage":0,"enemies":"Giant Head","floor":40,"turns":7},{"damage":18,"enemies":"2 Orb Walkers","floor":41,"turns":4},{"damage":33,"enemies":"Reptomancer","floor":42,"turns":5},{"damage":4,"enemies":"Writhing Mass","floor":45,"turns":6},{"damage":4,"enemies":"3 Darklings","floor":46,"turns":6},{"damage":23,"enemies":"Giant Head","floor":47,"turns":7},{"damage":6,"enemies":"Transient","floor":48,"turns":6},{"damage":40,"enemies":"Time Eater","floor":50,"turns":8},{"damage":86,"enemies":"Awakened One","floor":51,"turns":8}],"seed_played":"-4106679269124565248","potions_obtained":[{"floor":7,"key":"Explosive Potion"},{"floor":12,"key":"Block Potion"},{"floor":14,"key":"EntropicBrew"},{"floor":30,"key":"SteroidPotion"},{"floor":33,"key":"Fire Potion"},{"floor":37,"key":"PowerPotion"},{"floor":45,"key":"Regen Potion"},{"floor":46,"key":"BloodPotion"}],"is_trial":false,"path_per_floor":["M","M","?","M","?","R","E","R","T","M","R","E","M","M","R","B",null,"M","?","T","$","M","E","R","E","T","R","E","M","E","?","R","B",null,"M","?","M","?","M","E","?","E","T","R","M","M","E","M","R","B","B"],"character_chosen":"IRONCLAD","items_purchased":["Bag of Marbles"],"campfire_rested":3,"item_purchase_floors":[21],"current_hp_per_floor":[68,68,48,54,54,54,11,11,11,12,32,19,25,31,31,28,58,62,62,62,62,60,58,58,40,50,50,39,33,25,25,25,31,66,61,61,59,52,58,64,52,25,25,48,50,67,50,50,73,46,0],"gold":18,"neow_bonus":"ONE_RARE_RELIC","is_prod":false,"is_daily":false,"chose_seed":false,"campfire_upgraded":2,"win_rate":0,"timestamp":1549459605,"path_taken":["M","M","?","M","?","R","E","R","T","M","R","E","M","M","R","BOSS","M","?","?","$","M","E","R","E","T","R","E","M","E","?","R","BOSS","M","?","M","?","M","E","?","E","T","R","M","M","E","M","R","BOSS","BOSS"],"build_version":"2019-01-23","purchased_purges":1,"victory":false,"max_hp_per_floor":[68,68,68,68,68,68,68,68,68,68,68,68,68,68,68,68,68,68,68,68,68,68,68,68,68,78,78,78,78,78,78,78,78,78,78,78,78,78,78,78,78,78,78,78,78,78,78,78,78,78,78],"card_choices":[{"not_picked":["Heavy Blade","Flex"],"picked":"Shrug It Off","floor":1},{"not_picked":["Thunderclap","Entrench"],"picked":"Battle Trance","floor":2},{"not_picked":["Body Slam","Intimidate"],"picked":"Shrug It Off","floor":4},{"not_picked":["Bloodletting","Body Slam"],"picked":"Shockwave","floor":7},{"not_picked":["True Grit","Warcry"],"picked":"Wild Strike","floor":10},{"not_picked":["Clash","Reckless Charge"],"picked":"Spot Weakness","floor":12},{"not_picked":["Disarm","Second Wind"],"picked":"Fiend Fire","floor":13},{"not_picked":["Bloodletting","Iron Wave"],"picked":"Twin Strike","floor":14},{"not_picked":["Barricade","Berserk"],"picked":"Demon Form","floor":16},{"not_picked":["Entrench","Inflame","Havoc"],"picked":"SKIP","floor":18},{"not_picked":["Anger","Headbutt+1"],"picked":"Feel No Pain","floor":22},{"not_picked":["Flame Barrier","Twin Strike"],"picked":"Battle Trance","floor":23},{"not_picked":["Blood for Blood","Clash"],"picked":"Feel No Pain","floor":25},{"not_picked":["Burning Pact","Thunderclap+1"],"picked":"Shockwave+1","floor":28},{"not_picked":["Clash+1","Infernal Blade"],"picked":"True Grit","floor":29},{"not_picked":["Rupture","Seeing Red"],"picked":"Evolve+1","floor":30},{"not_picked":["Barricade","Berserk"],"picked":"Immolate","floor":33},{"not_picked":["Warcry","Headbutt","Searing Blow"],"picked":"SKIP","floor":35},{"not_picked":["Second Wind","Clash+1"],"picked":"Shrug It Off","floor":37},{"not_picked":["Thunderclap+1","Heavy Blade"],"picked":"Disarm","floor":39},{"not_picked":["Intimidate","Second Wind","Headbutt+1"],"picked":"SKIP","floor":40},{"not_picked":["Cleave","Hemokinesis"],"picked":"Feel No Pain+1","floor":41},{"not_picked":["True Grit","Iron Wave"],"picked":"Heavy Blade+1","floor":42},{"not_picked":["Flame Barrier","Heavy Blade+1","Blood for Blood+1"],"picked":"SKIP","floor":45},{"not_picked":["Anger+1","Thunderclap+1"],"picked":"Limit Break","floor":46},{"not_picked":["Armaments+1","Clash+1"],"picked":"Carnage+1","floor":47},{"not_picked":["Power Through","Rage+1","Havoc"],"picked":"SKIP","floor":48}],"player_experience":1867138,"relics_obtained":[{"floor":7,"key":"Charon\u0027s Ashes"},{"floor":8,"key":"Ornamental Fan"},{"floor":12,"key":"Shuriken"},{"floor":15,"key":"Vajra"},{"floor":20,"key":"Bronze Scales"},{"floor":23,"key":"Sundial"},{"floor":24,"key":"Anchor"},{"floor":25,"key":"War Paint"},{"floor":26,"key":"Pear"},{"floor":27,"key":"Juzu Bracelet"},{"floor":28,"key":"Calipers"},{"floor":30,"key":"Tiny Chest"},{"floor":40,"key":"Du-Vu Doll"},{"floor":41,"key":"Peace Pipe"},{"floor":42,"key":"Pen Nib"},{"floor":43,"key":"Molten Egg 2"},{"floor":47,"key":"Unceasing Top"}],"event_choices":[{"damage_healed":0,"gold_gain":0,"player_choice":"Entered Light","damage_taken":20,"max_hp_gain":0,"max_hp_loss":0,"event_name":"Shining Light","floor":3,"gold_loss":0,"cards_upgraded":["Strike_R","Defend_R"]},{"cards_removed":["Defend_R"],"damage_healed":0,"gold_gain":0,"player_choice":"Card Removal","damage_taken":0,"max_hp_gain":0,"max_hp_loss":0,"event_name":"The Cleric","floor":5,"gold_loss":75},{"damage_healed":0,"gold_gain":0,"player_choice":"Opened","damage_taken":0,"relics_obtained":["Dodecahedron"],"max_hp_gain":0,"max_hp_loss":0,"event_name":"The Mausoleum","floor":19,"gold_loss":0,"cards_obtained":["Writhe"]},{"damage_healed":0,"gold_gain":0,"player_choice":"Ignored","damage_taken":0,"max_hp_gain":0,"max_hp_loss":0,"event_name":"Beggar","floor":31,"gold_loss":0},{"damage_healed":0,"gold_gain":0,"player_choice":"Forge","damage_taken":0,"max_hp_gain":0,"max_hp_loss":0,"event_name":"Accursed Blacksmith","floor":36,"gold_loss":0,"cards_upgraded":["Demon Form"]},{"damage_healed":0,"gold_gain":50,"player_choice":"Touch","damage_taken":7,"max_hp_gain":0,"max_hp_loss":0,"event_name":"FaceTrader","floor":38,"gold_loss":0},{"damage_healed":0,"gold_gain":0,"player_choice":"Fight","damage_taken":0,"max_hp_gain":0,"max_hp_loss":0,"event_name":"Mysterious Sphere","floor":41,"gold_loss":0}],"is_beta":false,"boss_relics":[{"not_picked":["Orrery","Eternal Feather"],"picked":"Ectoplasm"},{"not_picked":["Cursed Key","Coffee Dripper"],"picked":"Snecko Eye"}],"items_purged_floors":[21],"is_endless":false,"potions_floor_spawned":[7,12,14,22,30,33,37,40,41,45,46],"killed_by":"Awakened One","ascension_level":20}