{"gold_per_floor":[109,32,49,68,91,123,123,123,123,11,11,38,38,54,54,132,132,145,145,145,9,9,37,37,37,37,49,81,143,155],"floor_reached":30,"playtime":1097,"items_purged":["Strike_B"],"score":554,"play_id":"5225b868-0fd6-4a60-9052-98d3f0fb3a1b","local_time":"20190223181701","is_ascension_mode":true,"campfire_choices":[{"floor":8,"key":"REST"},{"data":"Sunder","floor":15,"key":"SMITH"},{"data":"Echo Form","floor":24,"key":"SMITH"},{"data":"Tempest","floor":27,"key":"SMITH"}],"neow_cost":"NONE","seed_source_timestamp":665000768538240,"circlet_count":0,"master_deck":["AscendersBane","Strike_B","Defend_B","Defend_B","Defend_B","Defend_B","Zap","Dualcast","Leap","Sunder+1","Cold Snap","FTL","Hologram","Ball Lightning","Melter","Echo Form+1","White Noise","Fusion","Tempest+1"],"relics":["Cracked Core","Smiling Mask","Juzu Bracelet","Anchor","Dream Catcher","Blood Vial","Snecko Eye","Potion Belt","Happy Flower","MawBank"],"potions_floor_usage":[6,12,12,23,30],"damage_taken":[{"damage":1,"enemies":"Cultist","floor":1,"turns":3},{"damage":7,"enemies":"Jaw Worm","floor":3,"turns":4},{"damage":3,"enemies":"Small Slimes","floor":4,"turns":4},{"damage":27,"enemies":"Lagavulin","floor":6,"turns":6},{"damage":0,"enemies":"3 Sentries","floor":12,"turns":3},{"damage":0,"enemies":"Blue Slaver","floor":14,"turns":2},{"damage":20,"enemies":"Slime Boss","floor":16,"turns":11},{"damage":6,"enemies":"Chosen","floor":18,"turns":4},{"damage":20,"enemies":"Gremlin Leader","floor":23,"turns":7},{"damage":11,"enemies":"Shell Parasite","floor":28,"turns":2},{"damage":44,"enemies":"Book of Stabbing","floor":30,"turns":4}],"seed_played":"533663850021869819","potions_obtained":[{"floor":3,"key":"FearPotion"},{"floor":6,"key":"Explosive Potion"},{"floor":16,"key":"Block Potion"},{"floor":18,"key":"FearPotion"},{"floor":28,"key":"EssenceOfSteel"}],"is_trial":false,"path_per_floor":["M","$","M","M","T","E","?","R","T","$","?","E","?","M","R","B",null,"M","?","?","$","?","E","R","T","T","R","M","?","E"],"character_chosen":"DEFECT","items_purchased":["Sunder","Ball Lightning","Fire Potion","Fusion"],"campfire_rested":1,"item_purchase_floors":[2,10,10,21],"current_hp_per_floor":[63,63,56,53,53,26,26,47,47,47,47,47,47,49,49,31,61,57,57,57,57,57,39,39,39,39,39,30,30,0],"gold":155,"neow_bonus":"RANDOM_COMMON_RELIC","is_prod":false,"is_daily":false,"chose_seed":false,"campfire_upgraded":3,"win_rate":0,"timestamp":1550938621,"path_taken":["M","$","M","?","?","E","?","R","T","$","?","E","?","M","R","BOSS","M","?","?","$","?","E","R","?","T","R","M","?","E"],"build_version":"2019-01-23","purchased_purges":1,"victory":false,"max_hp_per_floor":[71,71,71,71,71,71,71,71,71,71,71,71,71,71,71,71,71,71,71,71,71,71,71,71,71,71,71,71,71,71],"card_choices":[{"not_picked":["Steam","Coolheaded"],"picked":"Leap","floor":1},{"not_picked":["Conserve Battery","Leap"],"picked":"Cold Snap","floor":3},{"not_picked":["Barrage","Hologram"],"picked":"FTL","floor":4},{"not_picked":["Coolheaded","Barrage"],"picked":"Hologram","floor":6},{"not_picked":["Amplify","Gash"],"picked":"Melter","floor":12},{"not_picked":["Coolheaded","Cold Snap","Steam"],"picked":"SKIP","floor":14},{"not_picked":["Core Surge","Buffer"],"picked":"Echo Form","floor":16},{"not_picked":["Beam Cell","Sweeping Beam","Compile Driver"],"picked":"SKIP","floor":18},{"not_picked":["Amplify","Turbo"],"picked":"Tempest","floor":23},{"not_picked":["Capacitor","Ball Lightning","Streamline"],"picked":"SKIP","floor":28}],"player_experience":1549541,"relics_obtained":[{"floor":5,"key":"Juzu Bracelet"},{"floor":6,"key":"Anchor"},{"floor":9,"key":"Dream Catcher"},{"floor":12,"key":"Blood Vial"},{"floor":23,"key":"Potion Belt"},{"floor":25,"key":"Happy Flower"},{"floor":26,"key":"MawBank"}],"event_choices":[{"damage_healed":0,"gold_gain":0,"player_choice":"Ignored","damage_taken":0,"max_hp_gain":0,"max_hp_loss":0,"event_name":"Shining Light","floor":7,"gold_loss":0},{"damage_healed":0,"gold_gain":0,"player_choice":"Leave","damage_taken":0,"max_hp_gain":0,"max_hp_loss":0,"event_name":"The Cleric","floor":11,"gold_loss":0},{"cards_removed":["Strike_B"],"damage_healed":0,"gold_gain":0,"player_choice":"Offered Basic","damage_taken":0,"max_hp_gain":0,"max_hp_loss":0,"event_name":"Bonfire Elementals","floor":13,"gold_loss":0},{"damage_healed":0,"gold_gain":0,"cards_transformed":["Strike_B"],"player_choice":"Transformed","damage_taken":0,"max_hp_gain":0,"max_hp_loss":0,"event_name":"Transmorgrifier","floor":19,"gold_loss":0,"cards_obtained":["White Noise"]},{"damage_healed":0,"gold_gain":0,"player_choice":"Ignored","damage_taken":0,"max_hp_gain":0,"max_hp_loss":0,"event_name":"Vampires","floor":20,"gold_loss":0},{"damage_healed":0,"gold_gain":0,"player_choice":"Ignored","damage_taken":0,"max_hp_gain":0,"max_hp_loss":0,"event_name":"Beggar","floor":22,"gold_loss":0},{"damage_healed":0,"gold_gain":50,"player_choice":"Pray","damage_taken":0,"max_hp_gain":0,"max_hp_loss":0,"event_name":"Golden Shrine","floor":29,"gold_loss":0}],"is_beta":false,"boss_relics":[{"not_picked":["Cursed Key","FrozenCore"],"picked":"Snecko Eye"}],"items_purged_floors":[21],"is_endless":false,"potions_floor_spawned":[3,6,16,18,28],"killed_by":"Book of Stabbing","ascension_level":20}