{"gold_per_floor":[119,129,140,159,174,209,209,221,221,233,183,212,225,244,244,244],"floor_reached":16,"playtime":910,"items_purged":[],"score":140,"play_id":"639858eb-3e9f-4185-bd15-40e404443113","local_time":"20190210202403","is_ascension_mode":true,"campfire_choices":[{"data":"Glass Knife","floor":7,"key":"SMITH"},{"data":"Neutralize","floor":15,"key":"SMITH"}],"neow_cost":"NONE","seed_source_timestamp":421577923232900,"circlet_count":0,"master_deck":["Defend_G","Defend_G","Defend_G","Defend_G","Defend_G","Strike_G+1","Strike_G","Strike_G","Strike_G","Survivor","Neutralize+1","Deadly Poison","Glass Knife+1","Leg Sweep","Skewer+1","Leg Sweep","Cloak And Dagger","Dodge and Roll","Deflect","Dash","PiercingWail"],"special_seed":0,"relics":["Ring of the Snake","Whetstone","Sundial","Odd Mushroom"],"potions_floor_usage":[5,6,16],"damage_taken":[{"damage":0.0,"enemies":"Small Slimes","floor":1.0,"turns":8.0},{"damage":0,"enemies":"Jaw Worm","floor":2,"turns":4},{"damage":0,"enemies":"2 Louse","floor":3,"turns":1},{"damage":0,"enemies":"Exordium Wildlife","floor":4,"turns":3},{"damage":13,"enemies":"Gremlin Gang","floor":5,"turns":4},{"damage":9,"enemies":"Gremlin Nob","floor":6,"turns":4},{"damage":3,"enemies":"Red Slaver","floor":8,"turns":4},{"damage":0,"enemies":"Exordium Wildlife","floor":10,"turns":4},{"damage":1,"enemies":"The Mushroom Lair","floor":12,"turns":4},{"damage":1,"enemies":"Exordium Thugs","floor":13,"turns":4},{"damage":8,"enemies":"3 Louse","floor":14,"turns":4},{"damage":54,"enemies":"Slime Boss","floor":16,"turns":12}],"seed_played":"-1988668440402753523","potions_obtained":[{"floor":0.0,"key":"Fruit Juice"},{"floor":0.0,"key":"Energy Potion"},{"floor":0.0,"key":"SteroidPotion"},{"floor":13,"key":"FairyPotion"}],"is_trial":false,"path_per_floor":["M","M","M","M","M","E","R","M","T","M","?","?","M","M","R","B"],"character_chosen":"THE_SILENT","items_purchased":[],"campfire_rested":0,"item_purchase_floors":[],"current_hp_per_floor":[63,63,63,63,50,41,41,38,38,38,38,37,36,28,28,0],"gold":244,"neow_bonus":"THREE_SMALL_POTIONS","is_prod":false,"is_daily":false,"chose_seed":false,"campfire_upgraded":2,"win_rate":0,"timestamp":1549848243,"path_taken":["M","M","M","M","M","E","R","M","T","M","?","?","M","M","R","BOSS"],"build_version":"2019-01-23","purchased_purges":0,"victory":false,"max_hp_per_floor":[70,70,70,70,70,70,70,70,70,70,70,70,70,70,70,75],"card_choices":[{"not_picked":["Finisher","Dagger Spray"],"picked":"Deadly Poison","floor":1.0},{"not_picked":["Infinite Blades","Cloak And Dagger"],"picked":"Glass Knife","floor":2},{"not_picked":["Tactician","Prepared"],"picked":"Leg Sweep","floor":3},{"not_picked":["Terror","Quick Slash"],"picked":"Skewer","floor":4},{"not_picked":["Bane","Acrobatics"],"picked":"Leg Sweep","floor":5},{"not_picked":["Prepared","Sucker Punch"],"picked":"Cloak And Dagger","floor":6},{"not_picked":["Masterful Stab","Reflex"],"picked":"Dodge and Roll","floor":8},{"not_picked":["Masterful Stab","Outmaneuver"],"picked":"Deflect","floor":10},{"not_picked":["Escape Plan","Backflip"],"picked":"Dash","floor":13},{"not_picked":["Cloak And Dagger","Quick Slash"],"picked":"PiercingWail","floor":14}],"player_experience":198034,"relics_obtained":[{"floor":6,"key":"Whetstone"},{"floor":9,"key":"Sundial"},{"floor":12,"key":"Odd Mushroom"}],"event_choices":[{"cards_removed":["Strike_G"],"damage_healed":0,"gold_gain":0,"player_choice":"Card Removal","damage_taken":0,"max_hp_gain":0,"max_hp_loss":0,"event_name":"The Cleric","floor":11,"gold_loss":50},{"damage_healed":0,"gold_gain":0,"player_choice":"Fought Mushrooms","damage_taken":0,"max_hp_gain":0,"max_hp_loss":0,"event_name":"Mushrooms","floor":12,"gold_loss":0}],"is_beta":false,"boss_relics":[],"items_purged_floors":[],"is_endless":false,"potions_floor_spawned":[2,3,4,13],"killed_by":"Slime Boss","ascension_level":6}