{"gold_per_floor":[110,125,125,125,138,138,154,154,154,166,176,176,176,192,192,192],"floor_reached":16,"playtime":472,"items_purged":[],"score":188,"play_id":"fa9c9ab4-9512-4f38-999e-774e3de9a3d8","local_time":"20181108190850","is_ascension_mode":true,"campfire_choices":[{"data":"Zap","floor":6,"key":"SMITH"},{"data":"Defragment","floor":8,"key":"SMITH"},{"data":"Coolheaded","floor":12,"key":"SMITH"},{"data":"Static Discharge","floor":15,"key":"SMITH"}],"neow_cost":"TEN_PERCENT_HP_LOSS","seed_source_timestamp":1987108060972372,"circlet_count":0,"master_deck":["AscendersBane","Strike_B","Strike_B+1","Defend_B","Defend_B","Defend_B","Defend_B","Zap+1","Dualcast","Undo+1","Ball Lightning","Static Discharge+1","BootSequence","Defragment+1","Coolheaded+1","Hologram"],"relics":["Cracked Core","Symbiotic Virus"],"potions_floor_usage":[16],"damage_taken":[{"damage":5,"enemies":"2 Louse","floor":1,"turns":2},{"damage":1,"enemies":"Small Slimes","floor":2,"turns":4},{"damage":0,"enemies":"Cultist","floor":5,"turns":3},{"damage":6,"enemies":"3 Louse","floor":7,"turns":4},{"damage":8,"enemies":"Blue Slaver","floor":10,"turns":3},{"damage":5,"enemies":"Large Slime","floor":11,"turns":4},{"damage":7,"enemies":"Lots of Slimes","floor":14,"turns":4},{"damage":18,"enemies":"Slime Boss","floor":16,"turns":5}],"seed_played":"4227771029065762340","potions_obtained":[{"floor":1,"key":"SneckoOil"},{"floor":5,"key":"EssenceOfSteel"},{"floor":14,"key":"SkillPotion"}],"is_trial":false,"path_per_floor":["M","M","?","?","M","R","M","R","T","M","M","R","?","M","R","B"],"character_chosen":"DEFECT","items_purchased":[],"campfire_rested":0,"item_purchase_floors":[],"current_hp_per_floor":[59,58,39,39,39,39,33,33,33,25,20,20,20,13,13,0],"gold":192,"neow_bonus":"REMOVE_TWO","is_prod":false,"is_daily":false,"chose_seed":false,"campfire_upgraded":4,"win_rate":0,"timestamp":1541700530,"path_taken":["M","M","?","?","?","R","M","R","T","M","M","R","?","M","R","BOSS"],"build_version":"2018-11-01","purchased_purges":0,"victory":false,"max_hp_per_floor":[64,64,64,64,64,64,64,64,64,64,64,64,64,64,64,64],"card_choices":[{"not_picked":["Stack","Lockon"],"picked":"Undo","floor":1},{"not_picked":["Hologram","Sweeping Beam"],"picked":"Ball Lightning","floor":2},{"not_picked":["Stack","Loop"],"picked":"BootSequence","floor":5},{"not_picked":["Melter","Sweeping Beam"],"picked":"Defragment","floor":7},{"not_picked":["Reprogram","Scrape"],"picked":"Coolheaded","floor":10},{"not_picked":["Gash","Meteor Strike","Rebound"],"picked":"SKIP","floor":11},{"not_picked":["Conserve Battery","Steam"],"picked":"Hologram","floor":14}],"player_experience":1575644,"relics_obtained":[{"floor":9,"key":"Symbiotic Virus"}],"event_choices":[{"damage_healed":0,"gold_gain":0,"player_choice":"Entered Light","damage_taken":19,"max_hp_gain":0,"max_hp_loss":0,"event_name":"Shining Light","floor":3,"gold_loss":0,"cards_upgraded":["Undo","Strike_B"]},{"damage_healed":0,"gold_gain":0,"player_choice":"1 cards matched","damage_taken":0,"max_hp_gain":0,"max_hp_loss":0,"event_name":"Match and Keep!","floor":4,"gold_loss":0,"cards_obtained":["Static Discharge"]},{"damage_healed":0,"gold_gain":0,"player_choice":"Ignored","damage_taken":0,"max_hp_gain":0,"max_hp_loss":0,"event_name":"Liars Game","floor":13,"gold_loss":0}],"is_beta":false,"boss_relics":[],"items_purged_floors":[],"is_endless":false,"potions_floor_spawned":[1,5,14],"killed_by":"Slime Boss","ascension_level":20}