{"gold_per_floor":[114,39,56,56,69,69,98,98,123,148,162,174,194,209,209,209],"floor_reached":16,"playtime":680,"items_purged":["Regret"],"score":228,"play_id":"78e6936a-de17-4a3b-92dd-be6d7dbe4b3b","local_time":"20181206233659","is_ascension_mode":true,"campfire_choices":[{"data":"Bash","floor":6,"key":"SMITH"},{"data":"Inflame","floor":8,"key":"SMITH"},{"data":"1","floor":15,"key":"LIFT"}],"neow_cost":"CURSE","seed_source_timestamp":721375795042725,"circlet_count":0,"master_deck":["AscendersBane","Strike_R","Strike_R","Strike_R","Strike_R","Defend_R","Defend_R","Defend_R","Defend_R","Bash+1","Dropkick","Twin Strike","Barricade","Inflame+1","Sword Boomerang","Reaper","Flame Barrier","Sword Boomerang"],"relics":["Burning Blood","Omamori","Vajra","Girya"],"potions_floor_usage":[7,10,11,13,16],"damage_taken":[{"damage":8,"enemies":"Small Slimes","floor":1,"turns":4},{"damage":7,"enemies":"Cultist","floor":3,"turns":4},{"damage":9,"enemies":"Jaw Worm","floor":5,"turns":3},{"damage":59,"enemies":"Lagavulin","floor":7,"turns":8},{"damage":6,"enemies":"Gremlin Nob","floor":10,"turns":3},{"damage":25,"enemies":"Gremlin Gang","floor":11,"turns":3},{"damage":7,"enemies":"Looter","floor":12,"turns":3},{"damage":13,"enemies":"Exordium Thugs","floor":13,"turns":4},{"damage":18,"enemies":"3 Louse","floor":14,"turns":4},{"damage":25,"enemies":"The Guardian","floor":16,"turns":8}],"seed_played":"-7252328838250400713","potions_obtained":[{"floor":1,"key":"Swift Potion"},{"floor":3,"key":"SteroidPotion"},{"floor":7,"key":"LiquidBronze"},{"floor":12,"key":"Poison Potion"},{"floor":14,"key":"Poison Potion"}],"is_trial":false,"path_per_floor":["M","$","M","?","M","R","E","R","T","E","M","M","M","M","R","B"],"character_chosen":"IRONCLAD","items_purchased":[],"campfire_rested":0,"item_purchase_floors":[],"current_hp_per_floor":[80,80,79,79,76,76,23,23,23,23,20,19,22,19,19,0],"gold":209,"neow_bonus":"TWENTY_PERCENT_HP_BONUS","is_prod":false,"is_daily":false,"chose_seed":false,"campfire_upgraded":2,"win_rate":0,"timestamp":1544135819,"path_taken":["M","$","M","?","M","R","E","R","T","E","?","M","M","M","R","BOSS"],"build_version":"2018-11-15","purchased_purges":1,"victory":false,"max_hp_per_floor":[89,89,89,89,89,89,89,89,89,89,89,89,89,89,89,89],"card_choices":[{"not_picked":["Power Through","Cleave"],"picked":"Dropkick","floor":1},{"not_picked":["Wild Strike","Blood for Blood"],"picked":"Twin Strike","floor":3},{"not_picked":["Perfected Strike","Shrug It Off"],"picked":"Inflame","floor":5},{"not_picked":["Blood for Blood","True Grit"],"picked":"Sword Boomerang","floor":7},{"not_picked":["Ghostly Armor","Cleave"],"picked":"Reaper","floor":10},{"not_picked":["Iron Wave","Wild Strike","Perfected Strike"],"picked":"SKIP","floor":11},{"not_picked":["Clash","Sentinel"],"picked":"Flame Barrier","floor":12},{"not_picked":["Bloodletting","Juggernaut","Havoc"],"picked":"SKIP","floor":13},{"not_picked":["Anger","Havoc"],"picked":"Sword Boomerang","floor":14}],"player_experience":1675064,"relics_obtained":[{"floor":7,"key":"Omamori"},{"floor":9,"key":"Vajra"},{"floor":10,"key":"Girya"}],"event_choices":[{"damage_healed":0,"gold_gain":0,"cards_transformed":["Strike_R"],"player_choice":"Transformed","damage_taken":0,"max_hp_gain":0,"max_hp_loss":0,"event_name":"Transmorgrifier","floor":4,"gold_loss":0,"cards_obtained":["Barricade"]}],"is_beta":false,"boss_relics":[],"items_purged_floors":[2],"is_endless":false,"potions_floor_spawned":[1,3,7,12,14],"killed_by":"The Guardian","ascension_level":20}