{"gold_per_floor":[116,133,143,163,163,163,194,194,194,159,219,249,269,279,279,357,357,374,388,49,64,82,82,82],"floor_reached":24,"playtime":1657,"items_purged":[],"score":420,"play_id":"e49d2460-3e1a-49df-830d-e87c18577e80","local_time":"20181001221633","is_ascension_mode":true,"campfire_choices":[{"floor":6,"key":"REST"},{"floor":8,"key":"REST"},{"data":"Doom and Gloom","floor":15,"key":"SMITH"},{"data":"Defragment","floor":23,"key":"SMITH"}],"neow_cost":"PERCENT_DAMAGE","seed_source_timestamp":1039515327770712,"circlet_count":0,"master_deck":["Strike_B+1","Strike_B","Strike_B","Strike_B","Defend_B","Defend_B+1","Defend_B","Defend_B","Zap","Dualcast","AscendersBane","White Noise","Ball Lightning","Doom and Gloom+1","Go for the Eyes","Leap+1","Steam+1","Undo+1","BootSequence+1","Core Surge","Sweeping Beam","Reinforced Body+1","Defragment+1","Buffer","Glacier+1"],"relics":["Cracked Core","Bag of Marbles","Toxic Egg 2","Gremlin Horn","Gambling Chip","Runic Dome","Meat on the Bone"],"potions_floor_usage":[7,11,16,19,22,24],"damage_taken":[{"damage":4,"enemies":"Small Slimes","floor":1,"turns":3},{"damage":7,"enemies":"Jaw Worm","floor":2,"turns":4},{"damage":1,"enemies":"2 Louse","floor":3,"turns":2},{"damage":11,"enemies":"Blue Slaver","floor":4,"turns":3},{"damage":18,"enemies":"Lagavulin","floor":7,"turns":6},{"damage":12,"enemies":"3 Sentries","floor":11,"turns":5},{"damage":10,"enemies":"3 Sentries","floor":12,"turns":5},{"damage":4,"enemies":"Large Slime","floor":13,"turns":6},{"damage":4,"enemies":"3 Louse","floor":14,"turns":2},{"damage":4,"enemies":"The Guardian","floor":16,"turns":10},{"damage":0,"enemies":"3 Byrds","floor":18,"turns":6},{"damage":6,"enemies":"2 Thieves","floor":19,"turns":4},{"damage":12,"enemies":"Cultist and Chosen","floor":21,"turns":5},{"damage":8,"enemies":"Snecko","floor":22,"turns":5},{"damage":48,"enemies":"Book of Stabbing","floor":24,"turns":5}],"seed_played":"-6439675906930033245","potions_obtained":[{"floor":1,"key":"Energy Potion"},{"floor":4,"key":"EssenceOfSteel"},{"floor":11,"key":"FearPotion"},{"floor":13,"key":"Ancient Potion"},{"floor":16,"key":"SkillPotion"},{"floor":21,"key":"Dexterity Potion"}],"is_trial":false,"path_per_floor":["M","M","M","M","?","R","E","R","T","?","?","E","M","M","R","B",null,"M","M","$","M","M","R"],"character_chosen":"DEFECT","items_purchased":["Meat on the Bone","Defragment"],"campfire_rested":2,"item_purchase_floors":[20,20],"current_hp_per_floor":[53,46,45,34,8,33,15,40,40,61,49,39,35,31,31,27,71,71,65,65,53,45,45,0],"gold":82,"neow_bonus":"TWENTY_PERCENT_HP_BONUS","is_prod":false,"is_daily":false,"chose_seed":false,"campfire_upgraded":2,"win_rate":0,"timestamp":1538424993,"path_taken":["M","M","M","M","?","R","E","R","T","?","?","E","?","M","R","BOSS","M","M","$","M","M","R","E"],"build_version":"2018-09-27","purchased_purges":0,"victory":false,"max_hp_per_floor":[85,85,85,85,85,85,85,85,85,85,85,85,85,85,85,85,85,85,85,85,85,85,85,85],"card_choices":[{"not_picked":["Heatsinks","Coolheaded"],"picked":"White Noise","floor":1},{"not_picked":["Stack","Self Repair"],"picked":"Ball Lightning","floor":2},{"not_picked":["Beam Cell","Stack"],"picked":"Doom and Gloom","floor":3},{"not_picked":["Sweeping Beam","Rebound"],"picked":"Go for the Eyes","floor":4},{"not_picked":["Barrage","Aggregate","Stack"],"picked":"SKIP","floor":7},{"not_picked":["Sweeping Beam","Turbo+1"],"picked":"Leap+1","floor":11},{"not_picked":["Blizzard","Recycle+1"],"picked":"Steam+1","floor":12},{"not_picked":["Turbo+1","Double Energy+1"],"picked":"Undo+1","floor":13},{"not_picked":["Coolheaded+1","Streamline"],"picked":"BootSequence+1","floor":14},{"not_picked":["Multi-Cast+1","All For One"],"picked":"Core Surge","floor":16},{"not_picked":["Turbo+1","Sweeping Beam","Barrage"],"picked":"SKIP","floor":18},{"not_picked":["Turbo+1","Barrage"],"picked":"Sweeping Beam","floor":18},{"not_picked":["Turbo+1","FTL"],"picked":"Reinforced Body+1","floor":19},{"not_picked":["Hologram+1","Cold Snap+1"],"picked":"Buffer","floor":21},{"not_picked":["Tempest+1","Streamline"],"picked":"Glacier+1","floor":22}],"player_experience":1327615,"relics_obtained":[{"floor":7,"key":"Bag of Marbles"},{"floor":9,"key":"Toxic Egg 2"},{"floor":11,"key":"Gremlin Horn"},{"floor":12,"key":"Gambling Chip"}],"event_choices":[{"event_name":"Shining Light","player_choice":"Entered Light","floor":5,"damage_taken":0},{"event_name":"The Cleric","player_choice":"Healed","floor":10,"damage_taken":0},{"event_name":"Dead Adventurer","player_choice":"Searched \u00272\u0027 times","floor":11,"damage_taken":0}],"is_beta":false,"boss_relics":[{"not_picked":["Eternal Feather","Calling Bell"],"picked":"Runic Dome"}],"items_purged_floors":[],"is_endless":false,"potions_floor_spawned":[1,4,11,13,16,21],"killed_by":"Book of Stabbing","ascension_level":20}