{"gold_per_floor":[115,190,210,210,223,223,248,248,274,300,319,347,377,393,393,493,493,503,516,33,50,50,50,76,76,127,141,167,181,191,217,217,217],"floor_reached":33,"playtime":2543,"items_purged":["Strike_R"],"score":553,"play_id":"dcbea174-c642-4e6e-8162-e96b91999e2c","local_time":"20190307192421","is_ascension_mode":true,"campfire_choices":[{"data":"Anger","floor":6,"key":"SMITH"},{"data":"True Grit","floor":8,"key":"SMITH"},{"data":"Cleave","floor":15,"key":"SMITH"},{"floor":23,"key":"RECALL"},{"data":"1","floor":25,"key":"LIFT"},{"data":"2","floor":32,"key":"LIFT"}],"neow_cost":"NONE","seed_source_timestamp":522511283754456,"circlet_count":0,"master_deck":["AscendersBane","Strike_R","Strike_R","Strike_R","Strike_R","Defend_R","Defend_R+1","Defend_R","Defend_R","Bash+1","Dropkick","Anger+1","Clothesline","True Grit+1","Cleave+1","Pummel","Rampage","Corruption","Impervious+1","Reckless Charge","Headbutt","Ghostly","Ghostly","Ghostly","Ghostly","Ghostly","Shrug It Off+1","Infernal Blade","Sentinel+1","Infernal Blade"],"relics":["Burning Blood","Happy Flower","Omamori","Charon\u0027s Ashes","Blood Vial","Odd Mushroom","Fusion Hammer","Orichalcum","Self Forming Clay","Girya","Blue Candle","War Paint"],"potions_floor_usage":[28,33,33],"damage_taken":[{"damage":3,"enemies":"Jaw Worm","floor":1,"turns":7},{"damage":5,"enemies":"Small Slimes","floor":3,"turns":5},{"damage":2,"enemies":"2 Louse","floor":5,"turns":3},{"damage":8,"enemies":"Gremlin Nob","floor":7,"turns":3},{"damage":20,"enemies":"Lagavulin","floor":10,"turns":5},{"damage":3,"enemies":"Blue Slaver","floor":11,"turns":3},{"damage":27,"enemies":"Gremlin Nob","floor":12,"turns":4},{"damage":0,"enemies":"The Mushroom Lair","floor":13,"turns":3},{"damage":3,"enemies":"2 Fungi Beasts","floor":14,"turns":3},{"damage":9,"enemies":"Slime Boss","floor":16,"turns":6},{"damage":16,"enemies":"Spheric Guardian","floor":18,"turns":4},{"damage":17,"enemies":"Shell Parasite","floor":19,"turns":4},{"damage":21,"enemies":"Centurion and Healer","floor":21,"turns":7},{"damage":14,"enemies":"Book of Stabbing","floor":24,"turns":7},{"damage":0,"enemies":"Snake Plant","floor":27,"turns":6},{"damage":32,"enemies":"Gremlin Leader","floor":28,"turns":10},{"damage":0,"enemies":"Snecko","floor":29,"turns":5},{"damage":4,"enemies":"Cultist and Chosen","floor":30,"turns":5},{"damage":0,"enemies":"Book of Stabbing","floor":31,"turns":7},{"damage":45,"enemies":"Champ","floor":33,"turns":9}],"seed_played":"4585807113065315333","potions_obtained":[{"floor":3,"key":"Swift Potion"},{"floor":7,"key":"Regen Potion"},{"floor":12,"key":"SkillPotion"},{"floor":14,"key":"PowerPotion"}],"is_trial":false,"path_per_floor":["M","?","M","?","M","R","E","R","T","E","M","E","?","M","R","B",null,"M","M","$","M","?","R","E","R","T","M","E","M","M","E","R","B"],"character_chosen":"IRONCLAD","items_purchased":["Orichalcum","Self Forming Clay"],"campfire_rested":0,"item_purchase_floors":[20,20],"current_hp_per_floor":[83,72,73,73,77,77,75,75,75,61,64,43,51,56,56,55,80,72,63,63,50,44,44,36,36,36,44,18,26,30,38,38,0],"gold":217,"neow_bonus":"TEN_PERCENT_HP_BONUS","is_prod":false,"is_daily":false,"chose_seed":false,"campfire_upgraded":3,"win_rate":0,"timestamp":1552004661,"path_taken":["M","?","M","?","M","R","E","R","T","E","M","E","?","M","R","BOSS","M","M","$","M","?","R","E","R","T","M","E","M","M","E","R","BOSS"],"build_version":"2019-01-23","purchased_purges":1,"victory":false,"max_hp_per_floor":[88,88,88,88,88,88,88,88,88,88,88,88,88,88,88,88,88,88,88,88,88,44,44,44,44,44,44,44,44,44,44,44,44],"card_choices":[{"not_picked":["Body Slam","Warcry"],"picked":"Dropkick","floor":1},{"not_picked":["Sever Soul","Power Through"],"picked":"Anger","floor":3},{"not_picked":["Thunderclap","Shockwave"],"picked":"Clothesline","floor":5},{"not_picked":["Juggernaut","Clothesline"],"picked":"True Grit","floor":7},{"not_picked":["Carnage","Rage"],"picked":"Cleave","floor":10},{"not_picked":["Headbutt","Burning Pact","Wild Strike"],"picked":"SKIP","floor":11},{"not_picked":["Dropkick","Anger"],"picked":"Pummel","floor":12},{"not_picked":["Thunderclap","Sword Boomerang"],"picked":"Rampage","floor":13},{"not_picked":["Inflame","Clothesline"],"picked":"Corruption","floor":14},{"not_picked":["Limit Break","Barricade"],"picked":"Impervious","floor":16},{"not_picked":["True Grit+1","Hemokinesis","Thunderclap"],"picked":"SKIP","floor":18},{"not_picked":["Perfected Strike","Pommel Strike"],"picked":"Reckless Charge","floor":19},{"not_picked":["Warcry","Bloodletting"],"picked":"Headbutt","floor":21},{"not_picked":["Heavy Blade","Blood for Blood"],"picked":"Shrug It Off+1","floor":24},{"not_picked":["Clothesline","Heavy Blade","Anger"],"picked":"SKIP","floor":27},{"not_picked":["Flex+1","Metallicize"],"picked":"Infernal Blade","floor":28},{"not_picked":["True Grit","Pommel Strike"],"picked":"Sentinel+1","floor":29},{"not_picked":["Rage","Ghostly Armor+1","Clash+1"],"picked":"SKIP","floor":30},{"not_picked":["Clothesline+1","Warcry"],"picked":"Infernal Blade","floor":31}],"player_experience":1734812,"relics_obtained":[{"floor":7,"key":"Happy Flower"},{"floor":9,"key":"Omamori"},{"floor":10,"key":"Charon\u0027s Ashes"},{"floor":12,"key":"Blood Vial"},{"floor":13,"key":"Odd Mushroom"},{"floor":24,"key":"Girya"},{"floor":28,"key":"Blue Candle"},{"floor":31,"key":"War Paint"}],"event_choices":[{"damage_healed":0,"gold_gain":75,"player_choice":"Gather Gold","damage_taken":11,"max_hp_gain":0,"max_hp_loss":0,"event_name":"World of Goop","floor":2,"gold_loss":0},{"damage_healed":0,"gold_gain":0,"player_choice":"Grow","damage_taken":0,"max_hp_gain":0,"max_hp_loss":0,"event_name":"Living Wall","floor":4,"gold_loss":0,"cards_upgraded":["Bash"]},{"damage_healed":0,"gold_gain":0,"player_choice":"Fought Mushrooms","damage_taken":0,"max_hp_gain":0,"max_hp_loss":0,"event_name":"Mushrooms","floor":13,"gold_loss":0},{"damage_healed":0,"gold_gain":0,"player_choice":"Became a Ghost","damage_taken":0,"max_hp_gain":0,"max_hp_loss":44,"event_name":"Ghosts","floor":22,"gold_loss":0,"cards_obtained":["Ghostly","Ghostly","Ghostly","Ghostly","Ghostly"]}],"is_beta":false,"boss_relics":[{"not_picked":["Empty Cage","Pandora\u0027s Box"],"picked":"Fusion Hammer"}],"items_purged_floors":[20],"is_endless":false,"potions_floor_spawned":[3,7,12,14,18,21,24,27],"killed_by":"Champ","ascension_level":10}