{"gold_per_floor":[114,126,126,144,144,144,169,187,236,201,201,217,217,243,243,317,317,317,317,159,159,159,159,159],"floor_reached":24,"playtime":1183,"items_purged":["Dualcast"],"score":462,"play_id":"67bd4383-692a-4049-824c-e5f3482543f7","local_time":"20181003221504","is_ascension_mode":true,"campfire_choices":[{"data":"Chaos","floor":6,"key":"SMITH"},{"floor":11,"key":"REST"},{"data":"Zap","floor":15,"key":"SMITH"},{"floor":23,"key":"REST"}],"neow_cost":"NONE","seed_source_timestamp":1212724660515593,"circlet_count":0,"master_deck":["Strike_B","Strike_B+1","Strike_B+1","Defend_B","Defend_B","Defend_B","Defend_B","Zap+1","AscendersBane","Reinforced Body","Storm","Chaos+1","Ball Lightning","Storm","FTL+1","Undo","Thunder Strike+1","Hyperbeam+1","Heatsinks+1","FTL+1","BootSequence","Redo+1"],"relics":["Cracked Core","Whetstone","Molten Egg 2","DataDisk","Orichalcum","Kunai","Ectoplasm"],"potions_floor_usage":[24],"damage_taken":[{"damage":8,"enemies":"2 Louse","floor":1,"turns":4},{"damage":1,"enemies":"Cultist","floor":2,"turns":4},{"damage":7,"enemies":"Jaw Worm","floor":4,"turns":3},{"damage":35,"enemies":"3 Sentries","floor":7,"turns":6},{"damage":0,"enemies":"Large Slime","floor":8,"turns":4},{"damage":17,"enemies":"3 Louse","floor":12,"turns":3},{"damage":0,"enemies":"Lagavulin","floor":14,"turns":5},{"damage":24,"enemies":"The Guardian","floor":16,"turns":8},{"damage":1,"enemies":"Chosen","floor":18,"turns":5},{"damage":18,"enemies":"3 Byrds","floor":19,"turns":4},{"damage":15,"enemies":"Sentry and Sphere","floor":22,"turns":3},{"damage":56,"enemies":"Slavers","floor":24,"turns":4}],"seed_played":"-6302867423404045397","potions_obtained":[{"floor":7,"key":"Strength Potion"},{"floor":8,"key":"FocusPotion"}],"is_trial":false,"path_per_floor":["M","M","?","M","?","R","E","M","T","?","R","M","?","E","R","B",null,"M","M","$","?","M","R"],"character_chosen":"DEFECT","items_purchased":["LiquidBronze"],"campfire_rested":2,"item_purchase_floors":[20],"current_hp_per_floor":[56,55,55,48,43,43,8,8,8,25,46,29,52,52,52,28,60,59,41,41,41,26,47,0],"gold":159,"neow_bonus":"RANDOM_COMMON_RELIC","is_prod":false,"is_daily":false,"chose_seed":false,"campfire_upgraded":2,"win_rate":0,"timestamp":1538597704,"path_taken":["M","M","?","M","?","R","E","M","T","?","R","?","?","E","R","BOSS","M","M","$","?","?","R","E"],"build_version":"2018-09-27","purchased_purges":1,"victory":false,"max_hp_per_floor":[71,71,71,71,71,71,71,71,71,71,71,71,71,71,71,71,71,71,71,71,71,71,71,71],"card_choices":[{"not_picked":["Steam","Streamline"],"picked":"Reinforced Body","floor":1},{"not_picked":["Stack","Steam Power"],"picked":"Storm","floor":2},{"not_picked":["Fusion","Redo"],"picked":"Ball Lightning","floor":4},{"not_picked":["Meteor Strike+1","Redo"],"picked":"Storm","floor":7},{"not_picked":["Barrage+1","Streamline+1"],"picked":"FTL+1","floor":8},{"not_picked":["Reinforced Body","Gash+1"],"picked":"Undo","floor":12},{"not_picked":["Turbo","Darkness"],"picked":"Thunder Strike+1","floor":14},{"not_picked":["Reboot","Multi-Cast"],"picked":"Hyperbeam+1","floor":16},{"not_picked":["Steam","Double Energy+1"],"picked":"Heatsinks+1","floor":18},{"not_picked":["Skim","Cold Snap+1"],"picked":"FTL+1","floor":19},{"not_picked":["Gash+1","Coolheaded"],"picked":"Redo+1","floor":22}],"player_experience":1334685,"relics_obtained":[{"floor":7,"key":"DataDisk"},{"floor":9,"key":"Orichalcum"},{"floor":14,"key":"Kunai"}],"event_choices":[{"event_name":"Transmorgrifier","player_choice":"Transform","floor":3,"damage_taken":0},{"event_name":"Scrap Ooze","player_choice":"success","floor":5,"damage_taken":5},{"event_name":"The Cleric","player_choice":"Healed","floor":10,"damage_taken":0},{"event_name":"Big Fish","player_choice":"Banana","floor":13,"damage_taken":0},{"event_name":"Match and Keep!","player_choice":"1 cards matched","floor":21,"damage_taken":0}],"is_beta":false,"boss_relics":[{"not_picked":["Empty Cage","Runic Pyramid"],"picked":"Ectoplasm"}],"items_purged_floors":[20],"is_endless":false,"potions_floor_spawned":[7,8,12,14,18],"killed_by":"Slavers","ascension_level":20}