{"gold_per_floor":[110,123,16,16,26,26,56,56,56,82,82,82,111,123,123,195,195,208,52,52,72,84,84,118,131,182,182,182,199,211,30,30,103,103,121,12,84,84,96,96,107,107,107,107,119,131,155,167],"floor_reached":48,"playtime":3450,"items_purged":["Strike_B","Strike_B"],"score":926,"play_id":"f1ac650e-c781-4279-b736-458ac71ad8b4","local_time":"20190302152910","is_ascension_mode":true,"campfire_choices":[{"data":"Lockon","floor":6.0,"key":"SMITH"},{"floor":8.0,"key":"REST"},{"data":"Biased Cognition","floor":12,"key":"SMITH"},{"data":"Beam Cell","floor":15,"key":"SMITH"},{"data":"Electrodynamics","floor":23,"key":"SMITH"},{"data":"Echo Form","floor":27,"key":"SMITH"},{"floor":32,"key":"REST"},{"data":"Blizzard","floor":40,"key":"SMITH"},{"floor":42,"key":"REST"},{"data":"Defragment","floor":45,"key":"SMITH"}],"neow_cost":"NONE","seed_source_timestamp":1257419540247132,"circlet_count":0,"master_deck":["AscendersBane","Defend_B","Defend_B","Defend_B","Defend_B","Zap","Dualcast","Biased Cognition+1","Beam Cell+1","Leap","Lockon+1","Coolheaded","Sweeping Beam","Core Surge","Glacier","Glacier","Melter","Electrodynamics+1","BootSequence","Echo Form+1","Hyperbeam","Blizzard+1","Tempest","Core Surge","Defragment+1","Glacier+1","Ball Lightning"],"special_seed":0,"relics":["Cracked Core","Pantograph","Shuriken","Strawberry","Odd Mushroom","Philosopher\u0027s Stone","Red Mask","Oddly Smooth Stone","Velvet Choker","Gremlin Horn","Pear","MawBank"],"potions_floor_usage":[10,21,24,30,41],"damage_taken":[{"damage":18.0,"enemies":"Small Slimes","floor":1.0,"turns":3.0},{"damage":9.0,"enemies":"Jaw Worm","floor":2.0,"turns":3.0},{"damage":5.0,"enemies":"2 Louse","floor":5.0,"turns":3.0},{"damage":28.0,"enemies":"Gremlin Nob","floor":7.0,"turns":4.0},{"damage":21,"enemies":"Lagavulin","floor":10,"turns":6},{"damage":10,"enemies":"The Mushroom Lair","floor":13,"turns":4},{"damage":0,"enemies":"2 Fungi Beasts","floor":14,"turns":4},{"damage":15,"enemies":"The Guardian","floor":16,"turns":15},{"damage":6,"enemies":"Spheric Guardian","floor":18,"turns":4},{"damage":4,"enemies":"Shell Parasite","floor":21,"turns":5},{"damage":10,"enemies":"3 Cultists","floor":22,"turns":3},{"damage":4,"enemies":"Masked Bandits","floor":24,"turns":2},{"damage":9,"enemies":"Snake Plant","floor":25,"turns":5},{"damage":7,"enemies":"Centurion and Healer","floor":29,"turns":5},{"damage":5,"enemies":"Snecko","floor":30,"turns":4},{"damage":1,"enemies":"Champ","floor":33,"turns":23},{"damage":38,"enemies":"3 Darklings","floor":35,"turns":4},{"damage":0,"enemies":"3 Shapes","floor":39,"turns":4},{"damage":39,"enemies":"Jaw Worm Horde","floor":41,"turns":3},{"damage":3,"enemies":"3 Darklings","floor":47,"turns":3},{"damage":46,"enemies":"Spire Growth","floor":48,"turns":3}],"seed_played":"-3521223795258234127","potions_obtained":[{"floor":2.0,"key":"Fruit Juice"},{"floor":7.0,"key":"EssenceOfSteel"},{"floor":10,"key":"Ancient Potion"},{"floor":21,"key":"GamblersBrew"},{"floor":22,"key":"Energy Potion"},{"floor":24,"key":"Strength Potion"},{"floor":41,"key":"Fire Potion"},{"floor":47,"key":"LiquidBronze"}],"is_trial":false,"path_per_floor":["M","M","$","?","M","R","E","R","T","E","?","R","?","M","R","B",null,"M","$","?","M","M","R","?","M","T","R","?","M","M","$","R","B",null,"M","$","T","$","M","R","M","R","T","T","R","?","M","M"],"character_chosen":"DEFECT","items_purchased":["Lockon","Coolheaded","BootSequence","Defragment","Ball Lightning","Regen Potion"],"campfire_rested":3,"item_purchase_floors":[3,3,19,31,36,36],"current_hp_per_floor":[46,42,42,42,37,37,9,31,31,17,17,17,7,7,7,17,67,61,61,61,57,47,47,43,34,34,34,34,27,22,22,46,70,80,42,42,42,42,42,42,12,36,46,46,46,46,43,0],"gold":167,"neow_bonus":"ONE_RANDOM_RARE_CARD","is_prod":false,"is_daily":false,"chose_seed":false,"campfire_upgraded":7,"win_rate":0,"timestamp":1551533350,"path_taken":["M","M","$","?","M","R","E","R","T","E","?","R","?","?","R","BOSS","M","$","?","M","M","R","?","M","T","R","?","M","M","$","R","BOSS","M","$","?","?","M","R","?","R","T","?","R","?","M","M"],"build_version":"2019-01-23","purchased_purges":2,"victory":false,"max_hp_per_floor":[71,76,76,76,76,76,76,76,76,83,83,83,83,83,83,83,83,83,83,83,83,83,83,83,83,83,83,83,83,83,83,83,83,83,83,83,83,83,83,83,83,83,93,93,93,88,88,88],"card_choices":[{"not_picked":["Compile Driver","Steam"],"picked":"Beam Cell","floor":1.0},{"not_picked":["Reinforced Body","Force Field"],"picked":"Leap","floor":2.0},{"not_picked":["Hologram","Steam"],"picked":"Sweeping Beam","floor":5.0},{"not_picked":["Recycle","Redo"],"picked":"Core Surge","floor":7.0},{"not_picked":["Ball Lightning","Redo"],"picked":"Glacier","floor":10},{"not_picked":["Sunder","Barrage"],"picked":"Glacier","floor":13},{"not_picked":["Conserve Battery","Glacier"],"picked":"Melter","floor":14},{"not_picked":["Biased Cognition","Core Surge"],"picked":"Electrodynamics","floor":16},{"not_picked":["Consume","Hologram+1","Redo"],"picked":"SKIP","floor":18},{"not_picked":["Hologram","Coolheaded"],"picked":"Blizzard","floor":21},{"not_picked":["Conserve Battery","Stack","Rip and Tear+1"],"picked":"SKIP","floor":22},{"not_picked":["Stack","Go for the Eyes"],"picked":"Tempest","floor":24},{"not_picked":["Redo","Melter","Compile Driver"],"picked":"SKIP","floor":25},{"not_picked":["Scrape","Beam Cell"],"picked":"Core Surge","floor":29},{"not_picked":["Beam Cell","Stack","Conserve Battery"],"picked":"SKIP","floor":30},{"not_picked":["Loop","Go for the Eyes+1"],"picked":"Glacier+1","floor":35},{"not_picked":["Streamline+1","Gash+1","Recycle+1"],"picked":"SKIP","floor":39},{"not_picked":["Go for the Eyes+1","Barrage","Cold Snap"],"picked":"SKIP","floor":41},{"not_picked":["Heatsinks","Gash","Conserve Battery"],"picked":"SKIP","floor":47}],"player_experience":1564485,"relics_obtained":[{"floor":7.0,"key":"Pantograph"},{"floor":9.0,"key":"Shuriken"},{"floor":10,"key":"Strawberry"},{"floor":13,"key":"Odd Mushroom"},{"floor":24,"key":"Red Mask"},{"floor":26,"key":"Oddly Smooth Stone"},{"floor":37,"key":"Gremlin Horn"},{"floor":43,"key":"Pear"},{"floor":44,"key":"MawBank"}],"event_choices":[{"damage_healed":0.0,"max_hp_gain":0.0,"max_hp_loss":0.0,"gold_gain":0.0,"event_name":"Liars Game","player_choice":"Ignored","floor":4.0,"gold_loss":0.0,"damage_taken":0.0},{"damage_healed":0,"gold_gain":0,"player_choice":"Ignored","damage_taken":0,"max_hp_gain":0,"max_hp_loss":0,"event_name":"Shining Light","floor":11,"gold_loss":0},{"damage_healed":0,"gold_gain":0,"player_choice":"Fought Mushrooms","damage_taken":0,"max_hp_gain":0,"max_hp_loss":0,"event_name":"Mushrooms","floor":13,"gold_loss":0},{"damage_healed":0,"gold_gain":0,"cards_transformed":["Strike_B","Strike_B"],"player_choice":"Became Test Subject","damage_taken":0,"max_hp_gain":0,"max_hp_loss":0,"event_name":"Drug Dealer","floor":20,"gold_loss":0,"cards_obtained":["Echo Form","Hyperbeam"]},{"damage_healed":0,"gold_gain":0,"player_choice":"Fought Bandits","damage_taken":0,"max_hp_gain":0,"max_hp_loss":0,"event_name":"Masked Bandits","floor":24,"gold_loss":0},{"damage_healed":0,"gold_gain":0,"player_choice":"0 cards matched","damage_taken":0,"max_hp_gain":0,"max_hp_loss":0,"event_name":"Match and Keep!","floor":28,"gold_loss":0,"cards_obtained":[]},{"damage_healed":0,"gold_gain":0,"player_choice":"Max HP","damage_taken":0,"max_hp_gain":0,"max_hp_loss":5,"event_name":"Winding Halls","floor":46,"gold_loss":0}],"is_beta":false,"boss_relics":[{"not_picked":["Runic Dome","Calling Bell"],"picked":"Philosopher\u0027s Stone"},{"not_picked":["Runic Pyramid","Black Star"],"picked":"Velvet Choker"}],"items_purged_floors":[19,31],"is_endless":false,"potions_floor_spawned":[2,7,10,21,22,24,25,41,47],"killed_by":"Spire Growth","ascension_level":20}