{"gold_per_floor":[119,119,119,119,132,132,158,158,158,185,17,42,2,18,18,96,96,112,112,124,124,124,124,144,144,167,167,202,2,2,32,32,106,156,175,32,47,64,0,0,0,14,39,58,71,71,84,30,30,30,30],"floor_reached":52,"playtime":2038,"items_purged":["Strike_B","Dualcast"],"score":1767,"play_id":"672bd08d-5e13-40db-8007-5af639c2989a","local_time":"20181103005337","is_ascension_mode":true,"campfire_choices":[{"floor":6,"key":"REST"},{"data":"Electrodynamics","floor":8,"key":"SMITH"},{"data":"Compile Driver","floor":15,"key":"SMITH"},{"data":"Buffer","floor":23,"key":"SMITH"},{"data":"Defragment","floor":25,"key":"SMITH"},{"data":"Undo","floor":27,"key":"SMITH"},{"data":"Doom and Gloom","floor":30,"key":"SMITH"},{"data":"Reinforced Body","floor":32,"key":"SMITH"},{"data":"Capacitor","floor":40,"key":"SMITH"},{"data":"Self Repair","floor":46,"key":"SMITH"},{"data":"Glacier","floor":49,"key":"SMITH"}],"neow_cost":"NONE","seed_source_timestamp":1487704636811464,"circlet_count":0,"master_deck":["AscendersBane","Strike_B+1","Defend_B+1","Defend_B","Defend_B+1","Defend_B","Zap+1","Ball Lightning","Electrodynamics+1","Undo","Compile Driver+1","Self Repair+1","Steam","Undo+1","Compile Driver","Buffer+1","Undo+1","Defragment+1","Doom and Gloom+1","Reinforced Body+1","Echo Form","Loop+1","Capacitor+1","Glacier+1","Parasite","Static Discharge+1","Barrage+1"],"relics":["Cracked Core","Cables","Letter Opener","Potion Belt","Odd Mushroom","Coffee Dripper","Du-Vu Doll","Bronze Scales","Pen Nib","DataDisk","Bottled Lightning","Tiny House","Red Mask","Anchor"],"potions_floor_usage":[16,16,28,31,44,50,51],"damage_taken":[{"damage":4,"enemies":"Small Slimes","floor":1,"turns":3},{"damage":7,"enemies":"Jaw Worm","floor":5,"turns":2},{"damage":10,"enemies":"3 Sentries","floor":7,"turns":3},{"damage":18,"enemies":"Lagavulin","floor":10,"turns":8},{"damage":0,"enemies":"The Mushroom Lair","floor":12,"turns":1},{"damage":0,"enemies":"Cultist","floor":14,"turns":3},{"damage":14,"enemies":"Hexaghost","floor":16,"turns":9},{"damage":9,"enemies":"2 Thieves","floor":18,"turns":3},{"damage":0,"enemies":"Chosen","floor":20,"turns":4},{"damage":0,"enemies":"Snecko","floor":24,"turns":6},{"damage":5,"enemies":"Slavers","floor":28,"turns":4},{"damage":15,"enemies":"Book of Stabbing","floor":31,"turns":4},{"damage":30,"enemies":"Automaton","floor":33,"turns":7},{"damage":0,"enemies":"3 Shapes","floor":35,"turns":2},{"damage":0,"enemies":"Orb Walker","floor":37,"turns":4},{"damage":19,"enemies":"Transient","floor":38,"turns":6},{"damage":0,"enemies":"4 Shapes","floor":42,"turns":3},{"damage":0,"enemies":"Writhing Mass","floor":44,"turns":5},{"damage":8,"enemies":"Transient","floor":45,"turns":6},{"damage":14,"enemies":"3 Darklings","floor":47,"turns":4},{"damage":34,"enemies":"Time Eater","floor":50,"turns":11},{"damage":27,"enemies":"Donu and Deca","floor":51,"turns":8}],"seed_played":"3304818285495332950","potions_obtained":[{"floor":1,"key":"Ancient Potion"},{"floor":5,"key":"SteroidPotion"},{"floor":12,"key":"Weak Potion"},{"floor":20,"key":"Fire Potion"},{"floor":28,"key":"Strength Potion"},{"floor":33,"key":"Block Potion"},{"floor":34,"key":"Weak Potion"},{"floor":37,"key":"GamblersBrew"},{"floor":47,"key":"PowerPotion"}],"is_trial":false,"path_per_floor":["M","?","?","?","M","R","E","R","T","E","$","?","$","M","R","B",null,"M","?","M","?","T","R","M","R","T","R","E","$","R","E","R","B",null,"M","$","M","M","?","R","?","M","T","M","M","R","M","$","R","B","B",null],"character_chosen":"DEFECT","items_purchased":["Self Repair","AttackPotion","Undo","DataDisk","Reinforced Body","Glacier","Swift Potion"],"campfire_rested":1,"item_purchase_floors":[11,11,13,29,29,36,48],"current_hp_per_floor":[60,53,53,32,25,46,36,36,36,18,18,18,18,25,25,18,58,49,49,56,70,70,70,71,71,71,71,71,71,71,63,63,40,68,68,68,68,63,63,63,63,70,70,76,68,68,74,74,74,50,33],"gold":30,"neow_bonus":"TRANSFORM_CARD","is_prod":false,"is_daily":false,"chose_seed":false,"campfire_upgraded":10,"win_rate":0,"timestamp":1541202817,"path_taken":["M","?","?","?","?","R","E","R","T","E","$","?","?","M","R","BOSS","M","?","M","?","?","R","?","R","T","R","E","$","R","E","R","BOSS","M","$","M","M","?","R","?","?","T","?","M","R","?","?","R","BOSS","BOSS"],"build_version":"2018-11-01","purchased_purges":2,"victory":true,"max_hp_per_floor":[71,71,71,71,71,71,71,71,71,71,71,71,71,71,71,71,71,71,71,71,71,71,71,71,71,71,71,71,71,71,71,71,71,76,76,76,76,76,76,76,76,76,76,76,76,76,76,76,76,76,76],"card_choices":[{"not_picked":["Fusion","Redo"],"picked":"Ball Lightning","floor":1},{"not_picked":["Gash","Compile Driver"],"picked":"Electrodynamics","floor":5},{"not_picked":["White Noise","Loop"],"picked":"Undo","floor":7},{"not_picked":["Beam Cell","Static Discharge"],"picked":"Compile Driver","floor":10},{"not_picked":["Gash","Fusion"],"picked":"Steam","floor":12},{"not_picked":["Blizzard","Loop"],"picked":"Compile Driver","floor":14},{"not_picked":["Rainbow","Thunder Strike"],"picked":"Buffer","floor":16},{"not_picked":["Streamline","Leap"],"picked":"Undo+1","floor":18},{"not_picked":["Conserve Battery","Leap"],"picked":"Defragment","floor":20},{"not_picked":["Multi-Cast","Recycle","Conserve Battery"],"picked":"SKIP","floor":24},{"not_picked":["Reprogram+1","Gash"],"picked":"Doom and Gloom","floor":28},{"not_picked":["Rebound","Go for the Eyes","Chaos"],"picked":"SKIP","floor":31},{"not_picked":["Thunder Strike","Buffer"],"picked":"Echo Form","floor":33},{"not_picked":["Go for the Eyes","Melter"],"picked":"Loop+1","floor":34},{"not_picked":["Barrage","Compile Driver+1"],"picked":"Capacitor","floor":35},{"not_picked":["Gash","Loop","Amplify"],"picked":"SKIP","floor":37},{"not_picked":["Chaos","Beam Cell","Go for the Eyes"],"picked":"SKIP","floor":38},{"not_picked":["Barrage","Sunder","Go for the Eyes"],"picked":"SKIP","floor":42},{"not_picked":["Sweeping Beam","Compile Driver"],"picked":"Static Discharge+1","floor":44},{"not_picked":["Storm","Ball Lightning"],"picked":"Barrage+1","floor":45},{"not_picked":["Rebound","Streamline","Beam Cell"],"picked":"SKIP","floor":47}],"player_experience":1535696,"relics_obtained":[{"floor":7,"key":"Cables"},{"floor":9,"key":"Letter Opener"},{"floor":10,"key":"Potion Belt"},{"floor":12,"key":"Odd Mushroom"},{"floor":22,"key":"Du-Vu Doll"},{"floor":26,"key":"Bronze Scales"},{"floor":28,"key":"Pen Nib"},{"floor":31,"key":"Bottled Lightning"},{"floor":43,"key":"Anchor"}],"event_choices":[{"cards_removed":["Heatsinks"],"damage_healed":0,"gold_gain":0,"player_choice":"Card Removal","damage_taken":7,"max_hp_gain":0,"max_hp_loss":0,"event_name":"Golden Wing","floor":2,"gold_loss":0},{"damage_healed":0,"gold_gain":0,"player_choice":"Grow","damage_taken":0,"max_hp_gain":0,"max_hp_loss":0,"event_name":"Living Wall","floor":3,"gold_loss":0,"cards_upgraded":["Zap"]},{"damage_healed":0,"gold_gain":0,"player_choice":"Entered Light","damage_taken":21,"max_hp_gain":0,"max_hp_loss":0,"event_name":"Shining Light","floor":4,"gold_loss":0,"cards_upgraded":["Defend_B","Strike_B"]},{"damage_healed":0,"gold_gain":0,"player_choice":"Fought Mushrooms","damage_taken":0,"max_hp_gain":0,"max_hp_loss":0,"event_name":"Mushrooms","floor":12,"gold_loss":0},{"cards_removed":["Strike_B"],"damage_healed":0,"gold_gain":0,"player_choice":"Elegance","damage_taken":0,"max_hp_gain":0,"max_hp_loss":0,"event_name":"Back to Basics","floor":19,"gold_loss":0},{"damage_healed":14,"gold_gain":0,"player_choice":"Heal","damage_taken":0,"max_hp_gain":0,"max_hp_loss":0,"event_name":"The Library","floor":21,"gold_loss":0},{"damage_healed":0,"gold_gain":0,"player_choice":"Paid","damage_taken":0,"relics_obtained":["Red Mask"],"max_hp_gain":0,"max_hp_loss":0,"event_name":"Tomb of Lord Red Mask","floor":39,"gold_loss":64},{"damage_healed":0,"gold_gain":0,"player_choice":"Ignored","damage_taken":0,"max_hp_gain":0,"max_hp_loss":0,"event_name":"SecretPortal","floor":41,"gold_loss":0}],"is_beta":false,"boss_relics":[{"not_picked":["Runic Pyramid","Pandora\u0027s Box"],"picked":"Coffee Dripper"},{"not_picked":["Orrery","Fusion Hammer"],"picked":"Tiny House"}],"items_purged_floors":[11,36],"is_endless":false,"potions_floor_spawned":[1,5,12,20,28,33,37,38,47],"ascension_level":20}