{"gold_per_floor":[114,125,143,143,68,68,101,111,138,138,38,53,53,67,67,67],"floor_reached":16,"playtime":443,"items_purged":["Strike_B","Strike_B"],"score":204,"play_id":"5d5f666e-0b15-40bf-87c8-c96a133b4cb3","local_time":"20181009204200","is_ascension_mode":true,"campfire_choices":[{"data":"Tempest","floor":6,"key":"SMITH"},{"data":"Ball Lightning","floor":10,"key":"SMITH"},{"data":"Zap","floor":13,"key":"SMITH"},{"data":"Defragment","floor":15,"key":"SMITH"}],"neow_cost":"","seed_source_timestamp":1726351805743386,"circlet_count":0,"master_deck":["Strike_B","Strike_B","Defend_B","Defend_B","Defend_B","Defend_B","Zap+1","Dualcast","AscendersBane","Tempest+1","Chill","Sunder+1","Ball Lightning+1","Defragment+1"],"relics":["Cracked Core","Bronze Scales","Boot"],"potions_floor_usage":[14,16],"damage_taken":[{"damage":1,"enemies":"Cultist","floor":1,"turns":4},{"damage":0,"enemies":"Small Slimes","floor":2,"turns":2},{"damage":0,"enemies":"2 Louse","floor":3,"turns":2},{"damage":31,"enemies":"Gremlin Nob","floor":7,"turns":4},{"damage":4,"enemies":"Blue Slaver","floor":8,"turns":3},{"damage":6,"enemies":"Looter","floor":12,"turns":2},{"damage":0,"enemies":"Red Slaver","floor":14,"turns":2},{"damage":31,"enemies":"Slime Boss","floor":16,"turns":5}],"seed_played":"-1129379745396802976","potions_obtained":[{"floor":2,"key":"Dexterity Potion"},{"floor":3,"key":"Dexterity Potion"},{"floor":14,"key":"FearPotion"}],"is_trial":false,"path_per_floor":["M","M","M","?","$","R","E","M","T","R","$","M","R","M","R"],"character_chosen":"DEFECT","items_purchased":[],"campfire_rested":0,"item_purchase_floors":[],"current_hp_per_floor":[63,63,63,63,63,63,32,28,28,28,28,22,22,22,22,0],"gold":67,"neow_bonus":"","is_prod":false,"is_daily":false,"chose_seed":false,"campfire_upgraded":4,"win_rate":0,"timestamp":1539110520,"path_taken":["M","M","?","?","$","R","E","M","T","R","?","?","R","M","R","BOSS"],"build_version":"2018-10-04v2","purchased_purges":2,"victory":false,"max_hp_per_floor":[71,71,71,71,71,71,71,71,71,71,71,71,71,71,71,71],"card_choices":[{"not_picked":["Barrage","Leap"],"picked":"Tempest","floor":1},{"not_picked":["Steam Power","Barrage"],"picked":"Chill","floor":2},{"not_picked":["Loop","Aggregate"],"picked":"Sunder","floor":3},{"not_picked":["Auto Shields","Fusion","Loop"],"picked":"SKIP","floor":7},{"not_picked":["Sweeping Beam","Rebound"],"picked":"Ball Lightning","floor":8},{"not_picked":["Rebound","Streamline","Leap"],"picked":"SKIP","floor":12},{"not_picked":["Auto Shields","Conserve Battery"],"picked":"Defragment","floor":14}],"player_experience":1392001,"relics_obtained":[{"floor":7,"key":"Bronze Scales"},{"floor":9,"key":"Boot"}],"event_choices":[{"event_name":"Living Wall","player_choice":"Grow","floor":4,"damage_taken":0}],"is_beta":false,"boss_relics":[],"items_purged_floors":[5,11],"is_endless":false,"potions_floor_spawned":[2,3,14],"killed_by":"Slime Boss","ascension_level":20}