{"gold_per_floor":[118,137,147,147,161,161,172,192,192,192],"floor_reached":10,"playtime":357,"items_purged":[],"score":93,"play_id":"f64ec07c-bf47-4f92-8714-521c37031af0","local_time":"20190301200102","is_ascension_mode":true,"campfire_choices":[{"data":"Bash","floor":6,"key":"SMITH"}],"neow_cost":"NONE","seed_source_timestamp":1358187226153000,"circlet_count":0,"master_deck":["AscendersBane","Strike_R","Strike_R","Strike_R","Strike_R","Strike_R","Defend_R","Defend_R","Defend_R","Defend_R","Bash+1","Offering","Cleave","Sword Boomerang","Barricade+1","Inflame","Uppercut","Metallicize"],"relics":["Burning Blood","Letter Opener"],"potions_floor_usage":[10],"damage_taken":[{"damage":8,"enemies":"Jaw Worm","floor":1,"turns":3},{"damage":6,"enemies":"Cultist","floor":2,"turns":3},{"damage":9,"enemies":"2 Louse","floor":3,"turns":3},{"damage":25,"enemies":"Exordium Wildlife","floor":5,"turns":4},{"damage":10,"enemies":"2 Fungi Beasts","floor":7,"turns":3},{"damage":41,"enemies":"Gremlin Gang","floor":8,"turns":5},{"damage":18,"enemies":"Blue Slaver","floor":10,"turns":3}],"seed_played":"-6959383617945583377","potions_obtained":[{"floor":8,"key":"Strength Potion"}],"is_trial":false,"path_per_floor":["M","M","M","?","M","R","M","M","T","M"],"character_chosen":"IRONCLAD","items_purchased":[],"campfire_rested":0,"item_purchase_floors":[],"current_hp_per_floor":[70,70,67,67,48,48,44,9,9,0],"gold":192,"neow_bonus":"ONE_RANDOM_RARE_CARD","is_prod":false,"is_daily":false,"chose_seed":false,"campfire_upgraded":1,"win_rate":0,"timestamp":1551488462,"path_taken":["M","M","M","?","M","R","?","M","T","M"],"build_version":"2019-01-23","purchased_purges":0,"victory":false,"max_hp_per_floor":[80,80,80,80,80,80,80,80,80,80],"card_choices":[{"not_picked":["Havoc","Wild Strike"],"picked":"Cleave","floor":1},{"not_picked":["Wild Strike","Intimidate"],"picked":"Sword Boomerang","floor":2},{"not_picked":["Thunderclap","Anger"],"picked":"Barricade","floor":3},{"not_picked":["Fire Breathing","Ghostly Armor"],"picked":"Inflame","floor":5},{"not_picked":["Pummel","Hemokinesis"],"picked":"Uppercut","floor":7},{"not_picked":["Burning Pact","Pommel Strike"],"picked":"Metallicize","floor":8}],"player_experience":322417,"relics_obtained":[{"floor":9,"key":"Letter Opener"}],"event_choices":[{"damage_healed":0,"gold_gain":0,"player_choice":"Forge","damage_taken":0,"max_hp_gain":0,"max_hp_loss":0,"event_name":"Accursed Blacksmith","floor":4,"gold_loss":0,"cards_upgraded":["Barricade"]}],"is_beta":false,"boss_relics":[],"items_purged_floors":[],"is_endless":false,"potions_floor_spawned":[8],"killed_by":"Blue Slaver","ascension_level":10}