{"gold_per_floor":[114,20,20,39,54,54,85,85,85,115,115,115],"floor_reached":12,"playtime":465,"items_purged":[],"score":172,"play_id":"05fde9e3-da56-4b26-85e6-e059a89c4564","local_time":"20190103215129","is_ascension_mode":true,"campfire_choices":[{"data":"Go for the Eyes","floor":6,"key":"SMITH"},{"floor":8,"key":"REST"},{"data":"Tempest","floor":11,"key":"SMITH"}],"neow_cost":"NONE","seed_source_timestamp":858415155101806,"circlet_count":0,"master_deck":["AscendersBane","Strike_B","Strike_B+1","Strike_B","Strike_B","Defend_B","Defend_B","Defend_B+1","Defend_B","Zap","Dualcast","Ball Lightning","Rip and Tear","Tempest+1","Go for the Eyes+1","Hyperbeam+1","Doom and Gloom+1","FTL+1"],"relics":["Cracked Core","Dream Catcher","Molten Egg 2","Ornamental Fan","Kunai"],"potions_floor_usage":[7,12],"damage_taken":[{"damage":7,"enemies":"Jaw Worm","floor":1,"turns":4},{"damage":4,"enemies":"Small Slimes","floor":4,"turns":3},{"damage":0,"enemies":"Cultist","floor":5,"turns":3},{"damage":26,"enemies":"3 Sentries","floor":7,"turns":7},{"damage":15,"enemies":"Gremlin Nob","floor":10,"turns":4},{"damage":21,"enemies":"Lagavulin","floor":12,"turns":4}],"seed_played":"2894876311176671824","potions_obtained":[{"floor":1,"key":"AttackPotion"},{"floor":4,"key":"AttackPotion"}],"is_trial":false,"path_per_floor":["M","$","?","M","M","R","E","R","T","E","R","E"],"character_chosen":"DEFECT","items_purchased":["Rip and Tear","Weak Potion"],"campfire_rested":1,"item_purchase_floors":[2,2],"current_hp_per_floor":[57,57,36,32,32,32,6,27,27,12,12,0],"gold":115,"neow_bonus":"RANDOM_COMMON_RELIC","is_prod":false,"is_daily":false,"chose_seed":false,"campfire_upgraded":2,"win_rate":0,"timestamp":1546548689,"path_taken":["M","$","?","M","M","R","E","R","T","E","R","E"],"build_version":"2018-12-20","purchased_purges":0,"victory":false,"max_hp_per_floor":[71,71,71,71,71,71,71,71,71,71,71,71],"card_choices":[{"not_picked":["Lockon","Genetic Algorithm"],"picked":"Ball Lightning","floor":1},{"not_picked":["Heatsinks","Cold Snap"],"picked":"Tempest","floor":4},{"not_picked":["Gash","Rebound"],"picked":"Go for the Eyes","floor":5},{"not_picked":["Leap","Rebound"],"picked":"Hyperbeam","floor":7},{"not_picked":["Hello World","Conserve Battery"],"picked":"Doom and Gloom+1","floor":8},{"not_picked":["Recycle","Genetic Algorithm"],"picked":"FTL+1","floor":10}],"player_experience":1766220,"relics_obtained":[{"floor":7,"key":"Molten Egg 2"},{"floor":9,"key":"Ornamental Fan"},{"floor":10,"key":"Kunai"}],"event_choices":[{"damage_healed":0,"gold_gain":0,"player_choice":"Entered Light","damage_taken":21,"max_hp_gain":0,"max_hp_loss":0,"event_name":"Shining Light","floor":3,"gold_loss":0,"cards_upgraded":["Defend_B","Strike_B"]}],"is_beta":false,"boss_relics":[],"items_purged_floors":[],"is_endless":false,"potions_floor_spawned":[1,4,5],"killed_by":"Lagavulin","ascension_level":20}