{"gold_per_floor":[115,130,150,162,162,162,192,48,48,65,65,76,92,124,124,226,226,240,260,260,271,48,48,79,79,79,113,133,8,8,8],"floor_reached":31,"playtime":2170,"items_purged":["Strike_G","Strike_G","Strike_G"],"score":387,"play_id":"1c8e0e31-73c6-4795-bb93-c6af0ac60458","local_time":"20190217135908","is_ascension_mode":true,"campfire_choices":[{"data":"Dodge and Roll","floor":6.0,"key":"SMITH"},{"floor":11.0,"key":"REST"},{"data":"After Image","floor":15.0,"key":"SMITH"},{"data":"Footwork","floor":23.0,"key":"SMITH"},{"data":"Leg Sweep","floor":25.0,"key":"SMITH"},{"data":"Skewer","floor":30,"key":"SMITH"}],"neow_cost":"NONE","seed_source_timestamp":0,"circlet_count":0,"master_deck":["Defend_G","Defend_G","Defend_G+1","Defend_G","Defend_G","Strike_G","Strike_G","Survivor+1","Neutralize+1","Dodge and Roll+1","PiercingWail","Predator","Skewer+1","Footwork+1","Cloak And Dagger","Deadly Poison","Dagger Spray","After Image+1","Adrenaline","Leg Sweep+1","Deadly Poison","Backflip","Escape Plan","Caltrops","PiercingWail","Heel Hook","Catalyst"],"special_seed":0,"relics":["Ring of the Snake","Darkstone Periapt","Question Card","Pantograph","Orrery","Calipers","Gremlin Horn","Incense Burner"],"potions_floor_usage":[31],"damage_taken":[{"damage":2.0,"enemies":"Cultist","floor":1.0,"turns":4.0},{"damage":0.0,"enemies":"Jaw Worm","floor":2.0,"turns":5.0},{"damage":0.0,"enemies":"2 Louse","floor":3.0,"turns":4.0},{"damage":4.0,"enemies":"Exordium Wildlife","floor":4.0,"turns":7.0},{"damage":15.0,"enemies":"3 Sentries","floor":7.0,"turns":12.0},{"damage":9.0,"enemies":"Lots of Slimes","floor":10.0,"turns":8.0},{"damage":8.0,"enemies":"Gremlin Gang","floor":12.0,"turns":8.0},{"damage":3.0,"enemies":"2 Fungi Beasts","floor":13.0,"turns":5.0},{"damage":10.0,"enemies":"Gremlin Nob","floor":14.0,"turns":4.0},{"damage":14.0,"enemies":"Hexaghost","floor":16.0,"turns":13.0},{"damage":2.0,"enemies":"3 Byrds","floor":18.0,"turns":7.0},{"damage":0.0,"enemies":"Shell Parasite","floor":19.0,"turns":9.0},{"damage":13.0,"enemies":"Snake Plant","floor":21.0,"turns":8.0},{"damage":8.0,"enemies":"Book of Stabbing","floor":24.0,"turns":8.0},{"damage":9.0,"enemies":"Gremlin Leader","floor":27.0,"turns":9.0},{"damage":10,"enemies":"3 Cultists","floor":28,"turns":8},{"damage":20,"enemies":"Cultist and Chosen","floor":31,"turns":5}],"seed_played":"-195361983678968224","potions_obtained":[{"floor":2.0,"key":"SkillPotion"},{"floor":12.0,"key":"Dexterity Potion"},{"floor":13.0,"key":"Weak Potion"},{"floor":16.0,"key":"Swift Potion"},{"floor":19.0,"key":"Poison Potion"},{"floor":24.0,"key":"SneckoOil"}],"is_trial":false,"path_per_floor":["M","M","M","M","?","R","E","$","T","M","R","M","M","E","R","B",null,"M","M","?","M","$","R","E","R","T","E","M","$","R","M"],"character_chosen":"THE_SILENT","items_purchased":["Footwork","Caltrops","PiercingWail"],"campfire_rested":1,"item_purchase_floors":[8,22,22],"current_hp_per_floor":[61,61,61,57,43,43,28,28,28,19,40,32,29,19,19,30,60,58,58,58,45,45,45,37,37,37,28,18,18,18,0],"gold":8,"neow_bonus":"UPGRADE_CARD","is_prod":false,"is_daily":false,"chose_seed":false,"campfire_upgraded":5,"win_rate":0,"timestamp":1550429948,"path_taken":["M","M","M","?","?","R","E","$","T","M","R","M","M","E","R","BOSS","M","M","?","M","$","R","E","R","T","E","M","$","R","M"],"build_version":"2019-01-23","purchased_purges":3,"victory":false,"max_hp_per_floor":[70,70,70,70,70,70,70,70,70,70,70,70,70,70,70,70,70,70,70,70,70,70,70,70,70,70,70,70,70,70,70],"card_choices":[{"not_picked":["Catalyst","Flying Knee"],"picked":"Dodge and Roll","floor":1.0},{"not_picked":["Acrobatics","Caltrops"],"picked":"PiercingWail","floor":2.0},{"not_picked":["Sucker Punch","Underhanded Strike","Bane"],"picked":"SKIP","floor":3.0},{"not_picked":["Accuracy","Grand Finale"],"picked":"Predator","floor":4.0},{"not_picked":["Prepared","Dagger Spray"],"picked":"Skewer","floor":7.0},{"not_picked":["Dodge and Roll","Underhanded Strike","Deflect"],"picked":"Cloak And Dagger","floor":10.0},{"not_picked":["Dodge and Roll","Backflip","Outmaneuver"],"picked":"Deadly Poison","floor":12.0},{"not_picked":["PiercingWail","Flying Knee","Prepared"],"picked":"Dagger Spray","floor":13.0},{"not_picked":["Skewer","Setup","Quick Slash"],"picked":"After Image","floor":14.0},{"not_picked":["Unload","After Image","Night Terror"],"picked":"Adrenaline","floor":16.0},{"not_picked":["Masterful Stab","Finisher","Dagger Throw"],"picked":"Leg Sweep","floor":17.0},{"not_picked":["Sucker Punch","Bane","Deflect"],"picked":"Deadly Poison","floor":17.0},{"not_picked":["Cloak And Dagger","Deflect","Concentrate"],"picked":"Backflip","floor":18.0},{"not_picked":["Finisher","Reflex","Tactician","Distraction"],"picked":"SKIP","floor":19.0},{"not_picked":["Leg Sweep","Acrobatics","Masterful Stab"],"picked":"Escape Plan","floor":21.0},{"not_picked":["Prepared","Cloak And Dagger","Outmaneuver"],"picked":"Heel Hook","floor":24.0},{"not_picked":["All Out Attack","Dagger Spray+1","Quick Slash"],"picked":"Catalyst","floor":27.0},{"not_picked":["Quick Slash","Bane","Outmaneuver","Expertise"],"picked":"SKIP","floor":28}],"player_experience":258255,"relics_obtained":[{"floor":7.0,"key":"Darkstone Periapt"},{"floor":9.0,"key":"Question Card"},{"floor":14.0,"key":"Pantograph"},{"floor":24.0,"key":"Calipers"},{"floor":26.0,"key":"Gremlin Horn"},{"floor":27.0,"key":"Incense Burner"}],"event_choices":[{"damage_healed":0.0,"max_hp_gain":0.0,"max_hp_loss":0.0,"gold_gain":0.0,"event_name":"Shining Light","player_choice":"Entered Light","floor":5.0,"gold_loss":0.0,"damage_taken":14.0,"cards_upgraded":["Defend_G","Survivor"]},{"damage_healed":0.0,"max_hp_gain":0.0,"max_hp_loss":0.0,"gold_gain":0.0,"event_name":"Vampires","player_choice":"Ignored","floor":20.0,"gold_loss":0.0,"damage_taken":0.0}],"is_beta":false,"boss_relics":[{"not_picked":["Snecko Eye","Ring of the Serpent"],"picked":"Orrery"}],"items_purged_floors":[8,22,29],"is_endless":false,"potions_floor_spawned":[2,12,13,16,19,24],"killed_by":"Cultist and Chosen","ascension_level":7}