{"gold_per_floor":[362,437,437,228,244,244,279,290,290,306,231,231,231,241,241,338,338,348,348,365,379,395,426,426,351,378,378],"floor_reached":27,"playtime":979,"items_purged":["Defend_R"],"score":258,"play_id":"642b43ee-bd0f-48a8-9c26-410fd7c21fcd","local_time":"20190310043128","is_ascension_mode":false,"campfire_choices":[{"data":"Bash","floor":6,"key":"SMITH"},{"data":"Wild Strike","floor":12,"key":"SMITH"},{"data":"Wild Strike","floor":15,"key":"SMITH"},{"floor":24,"key":"REST"}],"neow_cost":"TEN_PERCENT_HP_LOSS","seed_source_timestamp":79766802699468,"circlet_count":0,"master_deck":["Strike_R","Strike_R","Strike_R","Strike_R","Strike_R","Defend_R","Defend_R","Bash+1","Wild Strike+1","Strike_R","Wild Strike+1","Thunderclap","Regret","Wild Strike","Wild Strike","Perfected Strike","Headbutt","True Grit","Twin Strike","Headbutt","Perfected Strike"],"relics":["Burning Blood","HandDrill","Pear","Nunchaku","Thread and Needle","Orrery","Letter Opener","Blood Vial"],"potions_floor_usage":[7,16,23,23,27],"damage_taken":[{"damage":2,"enemies":"Small Slimes","floor":1,"turns":3},{"damage":0,"enemies":"2 Louse","floor":5,"turns":3},{"damage":8,"enemies":"Gremlin Nob","floor":7,"turns":4},{"damage":1,"enemies":"Cultist","floor":8,"turns":3},{"damage":16,"enemies":"3 Louse","floor":10,"turns":3},{"damage":2,"enemies":"Exordium Wildlife","floor":14,"turns":3},{"damage":53,"enemies":"Hexaghost","floor":16,"turns":8},{"damage":1,"enemies":"Chosen","floor":18,"turns":4},{"damage":20,"enemies":"Spheric Guardian","floor":20,"turns":4},{"damage":22,"enemies":"Cultist and Chosen","floor":21,"turns":6},{"damage":4,"enemies":"Snecko","floor":22,"turns":3},{"damage":43,"enemies":"Book of Stabbing","floor":23,"turns":4},{"damage":58,"enemies":"Gremlin Leader","floor":27,"turns":3}],"seed_played":"-3167818344808641836","potions_obtained":[{"floor":5,"key":"Block Potion"},{"floor":7,"key":"SteroidPotion"},{"floor":8,"key":"Explosive Potion"},{"floor":18,"key":"AttackPotion"},{"floor":22,"key":"Poison Potion"}],"is_trial":false,"path_per_floor":["M","?","?","$","M","R","E","M","T","M","$","R","?","M","R","B",null,"M","?","M","M","M","E","R","?","T","E"],"character_chosen":"IRONCLAD","items_purchased":["HandDrill"],"campfire_rested":1,"item_purchase_floors":[4],"current_hp_per_floor":[72,61,61,61,67,67,75,80,80,70,70,70,70,74,74,27,82,82,82,68,52,54,17,41,41,41,0],"gold":378,"neow_bonus":"TWO_FIFTY_GOLD","is_prod":false,"is_daily":false,"chose_seed":false,"campfire_upgraded":3,"win_rate":0,"timestamp":1552159888,"path_taken":["M","?","?","$","?","R","E","M","T","M","$","R","?","M","R","BOSS","M","?","M","M","?","E","R","?","T","E"],"build_version":"2019-01-23","purchased_purges":1,"victory":false,"max_hp_per_floor":[72,72,72,72,72,72,82,82,82,82,82,82,82,82,82,82,82,82,82,82,82,82,82,82,82,82,82],"card_choices":[{"not_picked":["Anger","Armaments"],"picked":"Wild Strike","floor":1},{"not_picked":["Armaments","Rage"],"picked":"Wild Strike","floor":5},{"not_picked":["Entrench","Sentinel"],"picked":"Second Wind","floor":7},{"not_picked":["Infernal Blade","Uppercut","Entrench"],"picked":"SKIP","floor":8},{"not_picked":["Headbutt","Sword Boomerang"],"picked":"Thunderclap","floor":10},{"not_picked":["Warcry","Twin Strike"],"picked":"Wild Strike","floor":14},{"not_picked":["Metallicize","Iron Wave"],"picked":"Wild Strike","floor":17},{"not_picked":["Anger","Pommel Strike"],"picked":"Perfected Strike","floor":17},{"not_picked":["Blood for Blood","Rampage"],"picked":"Headbutt","floor":17},{"not_picked":["Disarm","Bludgeon"],"picked":"True Grit","floor":17},{"not_picked":["Rampage","Shrug It Off"],"picked":"Twin Strike","floor":18},{"not_picked":["Intimidate","Warcry"],"picked":"Headbutt","floor":20},{"not_picked":["True Grit","Shrug It Off"],"picked":"Perfected Strike","floor":21},{"not_picked":["Thunderclap","Fire Breathing","Sever Soul"],"picked":"SKIP","floor":22},{"not_picked":["Burning Pact","Hemokinesis","Anger+1"],"picked":"SKIP","floor":23}],"player_experience":276547,"relics_obtained":[{"floor":7,"key":"Pear"},{"floor":9,"key":"Nunchaku"},{"floor":23,"key":"Letter Opener"},{"floor":26,"key":"Blood Vial"}],"event_choices":[{"damage_healed":0,"gold_gain":75,"player_choice":"Gather Gold","damage_taken":11,"max_hp_gain":0,"max_hp_loss":0,"event_name":"World of Goop","floor":2,"gold_loss":0},{"cards_removed":["Defend_R"],"damage_healed":0,"gold_gain":0,"player_choice":"Took Card","damage_taken":0,"max_hp_gain":0,"max_hp_loss":0,"event_name":"NoteForYourself","floor":3,"gold_loss":0,"cards_obtained":["Strike_R"]},{"damage_healed":0,"gold_gain":0,"player_choice":"Box","damage_taken":0,"relics_obtained":["Thread and Needle"],"max_hp_gain":0,"max_hp_loss":0,"event_name":"Big Fish","floor":13,"gold_loss":0,"cards_obtained":["Regret"]},{"damage_healed":0,"gold_gain":0,"player_choice":"Full Heal","damage_taken":0,"max_hp_gain":0,"max_hp_loss":0,"event_name":"Wheel of Change","floor":19,"gold_loss":0},{"cards_removed":["Second Wind"],"damage_healed":0,"gold_gain":0,"player_choice":"Gave Gold","damage_taken":0,"max_hp_gain":0,"max_hp_loss":0,"event_name":"Beggar","floor":25,"gold_loss":75}],"is_beta":false,"boss_relics":[{"not_picked":["White Beast Statue","Eternal Feather"],"picked":"Orrery"}],"items_purged_floors":[11],"is_endless":false,"potions_floor_spawned":[5,7,8,18,22],"killed_by":"Gremlin Leader","ascension_level":0}