{"gold_per_floor":[113,126,126,126,143,143,171,171,171,186,186,214,214,239,239,313,313,323,323,323,342,43,72,72,101,101,114,126,144,174,184,184,258,258,277,297,47,147,162,197,207,242,242,270,270,270,270,298,298,298,298,298,298,9,35,35],"floor_reached":57,"playtime":4716,"items_purged":["Defend_G"],"score":3146,"play_id":"2406d9b4-850d-4005-a7c9-7eaaf7db7286","local_time":"20190116205808","is_ascension_mode":true,"campfire_choices":[{"data":"Dash","floor":6.0,"key":"SMITH"},{"data":"1","floor":11.0,"key":"LIFT"},{"data":"2","floor":13.0,"key":"LIFT"},{"data":"3","floor":15.0,"key":"LIFT"},{"data":"Wraith Form v2","floor":24.0,"key":"SMITH"},{"data":"Footwork","floor":32.0,"key":"SMITH"},{"floor":47,"key":"RECALL"},{"data":"Footwork","floor":49,"key":"SMITH"},{"data":"After Image","floor":53,"key":"SMITH"}],"neow_cost":"TEN_PERCENT_HP_LOSS","seed_source_timestamp":0,"circlet_count":0,"master_deck":["AscendersBane","Defend_G","Defend_G","Defend_G","Defend_G","Survivor","Neutralize","Malaise+1","Dash+1","PiercingWail","Calculated Gamble","Leg Sweep","Backflip+1","Cloak And Dagger+1","Storm of Steel+1","Backstab","Bite","Bite","Bite","Bite","Cloak And Dagger+1","Wraith Form v2+1","Cloak And Dagger+1","After Image+1","Footwork+1","Backflip+1","Deflect+1","Backflip+1","Malaise+1","Backflip+1","Calculated Gamble+1","Flash of Steel","Bouncing Flask+1","Cloak And Dagger+1","Footwork+1","Madness+1","Madness+1","Dodge and Roll+1","Backflip+1"],"special_seed":0,"relics":["Ring of the Snake","The Specimen","Blue Candle","Girya","Pantograph","Toxic Egg 2","Pear","Philosopher\u0027s Stone","Art of War","Omamori","Mercury Hourglass","Snake Skull","The Courier","Pen Nib","Lizard Tail","HandDrill","Dead Branch","Thread and Needle","Ornamental Fan","Ninja Scroll","Singing Bowl","OrangePellets","Happy Flower"],"potions_floor_usage":[40,51,56,56],"damage_taken":[{"damage":5.0,"enemies":"Jaw Worm","floor":1.0,"turns":8.0},{"damage":1.0,"enemies":"Small Slimes","floor":2.0,"turns":4.0},{"damage":1.0,"enemies":"Cultist","floor":5.0,"turns":4.0},{"damage":3.0,"enemies":"Lagavulin","floor":7.0,"turns":8.0},{"damage":0.0,"enemies":"Blue Slaver","floor":10.0,"turns":6.0},{"damage":19.0,"enemies":"3 Sentries","floor":12.0,"turns":11.0},{"damage":1.0,"enemies":"Lagavulin","floor":14.0,"turns":10.0},{"damage":24.0,"enemies":"Hexaghost","floor":16.0,"turns":15.0},{"damage":0.0,"enemies":"Chosen","floor":18.0,"turns":4.0},{"damage":5.0,"enemies":"Shell Parasite","floor":21.0,"turns":5.0},{"damage":23.0,"enemies":"Book of Stabbing","floor":23.0,"turns":9.0},{"damage":0.0,"enemies":"Gremlin Leader","floor":25.0,"turns":7.0},{"damage":9.0,"enemies":"Cultist and Chosen","floor":27.0,"turns":7.0},{"damage":0.0,"enemies":"Snake Plant","floor":28.0,"turns":5.0},{"damage":4.0,"enemies":"3 Cultists","floor":29.0,"turns":4.0},{"damage":36.0,"enemies":"Book of Stabbing","floor":30.0,"turns":6.0},{"damage":4.0,"enemies":"Snecko","floor":31.0,"turns":3.0},{"damage":32.0,"enemies":"Automaton","floor":33.0,"turns":15.0},{"damage":0,"enemies":"3 Shapes","floor":35,"turns":5},{"damage":1,"enemies":"Orb Walker","floor":36,"turns":3},{"damage":1,"enemies":"Mind Bloom Boss Battle","floor":38,"turns":9},{"damage":20,"enemies":"Spire Growth","floor":39,"turns":5},{"damage":6,"enemies":"Nemesis","floor":40,"turns":7},{"damage":7,"enemies":"Writhing Mass","floor":41,"turns":8},{"damage":5,"enemies":"Giant Head","floor":42,"turns":10},{"damage":4,"enemies":"Nemesis","floor":44,"turns":7},{"damage":0,"enemies":"Giant Head","floor":48,"turns":4},{"damage":0,"enemies":"Awakened One","floor":50,"turns":11},{"damage":38,"enemies":"Time Eater","floor":51,"turns":12},{"damage":2,"enemies":"Shield and Spear","floor":55,"turns":11},{"damage":33,"enemies":"The Heart","floor":56,"turns":11}],"seed_played":"-1662842636565722159","potions_obtained":[{"floor":5.0,"key":"Strength Potion"},{"floor":10.0,"key":"Dexterity Potion"},{"floor":12.0,"key":"Fire Potion"},{"floor":21.0,"key":"GamblersBrew"},{"floor":25.0,"key":"Strength Potion"},{"floor":28.0,"key":"Block Potion"},{"floor":30.0,"key":"GhostInAJar"},{"floor":39,"key":"Regen Potion"},{"floor":40,"key":"GamblersBrew"}],"is_trial":false,"path_per_floor":["M","M","?","?","M","R","E","T","T","M","R","E","R","E","R","B",null,"M","?","?","M","$","E","R","E","T","M","M","M","E","M","R","B",null,"M","M","$","?","M","E","M","E","T","E","?","?","R","E","R","B","B",null,"R","$","E","B",null],"character_chosen":"THE_SILENT","items_purchased":["Wraith Form v2","Cloak And Dagger+1","Omamori","HandDrill","Flash of Steel","OrangePellets","SpeedPotion"],"campfire_rested":0,"item_purchase_floors":[22,22,22,37,37,54,54],"current_hp_per_floor":[54,53,53,35,34,34,31,31,31,31,31,12,12,21,21,22,58,58,49,49,49,49,40,40,49,49,42,48,49,19,23,23,37,46,49,49,49,49,31,48,49,48,48,49,40,40,40,48,48,49,21,42,42,42,48,22],"gold":35,"neow_bonus":"THREE_RARE_CARDS","is_prod":false,"is_daily":false,"chose_seed":false,"campfire_upgraded":5,"win_rate":0,"timestamp":1547668688,"path_taken":["M","M","?","?","M","R","E","?","T","M","R","E","R","E","R","BOSS","M","?","?","M","$","E","R","E","T","M","?","M","E","M","R","BOSS","M","M","$","?","M","E","M","E","T","E","?","?","R","E","R","BOSS","BOSS","R","$","E","BOSS"],"build_version":"2019-01-10","purchased_purges":1,"victory":true,"max_hp_per_floor":[60,60,60,60,60,60,60,60,60,60,60,60,60,70,70,70,70,70,49,49,49,49,49,49,49,49,49,49,49,49,49,49,49,49,49,49,49,49,49,49,49,49,49,49,49,49,49,49,49,49,49,49,49,49,49,49],"card_choices":[{"not_picked":["Burst","After Image"],"picked":"Malaise","floor":0.0},{"not_picked":["Bane","Finisher"],"picked":"Flying Knee","floor":1.0},{"not_picked":["Blade Dance","Deadly Poison"],"picked":"Dash","floor":2.0},{"not_picked":["Dagger Spray","Skewer"],"picked":"PiercingWail","floor":5.0},{"not_picked":["Doppelganger","Prepared"],"picked":"Calculated Gamble","floor":7.0},{"not_picked":["Flechettes","Deflect"],"picked":"Leg Sweep","floor":10.0},{"not_picked":["Heel Hook","Riddle With Holes"],"picked":"Backflip","floor":12.0},{"not_picked":["Riddle With Holes","Predator"],"picked":"Cloak And Dagger+1","floor":14.0},{"not_picked":["Glass Knife","Venomology+1"],"picked":"Storm of Steel+1","floor":16.0},{"not_picked":["Dagger Throw","Flying Knee"],"picked":"Backstab","floor":18.0},{"not_picked":["Flechettes+1","Dash"],"picked":"Cloak And Dagger+1","floor":21.0},{"not_picked":["Quick Slash","Poisoned Stab","Deadly Poison+1"],"picked":"SKIP","floor":23.0},{"not_picked":["Flechettes","Dodge and Roll+1"],"picked":"After Image","floor":25.0},{"not_picked":["Underhanded Strike+1","Poisoned Stab+1","Bane"],"picked":"SKIP","floor":27.0},{"not_picked":["Dagger Spray","Finisher"],"picked":"Footwork","floor":28.0},{"not_picked":["Blur+1","Eviscerate+1"],"picked":"Backflip+1","floor":29.0},{"not_picked":["Finisher","Expertise+1"],"picked":"Deflect+1","floor":30.0},{"not_picked":["All Out Attack","Underhanded Strike"],"picked":"Backflip+1","floor":31.0},{"not_picked":["Phantasmal Killer+1","Envenom"],"picked":"Malaise+1","floor":33.0},{"not_picked":["Deadly Poison+1","Escape Plan+1"],"picked":"Backflip+1","floor":35},{"not_picked":["Acrobatics+1","Eviscerate"],"picked":"Calculated Gamble+1","floor":36},{"not_picked":["Backflip+1","Flying Knee"],"picked":"Bouncing Flask+1","floor":38},{"not_picked":["Sucker Punch","Setup+1","Bane"],"picked":"SKIP","floor":39},{"not_picked":["Storm of Steel+1","Eviscerate+1"],"picked":"Cloak And Dagger+1","floor":40},{"not_picked":["Bane","Sucker Punch","Dash"],"picked":"SKIP","floor":41},{"not_picked":["Skewer","Acrobatics+1"],"picked":"Footwork","floor":42},{"not_picked":["Skewer","Slice+1","Deadly Poison+1"],"picked":"SKIP","floor":44},{"not_picked":["Underhanded Strike+1","Bane"],"picked":"Dodge and Roll+1","floor":48},{"not_picked":["Dagger Spray","Setup+1"],"picked":"Backflip+1","floor":55}],"player_experience":1787835,"relics_obtained":[{"floor":7.0,"key":"Blue Candle"},{"floor":8.0,"key":"Girya"},{"floor":9.0,"key":"Pantograph"},{"floor":12.0,"key":"Toxic Egg 2"},{"floor":14.0,"key":"Pear"},{"floor":23.0,"key":"Mercury Hourglass"},{"floor":25.0,"key":"Snake Skull"},{"floor":26.0,"key":"The Courier"},{"floor":30.0,"key":"Pen Nib"},{"floor":38,"key":"Dead Branch"},{"floor":40,"key":"Thread and Needle"},{"floor":42,"key":"Ornamental Fan"},{"floor":44,"key":"Ninja Scroll"},{"floor":48,"key":"Singing Bowl"},{"floor":55,"key":"Happy Flower"}],"event_choices":[{"damage_healed":0.0,"max_hp_gain":0.0,"max_hp_loss":0.0,"gold_gain":0.0,"event_name":"Living Wall","player_choice":"Grow","floor":3.0,"gold_loss":0.0,"damage_taken":0.0,"cards_upgraded":["Malaise"]},{"damage_healed":0.0,"max_hp_gain":0.0,"max_hp_loss":0.0,"gold_gain":0.0,"event_name":"Scrap Ooze","player_choice":"Success","floor":4.0,"gold_loss":0.0,"damage_taken":18.0,"relics_obtained":["The Specimen"]},{"damage_healed":0.0,"max_hp_gain":0.0,"max_hp_loss":21.0,"gold_gain":0.0,"event_name":"Vampires","player_choice":"Became a vampire","floor":19.0,"gold_loss":0.0,"damage_taken":0.0,"cards_obtained":["Bite","Bite","Bite","Bite","Bite"]},{"cards_removed":["Flying Knee"],"damage_healed":0.0,"max_hp_gain":0.0,"max_hp_loss":0.0,"gold_gain":0.0,"event_name":"WeMeetAgain","player_choice":"Gave Card","floor":20.0,"gold_loss":0.0,"damage_taken":0.0,"relics_obtained":["Art of War"]},{"damage_healed":0,"gold_gain":0,"player_choice":"Fight","damage_taken":0,"max_hp_gain":0,"max_hp_loss":0,"event_name":"MindBloom","floor":38,"gold_loss":0},{"damage_healed":0,"gold_gain":0,"player_choice":"Embrace Madness","damage_taken":9,"max_hp_gain":0,"max_hp_loss":0,"event_name":"Winding Halls","floor":45,"gold_loss":0,"cards_obtained":["Madness","Madness"]},{"cards_removed":["Bite"],"damage_healed":0,"gold_gain":0,"player_choice":"Removed Attack","damage_taken":0,"max_hp_gain":0,"max_hp_loss":0,"event_name":"Falling","floor":46,"gold_loss":0}],"is_beta":false,"boss_relics":[{"not_picked":["Astrolabe","WristBlade"],"picked":"Philosopher\u0027s Stone"},{"not_picked":["Runic Dome","Pandora\u0027s Box"],"picked":"Lizard Tail"}],"items_purged_floors":[54],"is_endless":false,"potions_floor_spawned":[5,10,12,21,25,28,30,33,35,39,40,41,42],"ascension_level":20}