{"gold_per_floor":[116,116,129,29,45,45,78,92,92,106,106,137,155,174,174,275,275,293,110,129,44,44,78,78,92,92,92,104,56,90,90,90,186,186,200,5,15,25,25,25,79,79,129,140,159,186,116,116,116,116,116,116,116,144,144],"floor_reached":55,"playtime":15155,"items_purged":["Strike_G","Strike_G","Strike_G"],"score":1206,"play_id":"ecec0485-d337-4f38-99d6-9d50d0b8e9b0","local_time":"20190227213738","is_ascension_mode":true,"campfire_choices":[{"data":"Neutralize","floor":6.0,"key":"SMITH"},{"data":"Cloak And Dagger","floor":11.0,"key":"SMITH"},{"data":"Dagger Spray","floor":15.0,"key":"SMITH"},{"data":"Deadly Poison","floor":24.0,"key":"SMITH"},{"data":"Ghostly","floor":32.0,"key":"SMITH"},{"floor":40.0,"key":"RECALL"},{"data":"Acrobatics","floor":42.0,"key":"SMITH"},{"floor":49,"key":"REST"},{"floor":52,"key":"REST"}],"neow_cost":"NONE","seed_source_timestamp":0,"circlet_count":0,"master_deck":["Defend_G+1","Defend_G+1","Defend_G+1","Strike_G+1","Survivor+1","Neutralize+1","Poisoned Stab+1","Dagger Spray+1","Choke+1","Crippling Poison+1","Endless Agony+1","Cloak And Dagger+1","Dagger Throw+1","Wraith Form v2+1","After Image+1","Infinite Blades+1","Swift Strike+1","Deadly Poison+1","Adrenaline+1","Choke+1","Ghostly+1","Ghostly+1","Ghostly+1","Ghostly+1","Ghostly+1","Poisoned Stab+1","Slice+1","A Thousand Cuts+1","Prepared+1","Noxious Fumes+1","Acrobatics+1","Caltrops+1","Acrobatics+1","Tactician+1","Purity+1","Prepared+1"],"special_seed":0,"relics":["Ring of the Snake","Tough Bandages","Pear","Letter Opener","Runic Pyramid","Happy Flower","Potion Belt","Snake Skull","Nunchaku","Empty Cage","Mark of the Bloom","Bird Faced Urn","Bag of Preparation","Toxic Egg 2","Blue Candle"],"potions_floor_usage":[50,50,55,55,55,55],"damage_taken":[{"damage":4.0,"enemies":"2 Louse","floor":1.0,"turns":3.0},{"damage":1.0,"enemies":"Cultist","floor":3.0,"turns":3.0},{"damage":2.0,"enemies":"Jaw Worm","floor":5.0,"turns":3.0},{"damage":31.0,"enemies":"Gremlin Nob","floor":7.0,"turns":4.0},{"damage":0.0,"enemies":"Blue Slaver","floor":8.0,"turns":3.0},{"damage":3.0,"enemies":"Lots of Slimes","floor":10.0,"turns":3.0},{"damage":11.0,"enemies":"Lagavulin","floor":12.0,"turns":7.0},{"damage":2.0,"enemies":"Exordium Wildlife","floor":13.0,"turns":3.0},{"damage":5.0,"enemies":"3 Louse","floor":14.0,"turns":2.0},{"damage":14.0,"enemies":"Slime Boss","floor":16.0,"turns":10.0},{"damage":26.0,"enemies":"2 Thieves","floor":18.0,"turns":4.0},{"damage":5.0,"enemies":"3 Byrds","floor":20.0,"turns":4.0},{"damage":19.0,"enemies":"Gremlin Leader","floor":23.0,"turns":8.0},{"damage":7.0,"enemies":"Snake Plant","floor":25.0,"turns":4.0},{"damage":0.0,"enemies":"Centurion and Healer","floor":28.0,"turns":8.0},{"damage":0.0,"enemies":"Slavers","floor":30.0,"turns":7.0},{"damage":15.0,"enemies":"Automaton","floor":33.0,"turns":14.0},{"damage":3.0,"enemies":"Orb Walker","floor":35.0,"turns":4.0},{"damage":8.0,"enemies":"3 Shapes","floor":37.0,"turns":4.0},{"damage":1.0,"enemies":"Transient","floor":38.0,"turns":5.0},{"damage":0.0,"enemies":"2 Orb Walkers","floor":41.0,"turns":6.0},{"damage":0,"enemies":"Jaw Worm Horde","floor":44,"turns":4},{"damage":1,"enemies":"4 Shapes","floor":45,"turns":5},{"damage":0,"enemies":"Nemesis","floor":46,"turns":7},{"damage":0,"enemies":"Donu and Deca","floor":50,"turns":9},{"damage":6,"enemies":"Shield and Spear","floor":54,"turns":5},{"damage":17,"enemies":"The Heart","floor":55,"turns":9}],"seed_played":"-8377491278186500419","potions_obtained":[{"floor":3.0,"key":"GhostInAJar"},{"floor":8.0,"key":"FearPotion"},{"floor":10.0,"key":"Regen Potion"},{"floor":12.0,"key":"EntropicBrew"},{"floor":13.0,"key":"Poison Potion"},{"floor":16.0,"key":"SpeedPotion"},{"floor":20.0,"key":"Dexterity Potion"},{"floor":23.0,"key":"FearPotion"},{"floor":33.0,"key":"Energy Potion"},{"floor":35.0,"key":"FearPotion"},{"floor":38.0,"key":"Energy Potion"},{"floor":41.0,"key":"Ancient Potion"},{"floor":54,"key":"FearPotion"}],"is_trial":false,"path_per_floor":["M","?","M","$","M","R","E","M","T","M","R","E","M","M","R","B",null,"M","$","M","?","T","E","R","M","T","?","M","$","E","$","R","B",null,"M","$","M","M","?","R","?","R","T","M","M","E","$","?","R","B",null,"R","$","E","B"],"character_chosen":"THE_SILENT","items_purchased":["Dagger Spray","Swift Strike","Poisoned Stab","Noxious Fumes","Tactician+1"],"campfire_rested":2,"item_purchase_floors":[4,19,29,36,47],"current_hp_per_floor":[66,66,65,65,63,63,32,32,42,39,39,43,41,36,36,22,71,45,45,40,40,40,36,36,29,29,29,29,29,29,29,29,14,36,33,33,25,24,24,24,24,24,24,24,23,23,23,23,23,23,23,23,23,17,0],"gold":144,"neow_bonus":"TEN_PERCENT_HP_BONUS","is_prod":false,"is_daily":false,"chose_seed":false,"campfire_upgraded":6,"win_rate":0,"timestamp":1551321458,"path_taken":["M","?","?","?","M","R","E","?","T","M","R","E","M","M","R","BOSS","M","$","M","?","?","E","R","M","T","?","M","?","E","$","R","BOSS","M","$","?","M","?","R","?","R","T","M","M","E","$","?","R","BOSS","R","$","E","BOSS"],"build_version":"2019-01-23","purchased_purges":3,"victory":false,"max_hp_per_floor":[77,77,77,77,77,77,77,77,87,87,87,87,87,87,87,87,87,87,87,87,87,87,87,87,87,87,43,43,43,43,43,43,43,43,43,43,43,43,43,43,43,43,43,43,43,43,43,43,43,43,43,43,43,43,43],"card_choices":[{"not_picked":["Flying Knee","Blade Dance"],"picked":"Poisoned Stab","floor":1.0},{"not_picked":["Backflip","Deflect","Caltrops"],"picked":"SKIP","floor":3.0},{"not_picked":["Eviscerate","Acrobatics"],"picked":"Choke","floor":5.0},{"not_picked":["Quick Slash","Acrobatics"],"picked":"Crippling Poison","floor":7.0},{"not_picked":["Deflect","Distraction"],"picked":"Endless Agony","floor":8.0},{"not_picked":["Quick Slash","Choke"],"picked":"Cloak And Dagger","floor":10.0},{"not_picked":["Caltrops","Underhanded Strike"],"picked":"Dagger Throw","floor":12.0},{"not_picked":["Catalyst","Reflex"],"picked":"Wraith Form v2","floor":14.0},{"not_picked":["A Thousand Cuts","Envenom"],"picked":"After Image","floor":16.0},{"not_picked":["Deadly Poison","Backflip"],"picked":"Infinite Blades","floor":18.0},{"not_picked":["Quick Slash","Dodge and Roll+1"],"picked":"Deadly Poison","floor":20.0},{"not_picked":["Backflip","Venomology"],"picked":"Adrenaline","floor":23.0},{"not_picked":["Finisher","Outmaneuver"],"picked":"Choke+1","floor":25.0},{"not_picked":["Dagger Spray","Flying Knee","Bane"],"picked":"SKIP","floor":28.0},{"not_picked":["Prepared","Sucker Punch"],"picked":"Slice","floor":30.0},{"not_picked":["Envenom","Phantasmal Killer"],"picked":"A Thousand Cuts","floor":33.0},{"not_picked":["Dagger Throw+1","Underhanded Strike"],"picked":"Prepared+1","floor":35.0},{"not_picked":["Deflect+1","Sucker Punch"],"picked":"Acrobatics","floor":37.0},{"not_picked":["Accuracy+1","Prepared"],"picked":"Caltrops+1","floor":38.0},{"not_picked":["Flechettes+1","Backflip+1"],"picked":"Acrobatics","floor":41.0},{"not_picked":["All Out Attack+1","Poisoned Stab","Well Laid Plans"],"picked":"SKIP","floor":44},{"not_picked":["Backflip+1","Bane+1","Slice"],"picked":"SKIP","floor":45},{"not_picked":["Dagger Spray","Dagger Throw+1","Underhanded Strike"],"picked":"SKIP","floor":46},{"not_picked":["Trip+1","Flash of Steel"],"picked":"Purity+1","floor":48},{"not_picked":["Grand Finale","Bane+1"],"picked":"Prepared+1","floor":54}],"player_experience":1691416,"relics_obtained":[{"floor":7.0,"key":"Tough Bandages"},{"floor":9.0,"key":"Pear"},{"floor":12.0,"key":"Letter Opener"},{"floor":22.0,"key":"Potion Belt"},{"floor":23.0,"key":"Snake Skull"},{"floor":30.0,"key":"Nunchaku"},{"floor":41.0,"key":"Bird Faced Urn"},{"floor":43.0,"key":"Bag of Preparation"},{"floor":46,"key":"Toxic Egg 2"},{"floor":54,"key":"Blue Candle"}],"event_choices":[{"cards_removed":["Strike_G"],"damage_healed":0.0,"max_hp_gain":0.0,"max_hp_loss":0.0,"gold_gain":0.0,"event_name":"Purifier","player_choice":"Purged","floor":2.0,"gold_loss":0.0,"damage_taken":0.0},{"damage_healed":0.0,"max_hp_gain":0.0,"max_hp_loss":0.0,"gold_gain":0.0,"event_name":"Addict","player_choice":"Obtained Relic","floor":21.0,"gold_loss":85.0,"damage_taken":0.0,"relics_obtained":["Happy Flower"]},{"damage_healed":0.0,"max_hp_gain":0.0,"max_hp_loss":44.0,"gold_gain":0.0,"event_name":"Ghosts","player_choice":"Became a Ghost","floor":27.0,"gold_loss":0.0,"damage_taken":0.0,"cards_obtained":["Ghostly","Ghostly","Ghostly","Ghostly","Ghostly"]},{"damage_healed":0.0,"max_hp_gain":0.0,"max_hp_loss":0.0,"gold_gain":0.0,"event_name":"MindBloom","player_choice":"Upgrade","floor":39.0,"gold_loss":0.0,"damage_taken":0.0,"cards_upgraded":["Defend_G","Defend_G","Defend_G","Strike_G","Survivor","Poisoned Stab","Choke","Crippling Poison","Endless Agony","Dagger Throw","Wraith Form v2","After Image","Infinite Blades","Swift Strike","Adrenaline","Ghostly","Ghostly","Ghostly","Ghostly","Poisoned Stab","Slice","A Thousand Cuts","Noxious Fumes","Acrobatics"],"relics_obtained":["Mark of the Bloom"]},{"damage_healed":0.0,"max_hp_gain":0.0,"max_hp_loss":0.0,"gold_gain":0.0,"event_name":"Mysterious Sphere","player_choice":"Fight","floor":41.0,"gold_loss":0.0,"damage_taken":0.0},{"damage_healed":0,"gold_gain":0,"player_choice":"Memory 1","damage_taken":0,"max_hp_gain":0,"max_hp_loss":0,"event_name":"SensoryStone","floor":48,"gold_loss":0}],"is_beta":false,"boss_relics":[{"not_picked":["Busted Crown","Orrery"],"picked":"Runic Pyramid"},{"not_picked":["Runic Dome","Velvet Choker"],"picked":"Empty Cage"}],"items_purged_floors":[4,19,36],"is_endless":false,"potions_floor_spawned":[3,8,10,12,13,16,20,23,33,35,38,41,44,54],"killed_by":"The Heart","ascension_level":9}