{"gold_per_floor":[19,32,32,90,90,120,120,145,168,205,233,320,332,359,371,459,471,471,471,411,391,391,391,391,391,391,391,391,391,391,391,391,391,391,391,391,391,391,391,391,391,391,391,391,391,391,391,391,391,391,391],"floor_reached":52,"playtime":2580,"items_purged":[],"score":2253,"play_id":"061f979f-1f16-4d65-9b7a-61fd128300a4","local_time":"20181113200815","is_ascension_mode":true,"campfire_choices":[{"data":"Bash","floor":7,"key":"SMITH"},{"data":"Flame Barrier","floor":13,"key":"SMITH"},{"data":"Carnage","floor":15,"key":"SMITH"},{"data":"Pommel Strike","floor":24,"key":"SMITH"},{"data":"Demon Form","floor":32,"key":"SMITH"},{"floor":41,"key":"REST"},{"data":"Inflame","floor":44,"key":"SMITH"},{"data":"Shockwave","floor":46,"key":"SMITH"},{"data":"Limit Break","floor":49,"key":"SMITH"}],"neow_cost":"NO_GOLD","seed_source_timestamp":124424745642820,"circlet_count":0,"master_deck":["AscendersBane","Strike_R","Strike_R","Strike_R","Strike_R","Strike_R","Defend_R","Defend_R","Defend_R","Defend_R","Bash+1","Pommel Strike+1","Carnage+1","Twin Strike","Reaper","Flame Barrier+1","Shrug It Off","Offering","Headbutt","Shrug It Off","True Grit","Shockwave+1","Limit Break+1","Feel No Pain","Inflame+1","Demon Form+1","Twin Strike+1","True Grit","Feed+1","Heavy Blade+1","Thunderclap+1","Cleave+1","Battle Trance","Pommel Strike+1","Pommel Strike+1","Pommel Strike+1","Heavy Blade+1","Headbutt+1"],"relics":["Burning Blood","Thread and Needle","The Courier","Pear","Potion Belt","Happy Flower","MawBank","Dodecahedron","Ectoplasm","MutagenicStrength","Vajra","Question Card","Molten Egg 2","PreservedInsect","Pocketwatch","Sozu","Red Skull","Lantern","Meat on the Bone"],"potions_floor_usage":[16,23,25,27,40,40,51,51],"damage_taken":[{"damage":4,"enemies":"2 Louse","floor":1,"turns":3},{"damage":3,"enemies":"Jaw Worm","floor":2,"turns":4},{"damage":36,"enemies":"Lagavulin","floor":6,"turns":8},{"damage":4,"enemies":"Gremlin Nob","floor":8,"turns":3},{"damage":47,"enemies":"3 Sentries","floor":10,"turns":9},{"damage":0,"enemies":"Small Slimes","floor":11,"turns":4},{"damage":4,"enemies":"2 Fungi Beasts","floor":14,"turns":4},{"damage":8,"enemies":"Hexaghost","floor":16,"turns":8},{"damage":15,"enemies":"Shell Parasite","floor":18,"turns":5},{"damage":13,"enemies":"2 Thieves","floor":20,"turns":3},{"damage":0,"enemies":"Centurion and Healer","floor":22,"turns":7},{"damage":18,"enemies":"Book of Stabbing","floor":23,"turns":4},{"damage":32,"enemies":"Slavers","floor":25,"turns":4},{"damage":32,"enemies":"Book of Stabbing","floor":27,"turns":4},{"damage":2,"enemies":"Chosen and Byrds","floor":28,"turns":5},{"damage":12,"enemies":"3 Cultists","floor":29,"turns":5},{"damage":6,"enemies":"Gremlin Leader","floor":30,"turns":3},{"damage":6,"enemies":"Centurion and Healer","floor":31,"turns":5},{"damage":93,"enemies":"Automaton","floor":33,"turns":8},{"damage":24,"enemies":"3 Darklings","floor":35,"turns":5},{"damage":27,"enemies":"3 Shapes","floor":36,"turns":5},{"damage":2,"enemies":"Transient","floor":38,"turns":6},{"damage":54,"enemies":"Spire Growth","floor":39,"turns":4},{"damage":70,"enemies":"Giant Head","floor":40,"turns":6},{"damage":16,"enemies":"Reptomancer","floor":42,"turns":3},{"damage":8,"enemies":"4 Shapes","floor":45,"turns":8},{"damage":18,"enemies":"3 Darklings","floor":47,"turns":4},{"damage":0,"enemies":"Spire Growth","floor":48,"turns":2},{"damage":106,"enemies":"Awakened One","floor":50,"turns":11},{"damage":6,"enemies":"Time Eater","floor":51,"turns":4}],"seed_played":"-2404997494794571648","potions_obtained":[{"floor":6,"key":"SneckoOil"},{"floor":10,"key":"LiquidBronze"},{"floor":16,"key":"SpeedPotion"},{"floor":20,"key":"PowerPotion"},{"floor":21,"key":"Dexterity Potion"},{"floor":23,"key":"GamblersBrew"},{"floor":25,"key":"PowerPotion"},{"floor":29,"key":"SkillPotion"},{"floor":33,"key":"Swift Potion"}],"is_trial":false,"path_per_floor":["M","M","?","?","T","E","R","E","T","E","M","?","R","M","R","B",null,"M","?","M","?","M","E","R","E","T","E","M","M","E","M","R","B",null,"M","M","?","M","M","E","R","E","T","R","M","R","M","M","R","B","B",null],"character_chosen":"IRONCLAD","items_purchased":[],"campfire_rested":1,"item_purchase_floors":[],"current_hp_per_floor":[70,73,55,55,65,35,35,37,37,8,18,7,7,17,17,21,69,64,64,67,67,79,71,71,62,62,54,67,85,85,85,85,20,69,89,93,93,93,78,20,47,37,37,37,65,65,99,101,101,39,83],"gold":391,"neow_bonus":"ONE_RARE_RELIC","is_prod":false,"is_daily":false,"chose_seed":false,"campfire_upgraded":8,"win_rate":0,"timestamp":1542136095,"path_taken":["M","M","?","?","?","E","R","E","T","E","M","?","R","M","R","BOSS","M","?","M","?","M","E","R","E","T","E","M","?","E","M","R","BOSS","M","M","?","M","M","E","R","E","T","R","M","R","M","?","R","BOSS","BOSS"],"build_version":"2018-11-08","purchased_purges":0,"victory":true,"max_hp_per_floor":[75,75,75,75,85,85,85,85,85,85,85,85,85,85,85,85,85,85,85,85,85,85,85,85,85,85,85,85,85,85,85,85,85,85,89,93,93,93,93,93,93,93,93,93,97,97,101,101,101,105,105],"card_choices":[{"not_picked":["Disarm","Perfected Strike"],"picked":"Pommel Strike","floor":1},{"not_picked":["Hemokinesis","Corruption"],"picked":"Carnage","floor":2},{"not_picked":["Clash","Shrug It Off"],"picked":"Twin Strike","floor":6},{"not_picked":["Heavy Blade","Limit Break"],"picked":"Reaper","floor":8},{"not_picked":["Sentinel","Reckless Charge"],"picked":"Flame Barrier","floor":10},{"not_picked":["Second Wind","Heavy Blade"],"picked":"Shrug It Off","floor":11},{"not_picked":["Dual Wield","Pommel Strike","Heavy Blade"],"picked":"SKIP","floor":14},{"not_picked":["Dual Wield","Pommel Strike","Heavy Blade"],"picked":"SKIP","floor":14},{"not_picked":["Exhume","Berserk"],"picked":"Offering","floor":16},{"not_picked":["Heavy Blade","Anger"],"picked":"Headbutt","floor":18},{"not_picked":["Body Slam","Infernal Blade"],"picked":"Shrug It Off","floor":20},{"not_picked":["Rage","Feel No Pain"],"picked":"True Grit","floor":22},{"not_picked":["Anger+1","Pommel Strike"],"picked":"Shockwave","floor":23},{"not_picked":["Reckless Charge","Pommel Strike"],"picked":"Limit Break","floor":25},{"not_picked":["Sentinel+1","Armaments","Iron Wave+1"],"picked":"Feel No Pain","floor":27},{"not_picked":["Searing Blow+1","Twin Strike+1","Second Wind"],"picked":"Inflame","floor":28},{"not_picked":["Perfected Strike+1","Carnage+1","Seeing Red"],"picked":"Demon Form","floor":29},{"not_picked":["Havoc","Clash+1","Evolve"],"picked":"Twin Strike+1","floor":30},{"not_picked":["Second Wind","Armaments","Dual Wield"],"picked":"True Grit","floor":31},{"not_picked":["Demon Form","Barricade","Brutality"],"picked":"Feed+1","floor":33},{"not_picked":["Flex","Evolve+1","Anger+1"],"picked":"Heavy Blade+1","floor":35},{"not_picked":["Wild Strike+1","Seeing Red","Second Wind"],"picked":"Thunderclap+1","floor":36},{"not_picked":["Clash+1","Reckless Charge+1","Flame Barrier"],"picked":"Cleave+1","floor":38},{"not_picked":["Carnage+1","Headbutt+1","Twin Strike+1"],"picked":"Battle Trance","floor":39},{"not_picked":["Double Tap","Shockwave","Armaments"],"picked":"Pommel Strike+1","floor":40},{"not_picked":["Flex","Clash+1","Clothesline+1"],"picked":"Pommel Strike+1","floor":42},{"not_picked":["Armaments","Perfected Strike+1","Entrench"],"picked":"Pommel Strike+1","floor":45},{"not_picked":["Body Slam+1","Ghostly Armor","Thunderclap+1"],"picked":"Heavy Blade+1","floor":47},{"not_picked":["Second Wind+1","Warcry+1","Carnage+1"],"picked":"Headbutt+1","floor":48}],"player_experience":1602033,"relics_obtained":[{"floor":5,"key":"Pear"},{"floor":6,"key":"Potion Belt"},{"floor":8,"key":"Happy Flower"},{"floor":9,"key":"MawBank"},{"floor":10,"key":"Dodecahedron"},{"floor":23,"key":"Vajra"},{"floor":25,"key":"Question Card"},{"floor":26,"key":"Molten Egg 2"},{"floor":27,"key":"PreservedInsect"},{"floor":30,"key":"Pocketwatch"},{"floor":40,"key":"Red Skull"},{"floor":42,"key":"Lantern"},{"floor":43,"key":"Meat on the Bone"}],"event_choices":[{"damage_healed":0,"gold_gain":0,"player_choice":"Success","damage_taken":18,"relics_obtained":["The Courier"],"max_hp_gain":0,"max_hp_loss":0,"event_name":"Scrap Ooze","floor":3,"gold_loss":0},{"damage_healed":0,"gold_gain":58,"player_choice":"Gained Gold","damage_taken":0,"max_hp_gain":0,"max_hp_loss":0,"event_name":"Golden Wing","floor":4,"gold_loss":0},{"damage_healed":0,"gold_gain":75,"player_choice":"Gather Gold","damage_taken":11,"max_hp_gain":0,"max_hp_loss":0,"event_name":"World of Goop","floor":12,"gold_loss":0},{"damage_healed":0,"gold_gain":0,"player_choice":"Inject Mutagens","damage_taken":0,"relics_obtained":["MutagenicStrength"],"max_hp_gain":0,"max_hp_loss":0,"event_name":"Drug Dealer","floor":19,"gold_loss":0},{"damage_healed":0,"gold_gain":0,"player_choice":"Bought 1 Potion","damage_taken":0,"max_hp_gain":0,"max_hp_loss":0,"event_name":"The Woman in Blue","floor":21,"gold_loss":0},{"damage_healed":0,"gold_gain":0,"player_choice":"Got Potions","damage_taken":0,"max_hp_gain":0,"max_hp_loss":0,"event_name":"Lab","floor":37,"gold_loss":0}],"is_beta":false,"boss_relics":[{"not_picked":["Pandora\u0027s Box","Empty Cage"],"picked":"Ectoplasm"},{"not_picked":["Philosopher\u0027s Stone","Mark of Pain"],"picked":"Sozu"}],"items_purged_floors":[],"is_endless":false,"potions_floor_spawned":[6,10,16,20,23,25,29,33,38,39,45],"ascension_level":20}