{"gold_per_floor":[113,113,113,133,208,249,249,268,291,325,343,381,381,397,397,496,496,436,436,36,36,36,36,36,36,36,36,36,36,36,36,36,36],"floor_reached":33,"playtime":1252,"items_purged":["Strike_B"],"score":660,"play_id":"68fe9539-553d-48e5-b093-eb86670ad2d1","local_time":"20181118013124","is_ascension_mode":true,"campfire_choices":[{"data":"Sweeping Beam","floor":7,"key":"SMITH"},{"data":"Beam Cell","floor":13,"key":"SMITH"},{"data":"Lockon","floor":15,"key":"SMITH"},{"floor":24,"key":"REST"},{"floor":27,"key":"REST"},{"data":"Fission","floor":32,"key":"SMITH"}],"neow_cost":"NONE","seed_source_timestamp":197285985922398,"circlet_count":0,"master_deck":["AscendersBane","Strike_B","Strike_B","Defend_B","Defend_B","Defend_B","Defend_B","Zap","Dualcast","Ball Lightning","Sweeping Beam+1","BootSequence","Lockon+1","Beam Cell+1","Leap","Go for the Eyes","Compile Driver","Fission+1","Self Repair","Conserve Battery","Hologram","Electrodynamics","Skim+1","White Noise","Genetic Algorithm+1","Chill","Stack+1"],"relics":["Cracked Core","NeowsBlessing","Golden Idol","Vajra","Happy Flower","Dream Catcher","Pen Nib","Ectoplasm","FossilizedHelix","Darkstone Periapt","Centennial Puzzle","Frozen Egg 2"],"potions_floor_usage":[12,18,23,30,33],"damage_taken":[{"damage":0,"enemies":"Small Slimes","floor":1,"turns":1},{"damage":0,"enemies":"Jaw Worm","floor":4,"turns":1},{"damage":0,"enemies":"Gremlin Nob","floor":6,"turns":1},{"damage":0,"enemies":"Cultist","floor":8,"turns":3},{"damage":15,"enemies":"3 Sentries","floor":10,"turns":6},{"damage":0,"enemies":"Red Slaver","floor":11,"turns":3},{"damage":11,"enemies":"Lagavulin","floor":12,"turns":5},{"damage":8,"enemies":"Large Slime","floor":14,"turns":4},{"damage":15,"enemies":"Hexaghost","floor":16,"turns":9},{"damage":9,"enemies":"2 Thieves","floor":18,"turns":3},{"damage":14,"enemies":"Spheric Guardian","floor":19,"turns":4},{"damage":0,"enemies":"Snake Plant","floor":21,"turns":4},{"damage":38,"enemies":"Book of Stabbing","floor":23,"turns":5},{"damage":0,"enemies":"Centurion and Healer","floor":25,"turns":5},{"damage":9,"enemies":"Slavers","floor":30,"turns":3},{"damage":15,"enemies":"Cultist and Chosen","floor":31,"turns":6},{"damage":56,"enemies":"Automaton","floor":33,"turns":10}],"seed_played":"1830631167134910881","potions_obtained":[{"floor":6,"key":"Dexterity Potion"},{"floor":8,"key":"SkillPotion"},{"floor":12,"key":"GamblersBrew"},{"floor":16,"key":"AttackPotion"},{"floor":19,"key":"Energy Potion"},{"floor":23,"key":"Weak Potion"},{"floor":25,"key":"FocusPotion"}],"is_trial":false,"path_per_floor":["M","?","?","M","?","E","R","M","T","E","M","E","R","M","R","B",null,"M","M","$","M","?","E","R","M","T","R","$","?","E","M","R","B"],"character_chosen":"DEFECT","items_purchased":["FossilizedHelix"],"campfire_rested":2,"item_purchase_floors":[20],"current_hp_per_floor":[64,64,69,69,58,58,58,58,58,43,43,32,32,24,24,9,54,45,38,38,45,45,14,34,41,41,61,61,61,59,51,51,0],"gold":36,"neow_bonus":"THREE_ENEMY_KILL","is_prod":false,"is_daily":false,"chose_seed":false,"campfire_upgraded":4,"win_rate":0,"timestamp":1542501084,"path_taken":["M","?","?","?","?","E","R","M","T","E","M","E","R","M","R","BOSS","M","M","$","M","?","E","R","?","T","R","?","?","E","M","R","BOSS"],"build_version":"2018-11-15","purchased_purges":1,"victory":false,"max_hp_per_floor":[71,64,69,69,69,69,69,69,69,69,69,69,69,69,69,69,69,69,69,69,69,69,69,69,69,69,69,69,69,69,69,69,69],"card_choices":[{"not_picked":["Turbo","Defragment"],"picked":"Ball Lightning","floor":1},{"not_picked":["Stack","Conserve Battery"],"picked":"Sweeping Beam","floor":4},{"not_picked":["Hello World","Redo"],"picked":"BootSequence","floor":6},{"not_picked":["Beam Cell","Coolheaded"],"picked":"Lockon","floor":8},{"not_picked":["Meteor Strike","Barrage"],"picked":"Beam Cell","floor":10},{"not_picked":["Turbo","Beam Cell"],"picked":"Leap","floor":11},{"not_picked":["Redo","Thunder Strike"],"picked":"Go for the Eyes","floor":12},{"not_picked":["Steam Power","Stack"],"picked":"Compile Driver","floor":14},{"not_picked":["Amplify","Buffer"],"picked":"Fission","floor":16},{"not_picked":["Beam Cell","Redo+1"],"picked":"Self Repair","floor":18},{"not_picked":["Aggregate","Lockon"],"picked":"Conserve Battery","floor":19},{"not_picked":["Heatsinks","Blizzard+1"],"picked":"Hologram","floor":21},{"not_picked":["Stack","Coolheaded"],"picked":"Skim+1","floor":23},{"not_picked":["Gash+1","Static Discharge"],"picked":"White Noise","floor":24},{"not_picked":["Lockon","Leap"],"picked":"Genetic Algorithm+1","floor":25},{"not_picked":["Force Field","Stack"],"picked":"Chill","floor":27},{"not_picked":["Multi-Cast","Stack","Blizzard"],"picked":"SKIP","floor":30},{"not_picked":["Reinforced Body","Lockon"],"picked":"Stack+1","floor":31}],"player_experience":1632477,"relics_obtained":[{"floor":6,"key":"Vajra"},{"floor":9,"key":"Happy Flower"},{"floor":10,"key":"Dream Catcher"},{"floor":12,"key":"Pen Nib"},{"floor":23,"key":"Darkstone Periapt"},{"floor":26,"key":"Centennial Puzzle"},{"floor":30,"key":"Frozen Egg 2"}],"event_choices":[{"damage_healed":0,"gold_gain":0,"player_choice":"Lose Max HP","damage_taken":0,"relics_obtained":["Golden Idol"],"max_hp_gain":0,"max_hp_loss":7,"event_name":"Golden Idol","floor":2,"gold_loss":0},{"damage_healed":0,"gold_gain":0,"player_choice":"Donut","damage_taken":0,"max_hp_gain":5,"max_hp_loss":0,"event_name":"Big Fish","floor":3,"gold_loss":0},{"damage_healed":0,"gold_gain":75,"player_choice":"Gather Gold","damage_taken":11,"max_hp_gain":0,"max_hp_loss":0,"event_name":"World of Goop","floor":5,"gold_loss":0},{"damage_healed":0,"gold_gain":0,"player_choice":"1 cards matched","damage_taken":0,"max_hp_gain":0,"max_hp_loss":0,"event_name":"Match and Keep!","floor":22,"gold_loss":0,"cards_obtained":["Electrodynamics"]},{"cards_removed":["Strike_B"],"damage_healed":0,"gold_gain":0,"player_choice":"Card Removal","damage_taken":0,"max_hp_gain":0,"max_hp_loss":0,"event_name":"Wheel of Change","floor":29,"gold_loss":0}],"is_beta":false,"boss_relics":[{"not_picked":["Runic Dome","Lizard Tail"],"picked":"Ectoplasm"}],"items_purged_floors":[20],"is_endless":false,"potions_floor_spawned":[6,8,12,16,19,23,25],"killed_by":"Automaton","ascension_level":20}