{"gold_per_floor":[117,117,133,1,1,1,14,39,66,99,99,131,146,221,221,299,299,311,330,21,21,21,54,54,4,85,85,116,134,166,166,166,243,243,259,269,287,287,303,303,338,338,338,370,370,390,390,400,400,400,400,400,82,110,110],"floor_reached":56,"playtime":4743,"items_purged":["Strike_B","Strike_B","Parasite"],"score":1967,"play_id":"a2ce4045-eb2f-4dcd-aa31-52367abd6d0d","local_time":"20190305221359","is_ascension_mode":true,"campfire_choices":[{"data":"Ball Lightning","floor":6,"key":"SMITH"},{"data":"Hologram","floor":11,"key":"SMITH"},{"data":"Go for the Eyes","floor":15,"key":"SMITH"},{"data":"Tempest","floor":24,"key":"SMITH"},{"data":"Thunder Strike","floor":27,"key":"SMITH"},{"data":"Static Discharge","floor":32,"key":"SMITH"},{"data":"Consume","floor":40,"key":"SMITH"},{"floor":45,"key":"REST"},{"floor":49,"key":"RECALL"},{"data":"Creative AI","floor":52,"key":"SMITH"}],"neow_cost":"NONE","seed_source_timestamp":130643538625164,"circlet_count":0,"master_deck":["AscendersBane","Defend_B","Defend_B","Defend_B+1","Defend_B","Zap+1","Undo+1","FTL+1","Cold Snap+1","Ball Lightning+1","Glacier","Compile Driver","Hologram+1","Go for the Eyes+1","Genetic Algorithm","Ball Lightning","Recycle+1","Thunder Strike+1","Compile Driver+1","Tempest+1","Genetic Algorithm+1","Static Discharge+1","Creative AI+1","Consume+1","Glacier","Go for the Eyes+1","Static Discharge+1","Coolheaded+1","Heatsinks","Buffer"],"relics":["Astrolabe","Bronze Scales","Lantern","Anchor","Juzu Bracelet","Velvet Choker","Membership Card","Bag of Preparation","Smiling Mask","Bottled Lightning","Darkstone Periapt","Bag of Marbles","Bird Faced Urn","Lizard Tail","Boot","FossilizedHelix","Cables","Toy Ornithopter","War Paint"],"potions_floor_usage":[12,12,19,28,44,54,55],"damage_taken":[{"damage":0,"enemies":"Jaw Worm","floor":1,"turns":4},{"damage":0,"enemies":"Small Slimes","floor":3,"turns":4},{"damage":0,"enemies":"Cultist","floor":7,"turns":4},{"damage":1,"enemies":"Lagavulin","floor":8,"turns":5},{"damage":6,"enemies":"3 Sentries","floor":10,"turns":6},{"damage":2,"enemies":"Gremlin Nob","floor":12,"turns":3},{"damage":0,"enemies":"2 Fungi Beasts","floor":13,"turns":3},{"damage":1,"enemies":"The Guardian","floor":16,"turns":10},{"damage":0,"enemies":"3 Byrds","floor":18,"turns":3},{"damage":0,"enemies":"2 Thieves","floor":19,"turns":4},{"damage":0,"enemies":"Book of Stabbing","floor":23,"turns":5},{"damage":17,"enemies":"Slavers","floor":28,"turns":5},{"damage":0,"enemies":"Snake Plant","floor":29,"turns":4},{"damage":2,"enemies":"Gremlin Leader","floor":30,"turns":5},{"damage":38,"enemies":"Automaton","floor":33,"turns":9},{"damage":11,"enemies":"Orb Walker","floor":35,"turns":4},{"damage":14,"enemies":"3 Shapes","floor":36,"turns":18},{"damage":0,"enemies":"Spire Growth","floor":37,"turns":4},{"damage":12,"enemies":"Maw","floor":39,"turns":8},{"damage":10,"enemies":"Reptomancer","floor":41,"turns":8},{"damage":38,"enemies":"Giant Head","floor":44,"turns":10},{"damage":0,"enemies":"Writhing Mass","floor":46,"turns":10},{"damage":0,"enemies":"4 Shapes","floor":48,"turns":7},{"damage":4,"enemies":"Awakened One","floor":50,"turns":22},{"damage":54,"enemies":"Shield and Spear","floor":54,"turns":8},{"damage":70,"enemies":"The Heart","floor":55,"turns":6}],"seed_played":"-1743848609481940887","potions_obtained":[{"floor":3,"key":"FairyPotion"},{"floor":7,"key":"GamblersBrew"},{"floor":12,"key":"FairyPotion"},{"floor":13,"key":"Regen Potion"},{"floor":18,"key":"Poison Potion"},{"floor":19,"key":"SpeedPotion"},{"floor":21,"key":"PowerPotion"},{"floor":29,"key":"EssenceOfSteel"},{"floor":33,"key":"Block Potion"},{"floor":46,"key":"Ancient Potion"}],"is_trial":false,"path_per_floor":["M","?","M","$","?","R","M","E","T","E","R","E","M","?","R","B",null,"M","M","$","?","?","E","R","$","T","R","E","M","E","?","R","B",null,"M","M","M","?","M","R","E","?","T","E","R","M","?","M","R","B",null,"R","$","E","B",null],"character_chosen":"DEFECT","items_purchased":["Glacier","Compile Driver","Fire Potion","Membership Card","Bag of Preparation","Cables","Heatsinks","Toy Ornithopter"],"campfire_rested":1,"item_purchase_floors":[4,4,4,20,20,53,53,53],"current_hp_per_floor":[64,43,43,43,43,43,43,42,42,36,36,34,34,23,23,22,59,59,71,71,71,71,71,71,71,71,71,54,54,52,58,58,22,63,54,74,74,73,65,65,57,57,57,21,42,72,72,79,79,76,78,78,76,31,39],"gold":110,"neow_bonus":"BOSS_RELIC","is_prod":false,"is_daily":false,"chose_seed":false,"campfire_upgraded":8,"win_rate":0,"timestamp":1551842039,"path_taken":["M","?","M","$","?","R","M","E","T","E","R","E","M","?","R","BOSS","M","M","$","?","?","E","R","?","T","R","E","M","E","?","R","BOSS","M","M","M","?","M","R","E","?","T","E","R","M","?","M","R","BOSS","R","$","E","BOSS"],"build_version":"2019-01-23","purchased_purges":3,"victory":true,"max_hp_per_floor":[71,71,71,71,71,71,71,71,71,71,71,71,71,71,71,71,71,71,71,71,71,71,71,71,71,71,71,71,71,71,77,77,77,77,77,77,77,73,73,73,73,73,73,73,73,79,79,79,79,79,79,79,76,76,76],"card_choices":[{"not_picked":["Redo","Steam","Blizzard"],"picked":"SKIP","floor":1},{"not_picked":["Turbo","Steam"],"picked":"Ball Lightning","floor":3},{"not_picked":["Cold Snap","Redo"],"picked":"Hologram","floor":7},{"not_picked":["Blizzard","Gash"],"picked":"Go for the Eyes","floor":8},{"not_picked":["Hologram","Multi-Cast"],"picked":"Genetic Algorithm","floor":10},{"not_picked":["Hologram","Stack"],"picked":"Ball Lightning","floor":12},{"not_picked":["Hologram","Steam"],"picked":"Recycle","floor":13},{"not_picked":["Rainbow","Multi-Cast"],"picked":"Thunder Strike","floor":16},{"not_picked":["Conserve Battery","Rebound"],"picked":"Compile Driver+1","floor":18},{"not_picked":["Sunder","Beam Cell"],"picked":"Tempest","floor":19},{"not_picked":["Multi-Cast","Barrage","Turbo"],"picked":"SKIP","floor":23},{"not_picked":["Reinforced Body","Sweeping Beam"],"picked":"Static Discharge","floor":28},{"not_picked":["Streamline","Turbo","White Noise"],"picked":"SKIP","floor":29},{"not_picked":["Stack","Darkness+1","FTL+1"],"picked":"SKIP","floor":30},{"not_picked":["Biased Cognition","Machine Learning"],"picked":"Creative AI","floor":33},{"not_picked":["Steam Power","Steam","Cold Snap"],"picked":"SKIP","floor":35},{"not_picked":["Scrape+1","Barrage","Reinforced Body"],"picked":"SKIP","floor":36},{"not_picked":["Fusion","Stack+1"],"picked":"Consume","floor":37},{"not_picked":["Streamline","Go for the Eyes"],"picked":"Glacier","floor":39},{"not_picked":["Consume","Reboot"],"picked":"Go for the Eyes+1","floor":41},{"not_picked":["Darkness","Streamline"],"picked":"Static Discharge+1","floor":44},{"not_picked":["Go for the Eyes","Redo","Rebound"],"picked":"SKIP","floor":46},{"not_picked":["Conserve Battery+1","Turbo"],"picked":"Coolheaded+1","floor":48},{"not_picked":["Chill","Reinforced Body"],"picked":"Buffer","floor":54}],"player_experience":1792925,"relics_obtained":[{"floor":8,"key":"Bronze Scales"},{"floor":9,"key":"Lantern"},{"floor":10,"key":"Anchor"},{"floor":12,"key":"Juzu Bracelet"},{"floor":23,"key":"Smiling Mask"},{"floor":26,"key":"Bottled Lightning"},{"floor":28,"key":"Darkstone Periapt"},{"floor":30,"key":"Bag of Marbles"},{"floor":41,"key":"Boot"},{"floor":44,"key":"FossilizedHelix"},{"floor":54,"key":"War Paint"}],"event_choices":[{"damage_healed":0,"gold_gain":0,"player_choice":"Entered Light","damage_taken":21,"max_hp_gain":0,"max_hp_loss":0,"event_name":"Shining Light","floor":2,"gold_loss":0,"cards_upgraded":["Zap","Defend_B"]},{"damage_healed":0,"gold_gain":0,"player_choice":"0 cards matched","damage_taken":0,"max_hp_gain":0,"max_hp_loss":0,"event_name":"Match and Keep!","floor":5,"gold_loss":0,"cards_obtained":[]},{"damage_healed":0,"gold_gain":75,"player_choice":"Gather Gold","damage_taken":11,"max_hp_gain":0,"max_hp_loss":0,"event_name":"World of Goop","floor":14,"gold_loss":0},{"damage_healed":0,"gold_gain":0,"player_choice":"Got Potions","damage_taken":0,"max_hp_gain":0,"max_hp_loss":0,"event_name":"Lab","floor":21,"gold_loss":0},{"damage_healed":0,"gold_gain":0,"player_choice":"Copied","damage_taken":0,"max_hp_gain":0,"max_hp_loss":0,"event_name":"Duplicator","floor":22,"gold_loss":0,"cards_obtained":["Genetic Algorithm"]},{"damage_healed":0,"gold_gain":0,"player_choice":"Opened","damage_taken":0,"relics_obtained":["Bird Faced Urn"],"max_hp_gain":0,"max_hp_loss":0,"event_name":"The Mausoleum","floor":31,"gold_loss":0,"cards_obtained":["Writhe"]},{"damage_healed":0,"gold_gain":0,"player_choice":"Max HP","damage_taken":0,"max_hp_gain":0,"max_hp_loss":4,"event_name":"Winding Halls","floor":38,"gold_loss":0},{"cards_removed":["Writhe"],"damage_healed":0,"gold_gain":0,"player_choice":"Removed Curses","damage_taken":0,"max_hp_gain":0,"max_hp_loss":0,"event_name":"Fountain of Cleansing","floor":42,"gold_loss":0},{"damage_healed":0,"gold_gain":0,"player_choice":"Ignored","damage_taken":0,"max_hp_gain":0,"max_hp_loss":0,"event_name":"Tomb of Lord Red Mask","floor":47,"gold_loss":0}],"is_beta":false,"boss_relics":[{"not_picked":["Tiny House","Sozu"],"picked":"Velvet Choker"},{"not_picked":["Philosopher\u0027s Stone","Fusion Hammer"],"picked":"Lizard Tail"}],"items_purged_floors":[20,25,53],"is_endless":false,"potions_floor_spawned":[3,7,12,13,18,19,23,29,33,35,37,41,46],"ascension_level":15}