{"gold_per_floor":[15,33,33,53,71,71,86,120,120,120,120,131,131,146,146,146],"floor_reached":16,"playtime":862,"items_purged":[],"score":156,"play_id":"5d491a82-9996-4a77-a11d-c1f4ce4e098e","local_time":"20190309112915","is_ascension_mode":true,"campfire_choices":[{"data":"Dagger Spray","floor":6,"key":"SMITH"},{"floor":13,"key":"REST"},{"data":"Neutralize","floor":15,"key":"SMITH"}],"neow_cost":"NO_GOLD","seed_source_timestamp":2018167938335200,"circlet_count":0,"master_deck":["AscendersBane","Defend_G","Defend_G","Defend_G+1","Defend_G","Defend_G+1","Strike_G","Strike_G+1","Survivor","Neutralize+1","Cloak And Dagger","Poisoned Stab+1","Dagger Spray+1","Dodge and Roll","Noxious Fumes"],"relics":["Ring of the Snake","Whetstone","Toxic Egg 2"],"potions_floor_usage":[8,16,16,16,16],"damage_taken":[{"damage":6,"enemies":"Jaw Worm","floor":1,"turns":8},{"damage":1,"enemies":"2 Louse","floor":2,"turns":3},{"damage":0,"enemies":"Small Slimes","floor":4,"turns":4},{"damage":2,"enemies":"Red Slaver","floor":5,"turns":5},{"damage":0,"enemies":"2 Fungi Beasts","floor":7,"turns":3},{"damage":25,"enemies":"Lagavulin","floor":8,"turns":8},{"damage":0,"enemies":"Large Slime","floor":12,"turns":6},{"damage":0,"enemies":"Looter","floor":14,"turns":3},{"damage":39,"enemies":"Slime Boss","floor":16,"turns":10}],"seed_played":"3176785740358252287","potions_obtained":[{"floor":4,"key":"Swift Potion"},{"floor":5,"key":"EntropicBrew"},{"floor":12,"key":"GamblersBrew"}],"is_trial":false,"path_per_floor":["M","M","?","M","M","R","M","E","T","?","?","M","R","M","R","B"],"character_chosen":"THE_SILENT","items_purchased":[],"campfire_rested":1,"item_purchase_floors":[],"current_hp_per_floor":[57,56,42,42,40,40,40,15,15,8,8,8,29,29,29,0],"gold":146,"neow_bonus":"REMOVE_TWO","is_prod":false,"is_daily":false,"chose_seed":false,"campfire_upgraded":2,"win_rate":0,"timestamp":1552148955,"path_taken":["M","M","?","M","M","R","M","E","T","?","?","M","R","M","R","BOSS"],"build_version":"2019-01-23","purchased_purges":0,"victory":false,"max_hp_per_floor":[70,70,70,70,70,70,70,70,70,70,70,70,70,70,70,70],"card_choices":[{"not_picked":["Distraction","Flying Knee"],"picked":"Cloak And Dagger","floor":1},{"not_picked":["Outmaneuver","Cloak And Dagger","Bane"],"picked":"SKIP","floor":2},{"not_picked":["Underhanded Strike","Flying Knee"],"picked":"Poisoned Stab","floor":4},{"not_picked":["Dodge and Roll","Die Die Die"],"picked":"Dagger Spray","floor":5},{"not_picked":["Cloak And Dagger","Sucker Punch"],"picked":"Dodge and Roll","floor":7},{"not_picked":["Phantasmal Killer","Acrobatics","Bane"],"picked":"SKIP","floor":8},{"not_picked":["Leg Sweep+1","Bouncing Flask+1"],"picked":"Noxious Fumes","floor":12},{"not_picked":["Sucker Punch","Underhanded Strike","Flying Knee"],"picked":"SKIP","floor":14}],"player_experience":371724,"relics_obtained":[{"floor":8,"key":"Whetstone"},{"floor":9,"key":"Toxic Egg 2"}],"event_choices":[{"damage_healed":0,"gold_gain":0,"player_choice":"Entered Light","damage_taken":14,"max_hp_gain":0,"max_hp_loss":0,"event_name":"Shining Light","floor":3,"gold_loss":0,"cards_upgraded":["Defend_G","Defend_G"]},{"cards_removed":["Strike_G"],"damage_healed":0,"gold_gain":0,"player_choice":"Card Removal","damage_taken":7,"max_hp_gain":0,"max_hp_loss":0,"event_name":"Golden Wing","floor":10,"gold_loss":0},{"damage_healed":0,"gold_gain":0,"player_choice":"Ignored","damage_taken":0,"max_hp_gain":0,"max_hp_loss":0,"event_name":"Golden Idol","floor":11,"gold_loss":0}],"is_beta":false,"boss_relics":[],"items_purged_floors":[],"is_endless":false,"potions_floor_spawned":[4,5,12],"killed_by":"Slime Boss","ascension_level":10}