{"gold_per_floor":[16,16,27,37,37,62,62,92,145,220,250,269,269,269,269,269],"floor_reached":16,"playtime":3316,"items_purged":[],"score":236,"play_id":"6588561a-bc5c-4de3-8c1e-a51191d64000","local_time":"20181113223529","is_ascension_mode":true,"campfire_choices":[{"data":"Defragment","floor":7,"key":"SMITH"},{"data":"Defragment","floor":13,"key":"SMITH"},{"data":"Tempest","floor":15,"key":"SMITH"}],"neow_cost":"NO_GOLD","seed_source_timestamp":132562515724006,"circlet_count":0,"master_deck":["AscendersBane","Strike_B","Strike_B","Strike_B","Defend_B","Defend_B","Defend_B","Defend_B","Zap","Dualcast","Defragment+1","Tempest+1","Compile Driver","Streamline","Glacier","Hologram","Defragment+1"],"relics":["Cracked Core","Dodecahedron","Potion Belt","Happy Flower","Centennial Puzzle"],"potions_floor_usage":[6,16],"damage_taken":[{"damage":0,"enemies":"2 Louse","floor":1,"turns":2},{"damage":1,"enemies":"Cultist","floor":3,"turns":3},{"damage":3,"enemies":"Small Slimes","floor":4,"turns":4},{"damage":19,"enemies":"Lagavulin","floor":6,"turns":7},{"damage":11,"enemies":"3 Sentries","floor":8,"turns":10},{"damage":19,"enemies":"Lagavulin","floor":11,"turns":8},{"damage":1,"enemies":"Looter","floor":12,"turns":3},{"damage":17,"enemies":"Hexaghost","floor":16,"turns":8}],"seed_played":"7261919069255684735","potions_obtained":[{"floor":1,"key":"LiquidBronze"},{"floor":3,"key":"Dexterity Potion"},{"floor":11,"key":"Swift Potion"}],"is_trial":false,"path_per_floor":["M","?","M","M","$","E","R","E","T","?","E","M","R","?","R","B"],"character_chosen":"DEFECT","items_purchased":[],"campfire_rested":0,"item_purchase_floors":[],"current_hp_per_floor":[78,78,77,74,74,55,55,44,44,33,14,13,13,13,13,0],"gold":269,"neow_bonus":"TWENTY_PERCENT_HP_BONUS","is_prod":false,"is_daily":false,"chose_seed":false,"campfire_upgraded":3,"win_rate":0,"timestamp":1542144929,"path_taken":["M","?","M","M","?","E","R","E","T","?","E","M","R","?","R","BOSS"],"build_version":"2018-11-08","purchased_purges":0,"victory":false,"max_hp_per_floor":[85,85,85,85,85,85,85,85,85,85,85,85,85,85,85,85],"card_choices":[{"not_picked":["Barrage","Double Energy"],"picked":"Defragment","floor":1},{"not_picked":["Conserve Battery","Coolheaded"],"picked":"Compile Driver","floor":3},{"not_picked":["Double Energy","Reinforced Body"],"picked":"Streamline","floor":4},{"not_picked":["Steam","Go for the Eyes"],"picked":"Glacier","floor":6},{"not_picked":["Stack","Skim"],"picked":"Hologram","floor":8},{"not_picked":["Hologram","BootSequence"],"picked":"Defragment","floor":11},{"not_picked":["Redo","Steam Power","Steam"],"picked":"SKIP","floor":12}],"player_experience":1604613,"relics_obtained":[{"floor":6,"key":"Dodecahedron"},{"floor":8,"key":"Potion Belt"},{"floor":9,"key":"Happy Flower"},{"floor":11,"key":"Centennial Puzzle"}],"event_choices":[{"damage_healed":0,"gold_gain":0,"player_choice":"1 cards matched","damage_taken":0,"max_hp_gain":0,"max_hp_loss":0,"event_name":"Match and Keep!","floor":2,"gold_loss":0,"cards_obtained":["Tempest"]},{"damage_healed":0,"gold_gain":75,"player_choice":"Gather Gold","damage_taken":11,"max_hp_gain":0,"max_hp_loss":0,"event_name":"World of Goop","floor":10,"gold_loss":0},{"cards_removed":["Strike_B"],"damage_healed":0,"gold_gain":0,"player_choice":"Forget","damage_taken":0,"max_hp_gain":0,"max_hp_loss":0,"event_name":"Living Wall","floor":14,"gold_loss":0}],"is_beta":false,"boss_relics":[],"items_purged_floors":[],"is_endless":false,"potions_floor_spawned":[1,3,11],"killed_by":"Hexaghost","ascension_level":20}