{"gold_per_floor":[117,136,136,147,18,18,44,61,87,87,107,107,107,133,133,204,204,224,224,274,291,310,310,324,324,348,362,362,29,44,60,60,60],"floor_reached":33,"playtime":2072,"items_purged":["Strike_B"],"score":618,"play_id":"94fdc5c2-edfd-42e4-a615-7c67d1290e97","local_time":"20190202153733","is_ascension_mode":true,"campfire_choices":[{"data":"Beam Cell","floor":6,"key":"SMITH"},{"data":"Ball Lightning","floor":10,"key":"SMITH"},{"floor":12,"key":"REST"},{"data":"Double Energy","floor":15,"key":"SMITH"},{"data":"Glacier","floor":23,"key":"SMITH"},{"data":"Seek","floor":25,"key":"SMITH"},{"floor":28,"key":"REST"},{"floor":32,"key":"REST"}],"neow_cost":"NONE","seed_source_timestamp":321602631928236,"circlet_count":0,"master_deck":["AscendersBane","Strike_B+1","Strike_B+1","Strike_B+1","Defend_B+1","Defend_B+1","Defend_B+1","Defend_B+1","Zap","Dualcast","Undo","Gash","Double Energy+1","Beam Cell+1","All For One","Ball Lightning+1","Cold Snap","Rip and Tear","Seek+1","Doom and Gloom","Steam","Glacier+1","Turbo","Go for the Eyes","Fission","Gash","Coolheaded","Coolheaded+1","Reinforced Body+1"],"relics":["Cracked Core","Potion Belt","Smiling Mask","Oddly Smooth Stone","Nuclear Battery","Dream Catcher","Bottled Lightning"],"potions_floor_usage":[11,14,16,16,21,27,33],"damage_taken":[{"damage":0,"enemies":"Cultist","floor":1,"turns":3},{"damage":0,"enemies":"2 Louse","floor":2,"turns":2},{"damage":0,"enemies":"Small Slimes","floor":4,"turns":3},{"damage":25,"enemies":"Lagavulin","floor":7,"turns":7},{"damage":7,"enemies":"3 Louse","floor":8,"turns":3},{"damage":12,"enemies":"Lots of Slimes","floor":11,"turns":3},{"damage":11,"enemies":"3 Sentries","floor":14,"turns":6},{"damage":0,"enemies":"Slime Boss","floor":16,"turns":6},{"damage":0,"enemies":"Spheric Guardian","floor":18,"turns":3},{"damage":0,"enemies":"3 Byrds","floor":21,"turns":3},{"damage":11,"enemies":"Snecko","floor":22,"turns":5},{"damage":9,"enemies":"Centurion and Healer","floor":24,"turns":6},{"damage":10,"enemies":"Shelled Parasite and Fungi","floor":27,"turns":4},{"damage":11,"enemies":"Snecko","floor":30,"turns":4},{"damage":19,"enemies":"Snake Plant","floor":31,"turns":5},{"damage":37,"enemies":"Automaton","floor":33,"turns":10}],"seed_played":"-3807800837368834776","potions_obtained":[{"floor":2,"key":"SteroidPotion"},{"floor":7,"key":"Energy Potion"},{"floor":11,"key":"LiquidBronze"},{"floor":14,"key":"AttackPotion"},{"floor":21,"key":"SkillPotion"},{"floor":31,"key":"Strength Potion"}],"is_trial":false,"path_per_floor":["M","M","?","M","$","R","E","M","T","R","M","R","?","E","R","B",null,"M","?","?","M","M","R","M","R","T","M","R","$","M","M","R","B"],"character_chosen":"DEFECT","items_purchased":["Fire Potion","Gash","Bottled Lightning"],"campfire_rested":3,"item_purchase_floors":[5,29,29],"current_hp_per_floor":[64,64,64,64,64,64,39,32,32,32,20,41,41,30,30,30,61,61,61,54,54,43,43,34,34,34,24,45,45,34,15,36,0],"gold":60,"neow_bonus":"THREE_CARDS","is_prod":false,"is_daily":false,"chose_seed":false,"campfire_upgraded":5,"win_rate":0,"timestamp":1549114653,"path_taken":["M","M","?","M","$","R","E","M","T","R","M","R","?","E","R","BOSS","M","?","?","M","M","R","M","R","T","M","R","$","M","M","R","BOSS"],"build_version":"2019-01-23","purchased_purges":1,"victory":false,"max_hp_per_floor":[71,71,71,71,71,71,71,71,71,71,71,71,71,71,71,71,71,71,71,71,71,71,71,71,71,71,71,71,71,71,71,71,71],"card_choices":[{"not_picked":["Rebound","Coolheaded"],"picked":"Undo","floor":0},{"not_picked":["Coolheaded","Leap"],"picked":"Gash","floor":1},{"not_picked":["Coolheaded","Consume"],"picked":"Double Energy","floor":2},{"not_picked":["Coolheaded","Self Repair"],"picked":"Beam Cell","floor":4},{"not_picked":["Buffer","Compile Driver"],"picked":"All For One","floor":7},{"not_picked":["FTL","Static Discharge"],"picked":"Ball Lightning","floor":8},{"not_picked":["Hologram","Storm"],"picked":"Cold Snap","floor":11},{"not_picked":["Turbo","Conserve Battery"],"picked":"Rip and Tear","floor":14},{"not_picked":["All For One","Fission"],"picked":"Seek","floor":16},{"not_picked":["Stack","Compile Driver"],"picked":"Doom and Gloom","floor":18},{"not_picked":["Beam Cell","Leap"],"picked":"Steam","floor":21},{"not_picked":["Sweeping Beam","Hologram"],"picked":"Glacier","floor":22},{"not_picked":["Steam+1","Barrage"],"picked":"Turbo","floor":24},{"not_picked":["Conserve Battery","Stack"],"picked":"Go for the Eyes","floor":27},{"not_picked":["Stack","Aggregate+1"],"picked":"Fission","floor":28},{"not_picked":["Compile Driver","Darkness"],"picked":"Coolheaded","floor":30},{"not_picked":["Self Repair","Ball Lightning"],"picked":"Coolheaded+1","floor":31},{"not_picked":["Beam Cell","Redo"],"picked":"Reinforced Body+1","floor":32}],"player_experience":1501113,"relics_obtained":[{"floor":7,"key":"Potion Belt"},{"floor":9,"key":"Smiling Mask"},{"floor":14,"key":"Oddly Smooth Stone"},{"floor":26,"key":"Dream Catcher"}],"event_choices":[{"damage_healed":0,"gold_gain":0,"player_choice":"Fled","damage_taken":0,"max_hp_gain":0,"max_hp_loss":0,"event_name":"Scrap Ooze","floor":3,"gold_loss":0},{"damage_healed":0,"gold_gain":0,"player_choice":"Ignored","damage_taken":0,"max_hp_gain":0,"max_hp_loss":0,"event_name":"Golden Idol","floor":13,"gold_loss":0},{"damage_healed":0,"gold_gain":0,"player_choice":"Simplicity","damage_taken":0,"max_hp_gain":0,"max_hp_loss":0,"event_name":"Back to Basics","floor":19,"gold_loss":0,"cards_upgraded":["Strike_B","Strike_B","Strike_B","Defend_B","Defend_B","Defend_B","Defend_B"]},{"damage_healed":0,"gold_gain":50,"player_choice":"Touch","damage_taken":7,"max_hp_gain":0,"max_hp_loss":0,"event_name":"FaceTrader","floor":20,"gold_loss":0}],"is_beta":false,"boss_relics":[{"not_picked":["Inserter","Philosopher\u0027s Stone"],"picked":"Nuclear Battery"}],"items_purged_floors":[5],"is_endless":false,"potions_floor_spawned":[2,7,11,14,21,31],"killed_by":"Automaton","ascension_level":20}