{"gold_per_floor":[210,221,221,238,249,276,276,311,335,351,364,376,376,404,404,499,499,512,142,142,160,160,195,195,214,214,139,139,139,171,189,189,189],"floor_reached":33,"playtime":2076,"items_purged":["Strike_B"],"score":393,"play_id":"86048518-f42c-45df-b7b7-f73227be5f8c","local_time":"20190210205851","is_ascension_mode":true,"campfire_choices":[{"data":"Coolheaded","floor":7,"key":"SMITH"},{"floor":13,"key":"REST"},{"data":"Defragment","floor":15,"key":"SMITH"},{"data":"Seek","floor":24,"key":"SMITH"},{"data":"Hologram","floor":29,"key":"SMITH"},{"floor":32,"key":"REST"}],"neow_cost":"NONE","seed_source_timestamp":422544919479100,"circlet_count":0,"master_deck":["Strike_B","Defend_B","Defend_B+1","Defend_B","Defend_B","Zap+1","Dualcast","Barrage","Gash","Coolheaded+1","Gash","Glacier+1","Doom and Gloom","FTL","Defragment+1","Seek+1","Hologram+1","Echo Form","Gash","Gash","Scrape","Fusion","Coolheaded","Consume","Ball Lightning"],"relics":["Cracked Core","Omamori","Potion Belt","War Paint","Bronze Scales","Snecko Eye","Sling","MutagenicStrength","Strawberry","Torii","Vajra"],"potions_floor_usage":[16,23,23,25,25,25,30,33],"damage_taken":[{"damage":0,"enemies":"2 Louse","floor":1,"turns":2},{"damage":1,"enemies":"Cultist","floor":2,"turns":3},{"damage":0,"enemies":"Small Slimes","floor":4,"turns":2},{"damage":7,"enemies":"Looter","floor":5,"turns":3},{"damage":21,"enemies":"Lagavulin","floor":6,"turns":6},{"damage":11,"enemies":"3 Sentries","floor":8,"turns":10},{"damage":0,"enemies":"Large Slime","floor":10,"turns":5},{"damage":10,"enemies":"Exordium Wildlife","floor":11,"turns":4},{"damage":4,"enemies":"2 Fungi Beasts","floor":12,"turns":3},{"damage":3,"enemies":"Lagavulin","floor":14,"turns":6},{"damage":4,"enemies":"Slime Boss","floor":16,"turns":7},{"damage":14,"enemies":"Shell Parasite","floor":18,"turns":5},{"damage":5,"enemies":"Spheric Guardian","floor":21,"turns":4},{"damage":4,"enemies":"Slavers","floor":23,"turns":4},{"damage":22,"enemies":"Centurion and Healer","floor":25,"turns":8},{"damage":21,"enemies":"Book of Stabbing","floor":30,"turns":4},{"damage":18,"enemies":"Snake Plant","floor":31,"turns":6},{"damage":55,"enemies":"Collector","floor":33,"turns":7}],"seed_played":"5470480602840651431","potions_obtained":[{"floor":1,"key":"Regen Potion"},{"floor":4,"key":"SteroidPotion"},{"floor":8,"key":"GamblersBrew"},{"floor":11,"key":"PowerPotion"},{"floor":12,"key":"SneckoOil"},{"floor":14,"key":"Poison Potion"},{"floor":16,"key":"Weak Potion"},{"floor":23,"key":"PowerPotion"},{"floor":31,"key":"Regen Potion"}],"is_trial":false,"path_per_floor":["M","M","?","M","M","E","R","E","T","M","M","M","R","E","R","B",null,"M","$","?","M","?","E","R","M","T","?","?","R","E","M","R","B"],"character_chosen":"DEFECT","items_purchased":["Gash","Scrape","Sling"],"campfire_rested":2,"item_purchase_floors":[19,19,19],"current_hp_per_floor":[75,74,74,74,67,46,46,35,35,35,25,21,43,40,40,36,75,61,61,61,56,56,59,59,52,52,52,52,52,31,13,37,0],"gold":189,"neow_bonus":"HUNDRED_GOLD","is_prod":false,"is_daily":false,"chose_seed":false,"campfire_upgraded":4,"win_rate":0,"timestamp":1549850331,"path_taken":["M","M","?","M","M","E","R","E","T","M","M","?","R","E","R","BOSS","M","$","?","M","?","E","R","M","T","?","?","R","E","M","R","BOSS"],"build_version":"2019-01-23","purchased_purges":1,"victory":false,"max_hp_per_floor":[75,75,75,75,75,75,75,75,75,75,75,75,75,75,75,75,75,75,75,75,75,75,82,82,82,82,82,82,82,82,82,82,82],"card_choices":[{"not_picked":["Chaos","Aggregate"],"picked":"Barrage","floor":1},{"not_picked":["Aggregate","Sweeping Beam"],"picked":"Gash","floor":2},{"not_picked":["Doom and Gloom","Go for the Eyes"],"picked":"Coolheaded","floor":4},{"not_picked":["Recycle","Stack"],"picked":"Gash","floor":5},{"not_picked":["Streamline","Go for the Eyes"],"picked":"Glacier","floor":6},{"not_picked":["Storm","Steam Power"],"picked":"Doom and Gloom","floor":8},{"not_picked":["Compile Driver","Barrage"],"picked":"FTL","floor":10},{"not_picked":["Beam Cell","Gash"],"picked":"Defragment","floor":11},{"not_picked":["Fusion","Barrage"],"picked":"Seek","floor":12},{"not_picked":["Redo","Static Discharge"],"picked":"Hologram","floor":14},{"not_picked":["Electrodynamics","Creative AI"],"picked":"Echo Form","floor":16},{"not_picked":["Hello World","Compile Driver"],"picked":"Gash","floor":18},{"not_picked":["Sweeping Beam","Double Energy"],"picked":"Fusion","floor":21},{"not_picked":["Reinforced Body","Compile Driver"],"picked":"Coolheaded","floor":23},{"not_picked":["Cold Snap+1","Stack"],"picked":"Consume","floor":25},{"not_picked":["Beam Cell","Cold Snap"],"picked":"Ball Lightning","floor":30},{"not_picked":["Reboot","Darkness","Scrape"],"picked":"SKIP","floor":31}],"player_experience":198944,"relics_obtained":[{"floor":6,"key":"Omamori"},{"floor":8,"key":"Potion Belt"},{"floor":9,"key":"War Paint"},{"floor":14,"key":"Bronze Scales"},{"floor":23,"key":"Strawberry"},{"floor":26,"key":"Torii"},{"floor":30,"key":"Vajra"}],"event_choices":[{"damage_healed":0,"gold_gain":0,"player_choice":"Forge","damage_taken":0,"max_hp_gain":0,"max_hp_loss":0,"event_name":"Accursed Blacksmith","floor":3,"gold_loss":0,"cards_upgraded":["Zap"]},{"damage_healed":0,"gold_gain":0,"player_choice":"Ignored","damage_taken":0,"max_hp_gain":0,"max_hp_loss":0,"event_name":"Ghosts","floor":20,"gold_loss":0},{"damage_healed":0,"gold_gain":0,"player_choice":"Inject Mutagens","damage_taken":0,"relics_obtained":["MutagenicStrength"],"max_hp_gain":0,"max_hp_loss":0,"event_name":"Drug Dealer","floor":22,"gold_loss":0},{"cards_removed":["Strike_B"],"damage_healed":0,"gold_gain":0,"player_choice":"Gave Gold","damage_taken":0,"max_hp_gain":0,"max_hp_loss":0,"event_name":"Beggar","floor":27,"gold_loss":75},{"cards_removed":["Strike_B"],"damage_healed":0,"gold_gain":0,"player_choice":"Elegance","damage_taken":0,"max_hp_gain":0,"max_hp_loss":0,"event_name":"Back to Basics","floor":28,"gold_loss":0}],"is_beta":false,"boss_relics":[{"not_picked":["Tiny House","Velvet Choker"],"picked":"Snecko Eye"}],"items_purged_floors":[19],"is_endless":false,"potions_floor_spawned":[1,4,8,11,12,14,16,23,31],"killed_by":"Collector","ascension_level":4}