{"gold_per_floor":[118,128,128,128,138,138,168,168,241,241,241,276,276,39,39,111,111,125,141,141,63,63,63,63,91,91,91,104,139,156,166,166,244,244,260,274,39,57,77,103,103,137,209,259,279,279,291,326,326,326,326,326,48,78,78],"floor_reached":56,"playtime":4424,"items_purged":["Hello World+1","Zap","FTL"],"score":2145,"play_id":"60da65f2-78e1-4496-8afe-a07753263381","local_time":"20190223215928","is_ascension_mode":true,"campfire_choices":[{"floor":6.0,"key":"REST"},{"data":"Hyperbeam","floor":8.0,"key":"SMITH"},{"data":"Auto Shields","floor":11.0,"key":"SMITH"},{"data":"Fusion","floor":13.0,"key":"SMITH"},{"data":"Capacitor","floor":15.0,"key":"SMITH"},{"floor":23.0,"key":"REST"},{"data":"Meteor Strike","floor":27.0,"key":"SMITH"},{"data":"Biased Cognition","floor":32.0,"key":"SMITH"},{"floor":41.0,"key":"RECALL"},{"floor":46,"key":"REST"},{"data":"Buffer","floor":49,"key":"SMITH"},{"data":"Multi-Cast","floor":52,"key":"SMITH"}],"neow_cost":"NONE","seed_source_timestamp":22708709536718,"circlet_count":0,"master_deck":["AscendersBane","Dualcast","Auto Shields+1","Biased Cognition+1","Chaos+1","Beam Cell+1","Hyperbeam+1","Meteor Strike+1","Rebound","Conserve Battery","Echo Form","Fusion+1","Reinforced Body","Conserve Battery","Capacitor+1","Fission+1","Glacier+1","Conserve Battery","Tempest","Multi-Cast+1","Hologram","Panacea","Hologram+1","Buffer+1","Force Field","Go for the Eyes+1","Force Field"],"special_seed":0,"relics":["Pandora\u0027s Box","Lantern","Mercury Hourglass","Dodecahedron","Snecko Eye","Bag of Marbles","War Paint","Black Star","Torii","Thread and Needle","Dream Catcher","Letter Opener","Bottled Flame","Art of War","Potion Belt","Gremlin Horn","Bag of Preparation"],"potions_floor_usage":[42,54,55,55,55,55],"damage_taken":[{"damage":0.0,"enemies":"Small Slimes","floor":1.0,"turns":2.0},{"damage":10.0,"enemies":"Jaw Worm","floor":2.0,"turns":3.0},{"damage":0.0,"enemies":"2 Louse","floor":5.0,"turns":3.0},{"damage":10.0,"enemies":"3 Sentries","floor":7.0,"turns":4.0},{"damage":16.0,"enemies":"Gremlin Nob","floor":12.0,"turns":3.0},{"damage":11.0,"enemies":"Hexaghost","floor":16.0,"turns":6.0},{"damage":0.0,"enemies":"Spheric Guardian","floor":18.0,"turns":2.0},{"damage":4.0,"enemies":"Shell Parasite","floor":19.0,"turns":3.0},{"damage":8.0,"enemies":"Book of Stabbing","floor":25.0,"turns":5.0},{"damage":0.0,"enemies":"Cultist and Chosen","floor":28.0,"turns":4.0},{"damage":6.0,"enemies":"Slavers","floor":29.0,"turns":3.0},{"damage":0.0,"enemies":"Centurion and Healer","floor":30.0,"turns":3.0},{"damage":0.0,"enemies":"Shelled Parasite and Fungi","floor":31.0,"turns":3.0},{"damage":6.0,"enemies":"Champ","floor":33.0,"turns":8.0},{"damage":0.0,"enemies":"3 Darklings","floor":35.0,"turns":1.0},{"damage":0.0,"enemies":"3 Shapes","floor":36.0,"turns":1.0},{"damage":0.0,"enemies":"Spire Growth","floor":38.0,"turns":3.0},{"damage":0.0,"enemies":"Writhing Mass","floor":39.0,"turns":7.0},{"damage":0.0,"enemies":"Nemesis","floor":40.0,"turns":9.0},{"damage":36,"enemies":"Reptomancer","floor":42,"turns":4},{"damage":0,"enemies":"3 Darklings","floor":45,"turns":3},{"damage":0,"enemies":"4 Shapes","floor":47,"turns":1},{"damage":0,"enemies":"Nemesis","floor":48,"turns":9},{"damage":0,"enemies":"Time Eater","floor":50,"turns":8},{"damage":0,"enemies":"Shield and Spear","floor":54,"turns":3},{"damage":54,"enemies":"The Heart","floor":55,"turns":9}],"seed_played":"4474525878780611337","potions_obtained":[{"floor":1.0,"key":"Strength Potion"},{"floor":7.0,"key":"Ancient Potion"},{"floor":18.0,"key":"Swift Potion"},{"floor":19.0,"key":"SpeedPotion"},{"floor":29.0,"key":"Dexterity Potion"},{"floor":35.0,"key":"Ancient Potion"},{"floor":42,"key":"Poison Potion"},{"floor":48,"key":"Fire Potion"},{"floor":54,"key":"EssenceOfSteel"}],"is_trial":false,"path_per_floor":["M","M","?","?","M","R","E","R","T","?","R","E","R","$","R","B",null,"M","M","?","$","?","R","?","E","T","R","M","E","M","M","R","B",null,"M","M","$","M","M","E","R","E","T","?","M","R","M","E","R","B",null,"R","$","E","B",null],"character_chosen":"DEFECT","items_purchased":["Reinforced Body","Conserve Battery","Capacitor","Glacier","Hologram","Panacea","Regen Potion","Force Field"],"campfire_rested":3,"item_purchase_floors":[14,14,14,21,37,37,53,53],"current_hp_per_floor":[64,54,33,33,33,54,44,44,44,44,44,28,28,28,28,17,58,58,54,54,54,54,71,71,63,63,63,63,57,57,57,57,51,66,66,66,66,66,66,66,66,30,30,30,30,51,51,51,51,51,66,66,66,71,17],"gold":78,"neow_bonus":"BOSS_RELIC","is_prod":false,"is_daily":false,"chose_seed":false,"campfire_upgraded":8,"win_rate":0,"timestamp":1550977168,"path_taken":["M","M","?","?","M","R","E","R","T","?","R","E","R","$","R","BOSS","M","M","?","$","?","R","?","E","T","R","M","E","?","M","R","BOSS","M","M","$","M","M","E","R","E","T","?","M","R","M","E","R","BOSS","R","$","E","BOSS"],"build_version":"2019-01-23","purchased_purges":3,"victory":true,"max_hp_per_floor":[71,71,71,71,71,71,71,71,71,71,71,71,71,71,71,71,71,71,71,71,71,71,71,71,71,71,71,71,71,71,71,71,71,71,71,71,71,71,71,71,71,71,71,71,71,71,71,71,71,71,71,71,71,71,71],"card_choices":[{"not_picked":["Darkness","Compile Driver"],"picked":"Rebound","floor":1.0},{"not_picked":["Streamline","Melter"],"picked":"Conserve Battery","floor":2.0},{"not_picked":["Hologram","Force Field","BootSequence"],"picked":"SKIP","floor":5.0},{"not_picked":["Heatsinks","Recycle"],"picked":"Echo Form","floor":7.0},{"not_picked":["Rip and Tear","Skim"],"picked":"Fusion","floor":12.0},{"not_picked":["All For One","Electrodynamics"],"picked":"Fission","floor":16.0},{"not_picked":["Compile Driver","Stack","Darkness"],"picked":"SKIP","floor":18.0},{"not_picked":["Beam Cell","Redo+1","Chill"],"picked":"SKIP","floor":19.0},{"not_picked":["Turbo","FTL"],"picked":"Conserve Battery","floor":25.0},{"not_picked":["Beam Cell","Lockon","Coolheaded"],"picked":"SKIP","floor":28.0},{"not_picked":["Go for the Eyes","Darkness","Steam Power"],"picked":"SKIP","floor":29.0},{"not_picked":["Fusion","Reprogram"],"picked":"Tempest","floor":30.0},{"not_picked":["Barrage","Beam Cell","Cold Snap"],"picked":"SKIP","floor":31.0},{"not_picked":["Reboot","Fission"],"picked":"Multi-Cast","floor":33.0},{"not_picked":["Beam Cell","Redo","Reprogram"],"picked":"SKIP","floor":35.0},{"not_picked":["Ball Lightning","Rebound","Chill"],"picked":"SKIP","floor":36.0},{"not_picked":["Redo","Streamline"],"picked":"Hologram+1","floor":38.0},{"not_picked":["Steam Power","Undo"],"picked":"Buffer","floor":39.0},{"not_picked":["Scrape","Amplify"],"picked":"Force Field","floor":40.0},{"not_picked":["FTL+1","Steam","Storm"],"picked":"SKIP","floor":42},{"not_picked":["Cold Snap+1","Rip and Tear"],"picked":"Go for the Eyes+1","floor":45},{"not_picked":["Go for the Eyes","Rebound+1","Blizzard+1"],"picked":"SKIP","floor":47},{"not_picked":["Electrodynamics","Steam","Ball Lightning+1"],"picked":"SKIP","floor":48},{"not_picked":["Conserve Battery+1","Steam","Storm+1"],"picked":"SKIP","floor":54},{"not_picked":["Conserve Battery+1","Steam","Storm+1"],"picked":"SKIP","floor":54}],"player_experience":1741410,"relics_obtained":[{"floor":7.0,"key":"Lantern"},{"floor":9.0,"key":"Mercury Hourglass"},{"floor":12.0,"key":"Dodecahedron"},{"floor":25.0,"key":"Bag of Marbles"},{"floor":29.0,"key":"War Paint"},{"floor":40.0,"key":"Torii"},{"floor":40.0,"key":"Thread and Needle"},{"floor":42,"key":"Dream Catcher"},{"floor":42,"key":"Letter Opener"},{"floor":43,"key":"Bottled Flame"},{"floor":48,"key":"Art of War"},{"floor":48,"key":"Potion Belt"},{"floor":54,"key":"Gremlin Horn"},{"floor":54,"key":"Bag of Preparation"}],"event_choices":[{"damage_healed":0.0,"max_hp_gain":0.0,"max_hp_loss":0.0,"gold_gain":0.0,"event_name":"Shining Light","player_choice":"Entered Light","floor":3.0,"gold_loss":0.0,"damage_taken":21.0,"cards_upgraded":["Chaos","Hello World"]},{"damage_healed":0.0,"max_hp_gain":0.0,"max_hp_loss":0.0,"gold_gain":0.0,"event_name":"Liars Game","player_choice":"Ignored","floor":4.0,"gold_loss":0.0,"damage_taken":0.0},{"damage_healed":0.0,"max_hp_gain":0.0,"max_hp_loss":0.0,"gold_gain":0.0,"event_name":"Living Wall","player_choice":"Grow","floor":10.0,"gold_loss":0.0,"damage_taken":0.0,"cards_upgraded":["Beam Cell"]},{"damage_healed":0.0,"max_hp_gain":0.0,"max_hp_loss":0.0,"gold_gain":0.0,"event_name":"Vampires","player_choice":"Ignored","floor":22.0,"gold_loss":0.0,"damage_taken":0.0},{"damage_healed":0.0,"max_hp_gain":0.0,"max_hp_loss":0.0,"gold_gain":0.0,"event_name":"The Mausoleum","player_choice":"Ignored","floor":24.0,"gold_loss":0.0,"damage_taken":0.0},{"damage_healed":0,"gold_gain":50,"player_choice":"Pray","damage_taken":0,"max_hp_gain":0,"max_hp_loss":0,"event_name":"Golden Shrine","floor":44,"gold_loss":0}],"is_beta":false,"boss_relics":[{"not_picked":["Lizard Tail","Busted Crown"],"picked":"Snecko Eye"},{"not_picked":["Sozu","Inserter"],"picked":"Black Star"}],"items_purged_floors":[14,37,53],"is_endless":false,"potions_floor_spawned":[1,7,18,19,29,30,35,40,42,48,54],"ascension_level":15}