{"gold_per_floor":[117,132,146,159,159,159,184,184,184,184,222,247,247,282,282,381,381,355,355,378,378,402,438,438,42,115,135,169,25,25,59,59,136,136,152,57,70,81,93,93,106,106],"floor_reached":42,"playtime":2396,"items_purged":["Slice","Bite"],"score":943,"play_id":"bec5caa9-cb6d-419d-82e1-a30032ad9bd3","local_time":"20180929022257","is_ascension_mode":true,"campfire_choices":[{"data":"Skewer","floor":6,"key":"SMITH"},{"data":"Neutralize","floor":10,"key":"SMITH"},{"floor":13,"key":"REST"},{"data":"Quick Slash","floor":15,"key":"SMITH"},{"floor":24,"key":"REST"},{"data":"Footwork","floor":32,"key":"SMITH"},{"floor":40,"key":"REST"}],"neow_cost":"PERCENT_DAMAGE","seed_source_timestamp":794337613947265,"circlet_count":0,"master_deck":["Defend_G","Defend_G","Defend_G","Defend_G","Defend_G","Survivor","Neutralize+1","AscendersBane","Skewer+1","Leg Sweep","Deflect","Dodge and Roll","Quick Slash+1","Corpse Explosion","Glass Knife","Caltrops+1","Bite","Bite","Bite","Bite","Endless Agony","PiercingWail+1","Backstab","PiercingWail","Noxious Fumes","Footwork+1","After Image","Quick Slash+1","Terror","PiercingWail","Backstab","PiercingWail+1","Dodge and Roll+1"],"relics":["Ring of the Snake","Bloody Idol","StoneCalendar","Mummified Hand","Kunai","Mercury Hourglass","Lizard Tail","Letter Opener","Lee\u0027s Waffle","Darkstone Periapt","Vajra","Shuriken","Sozu"],"potions_floor_usage":[4,12,31,33],"damage_taken":[{"damage":1,"enemies":"Cultist","floor":1,"turns":5},{"damage":7,"enemies":"Small Slimes","floor":2,"turns":4},{"damage":0,"enemies":"2 Louse","floor":3,"turns":4},{"damage":3,"enemies":"Exordium Wildlife","floor":4,"turns":6},{"damage":0,"enemies":"Blue Slaver","floor":7,"turns":6},{"damage":21,"enemies":"3 Sentries","floor":11,"turns":7},{"damage":6,"enemies":"Lots of Slimes","floor":12,"turns":7},{"damage":16,"enemies":"Lagavulin","floor":14,"turns":9},{"damage":7,"enemies":"Slime Boss","floor":16,"turns":9},{"damage":7,"enemies":"2 Thieves","floor":18,"turns":4},{"damage":0,"enemies":"3 Byrds","floor":20,"turns":1},{"damage":40,"enemies":"Shelled Parasite and Fungi","floor":22,"turns":16},{"damage":25,"enemies":"Slavers","floor":23,"turns":2},{"damage":0,"enemies":"Cultist and Chosen","floor":27,"turns":4},{"damage":44,"enemies":"Gremlin Leader","floor":28,"turns":7},{"damage":6,"enemies":"Book of Stabbing","floor":31,"turns":4},{"damage":67,"enemies":"Champ","floor":33,"turns":19},{"damage":16,"enemies":"Orb Walker","floor":35,"turns":3},{"damage":0,"enemies":"3 Shapes","floor":37,"turns":3},{"damage":20,"enemies":"Sphere and 2 Shapes","floor":38,"turns":7},{"damage":31,"enemies":"Maw","floor":39,"turns":7},{"damage":40,"enemies":"Transient","floor":41,"turns":6},{"damage":19,"enemies":"Reptomancer","floor":42,"turns":4}],"seed_played":"881578681966332002","potions_obtained":[{"floor":1,"key":"Regen Potion"},{"floor":3,"key":"GhostInAJar"},{"floor":11,"key":"FearPotion"},{"floor":14,"key":"Poison Potion"},{"floor":20,"key":"Swift Potion"}],"is_trial":false,"path_per_floor":["M","M","M","M","?","R","M","?","T","R","E","M","R","E","R","B",null,"M","?","M","?","M","E","R","$","T","M","E","$","?","E","R","B",null,"M","$","M","M","M","R","M"],"character_chosen":"THE_SILENT","items_purchased":["Lee\u0027s Waffle","Backstab","Footwork","Terror","PiercingWail"],"campfire_rested":3,"item_purchase_floors":[25,25,29,36,36],"current_hp_per_floor":[49,42,42,54,54,54,54,43,43,43,22,16,37,21,21,14,57,50,49,49,49,33,8,22,56,56,56,20,20,20,21,21,25,48,39,39,48,37,17,33,6,0],"gold":106,"neow_bonus":"TWENTY_PERCENT_HP_BONUS","is_prod":false,"is_daily":false,"chose_seed":false,"campfire_upgraded":4,"win_rate":0,"timestamp":1538180577,"path_taken":["M","M","M","?","?","R","M","?","T","R","E","?","R","E","R","BOSS","M","?","M","?","M","E","R","$","T","M","E","$","?","E","R","BOSS","M","$","M","M","M","R","M","M"],"build_version":"2018-09-27","purchased_purges":2,"victory":false,"max_hp_per_floor":[78,78,78,78,71,71,71,71,71,71,71,71,71,71,71,71,71,71,49,49,49,49,49,49,56,56,56,56,56,56,56,56,56,56,56,56,56,56,56,56,56,56],"card_choices":[{"not_picked":["Choke","Deflect"],"picked":"Skewer","floor":1},{"not_picked":["Prepared","Outmaneuver"],"picked":"Leg Sweep","floor":2},{"not_picked":["Flying Knee","Concentrate"],"picked":"Deflect","floor":3},{"not_picked":["Blade Dance","Escape Plan","Grand Finale"],"picked":"SKIP","floor":4},{"not_picked":["Outmaneuver","Blade Dance"],"picked":"Slice","floor":7},{"not_picked":["Flying Knee","Bouncing Flask"],"picked":"Dodge and Roll","floor":11},{"not_picked":["Dodge and Roll","Finisher"],"picked":"Quick Slash","floor":12},{"not_picked":["Riddle With Holes","Dagger Throw"],"picked":"Corpse Explosion","floor":14},{"not_picked":["Grand Finale","Envenom"],"picked":"Glass Knife","floor":16},{"not_picked":["Endless Agony","Tactician+1"],"picked":"Caltrops+1","floor":18},{"not_picked":["Outmaneuver","Slice+1","Dodge and Roll"],"picked":"SKIP","floor":20},{"not_picked":["Well Laid Plans","Sucker Punch"],"picked":"Endless Agony","floor":22},{"not_picked":["Prepared","Deflect"],"picked":"PiercingWail+1","floor":23},{"not_picked":["Masterful Stab","Flying Knee"],"picked":"PiercingWail","floor":27},{"not_picked":["Dagger Spray","Sucker Punch"],"picked":"Noxious Fumes","floor":28},{"not_picked":["Storm of Steel","Catalyst","Prepared"],"picked":"SKIP","floor":31},{"not_picked":["Envenom","Malaise"],"picked":"After Image","floor":33},{"not_picked":["Escape Plan","Outmaneuver"],"picked":"Quick Slash+1","floor":35},{"not_picked":["Deadly Poison","Dagger Throw"],"picked":"Backstab","floor":37},{"not_picked":["Dagger Spray","Expertise"],"picked":"PiercingWail+1","floor":38},{"not_picked":["Dagger Spray","Outmaneuver+1"],"picked":"Dodge and Roll+1","floor":39},{"not_picked":["Expertise+1","Bullet Time","Dagger Spray+1"],"picked":"SKIP","floor":41}],"player_experience":1285461,"relics_obtained":[{"floor":9,"key":"Mummified Hand"},{"floor":11,"key":"Kunai"},{"floor":14,"key":"Mercury Hourglass"},{"floor":23,"key":"Letter Opener"},{"floor":26,"key":"Darkstone Periapt"},{"floor":28,"key":"Vajra"},{"floor":31,"key":"Shuriken"}],"event_choices":[{"event_name":"Golden Idol","player_choice":"Lose Max HP","floor":5,"damage_taken":0},{"event_name":"Scrap Ooze","player_choice":"success","floor":8,"damage_taken":11},{"event_name":"Vampires","player_choice":"Became a vampire","floor":19,"damage_taken":0},{"event_name":"Match and Keep!","player_choice":"0 cards matched","floor":21,"damage_taken":0},{"event_name":"Forgotten Altar","player_choice":"Gave Idol","floor":30,"damage_taken":0}],"is_beta":false,"boss_relics":[{"not_picked":["Snecko Eye","Orrery"],"picked":"Lizard Tail"},{"not_picked":["Runic Pyramid","Calling Bell"],"picked":"Sozu"}],"items_purged_floors":[25,29],"is_endless":false,"potions_floor_spawned":[1,3,11,14,20,23,37,38,39],"killed_by":"Reptomancer","ascension_level":18}