{"gold_per_floor":[114,131,131,131,206,235,253,278,278,278,296,296,307,319,319,319],"floor_reached":16,"playtime":660,"items_purged":[],"score":274,"play_id":"7c408986-8068-4129-885e-f7297a7951d4","local_time":"20190305135006","is_ascension_mode":true,"campfire_choices":[{"floor":12,"key":"REST"},{"data":"Darkness","floor":15,"key":"SMITH"}],"neow_cost":"NONE","seed_source_timestamp":224757584209595,"circlet_count":0,"master_deck":["AscendersBane","Strike_B","Strike_B+1","Strike_B+1","Strike_B","Defend_B","Defend_B","Defend_B","Defend_B","Zap","Dualcast","Cold Snap","Loop+1","Cold Snap","Conserve Battery","Chill","Darkness+1"],"relics":["Cracked Core","NeowsBlessing","PreservedInsect","Matryoshka","Pen Nib","DataDisk","Darkstone Periapt","Whetstone"],"potions_floor_usage":[8,11,16,16],"damage_taken":[{"damage":0,"enemies":"Cultist","floor":1,"turns":1},{"damage":0,"enemies":"2 Louse","floor":2,"turns":1},{"damage":0,"enemies":"Gremlin Nob","floor":6,"turns":1},{"damage":0,"enemies":"Jaw Worm","floor":7,"turns":5},{"damage":17,"enemies":"3 Sentries","floor":8,"turns":10},{"damage":0,"enemies":"Large Slime","floor":11,"turns":13},{"damage":0,"enemies":"Looter","floor":13,"turns":3},{"damage":2,"enemies":"Exordium Wildlife","floor":14,"turns":4},{"damage":20,"enemies":"Hexaghost","floor":16,"turns":9}],"seed_played":"494035316981621278","potions_obtained":[{"floor":7,"key":"Block Potion"},{"floor":8,"key":"EssenceOfSteel"},{"floor":11,"key":"FocusPotion"},{"floor":14,"key":"Energy Potion"}],"is_trial":false,"path_per_floor":["M","M","?","T","?","E","M","E","T","?","M","R","M","M","R","B"],"character_chosen":"DEFECT","items_purchased":[],"campfire_rested":1,"item_purchase_floors":[],"current_hp_per_floor":[64,64,29,29,18,18,18,1,1,1,1,22,22,20,20,0],"gold":319,"neow_bonus":"THREE_ENEMY_KILL","is_prod":false,"is_daily":false,"chose_seed":false,"campfire_upgraded":1,"win_rate":0,"timestamp":1551790206,"path_taken":["M","?","?","?","?","E","M","E","T","?","M","R","?","M","R","BOSS"],"build_version":"2019-01-23","purchased_purges":0,"victory":false,"max_hp_per_floor":[71,71,71,71,71,71,71,71,71,71,71,71,71,71,71,71],"card_choices":[{"not_picked":["Beam Cell","Streamline"],"picked":"Cold Snap","floor":1},{"not_picked":["Compile Driver","Stack"],"picked":"Loop","floor":2},{"not_picked":["Barrage","Thunder Strike","Turbo"],"picked":"SKIP","floor":6},{"not_picked":["Barrage","Leap","Scrape"],"picked":"SKIP","floor":7},{"not_picked":["Turbo","Beam Cell"],"picked":"Cold Snap","floor":8},{"not_picked":["Heatsinks","Beam Cell"],"picked":"Conserve Battery","floor":11},{"not_picked":["Double Energy","Loop"],"picked":"Chill","floor":13},{"not_picked":["Turbo","Hello World"],"picked":"Darkness","floor":14}],"player_experience":1973661,"relics_obtained":[{"floor":4,"key":"Matryoshka"},{"floor":6,"key":"Pen Nib"},{"floor":8,"key":"DataDisk"},{"floor":9,"key":"Darkstone Periapt"},{"floor":9,"key":"Whetstone"}],"event_choices":[{"damage_healed":0,"gold_gain":0,"player_choice":"Success","damage_taken":35,"relics_obtained":["PreservedInsect"],"max_hp_gain":0,"max_hp_loss":0,"event_name":"Scrap Ooze","floor":3,"gold_loss":0},{"damage_healed":0,"gold_gain":75,"player_choice":"Gather Gold","damage_taken":11,"max_hp_gain":0,"max_hp_loss":0,"event_name":"World of Goop","floor":5,"gold_loss":0},{"damage_healed":0,"gold_gain":0,"player_choice":"Grow","damage_taken":0,"max_hp_gain":0,"max_hp_loss":0,"event_name":"Living Wall","floor":10,"gold_loss":0,"cards_upgraded":["Loop"]}],"is_beta":false,"boss_relics":[],"items_purged_floors":[],"is_endless":false,"potions_floor_spawned":[7,8,11,14],"killed_by":"Hexaghost","ascension_level":20}