{"gold_per_floor":[118,137,62,79,90,90,118,118,118,151,151,165,90,115,115,190,190,204,223,583,473,492,492,526,539,539,539,7,7,7,27,27,102,102,118,0,20,75,75,75,105,105,132,147,147,209,229,256,256,256,256],"floor_reached":52,"playtime":3169,"items_purged":["Strike_B"],"score":2056,"play_id":"8cf433a2-9dc7-45d7-ae5d-6391385271ac","local_time":"20181009225101","is_ascension_mode":true,"campfire_choices":[{"data":"Tempest","floor":6,"key":"SMITH"},{"data":"Static Discharge","floor":8,"key":"SMITH"},{"data":"Zap","floor":11,"key":"SMITH"},{"data":"Cold Snap","floor":15,"key":"SMITH"},{"data":"Static Discharge","floor":23,"key":"SMITH"},{"data":"Defragment","floor":27,"key":"SMITH"},{"data":"Capacitor","floor":29,"key":"SMITH"},{"floor":32,"key":"REST"},{"data":"Hologram","floor":40,"key":"SMITH"},{"data":"Glacier","floor":45,"key":"SMITH"},{"floor":49,"key":"REST"}],"neow_cost":"NONE","seed_source_timestamp":1728009212885717,"circlet_count":0,"master_deck":["Defend_B","Defend_B","Defend_B","Defend_B","Zap+1","Dualcast+1","AscendersBane","FTL","FTL+1","Tempest+1","Cold Snap+1","Static Discharge+1","Cold Snap+1","Self Repair","Electrodynamics+1","Static Discharge+1","White Noise","Hologram+1","Defragment+1","Glacier+1","Capacitor+1","Core Surge","Glacier","FTL+1","Fission+1","Blizzard+1","Thunder Strike","Chill"],"relics":["Cracked Core","Ancient Tea Set","Darkstone Periapt","Shuriken","Meat on the Bone","Mercury Hourglass","Sozu","Bag of Preparation","Whetstone","Gremlin Horn","Nuclear Battery","Red Mask","Torii","Art of War","Vajra","Tiny Chest","War Paint"],"potions_floor_usage":[7,10,41,48],"damage_taken":[{"damage":1,"enemies":"Cultist","floor":1,"turns":4},{"damage":0,"enemies":"Jaw Worm","floor":2,"turns":3},{"damage":3,"enemies":"2 Louse","floor":4,"turns":2},{"damage":3,"enemies":"Exordium Wildlife","floor":5,"turns":3},{"damage":0,"enemies":"Gremlin Nob","floor":7,"turns":2},{"damage":23,"enemies":"Lagavulin","floor":10,"turns":4},{"damage":0,"enemies":"Exordium Thugs","floor":12,"turns":3},{"damage":11,"enemies":"3 Sentries","floor":14,"turns":5},{"damage":24,"enemies":"Hexaghost","floor":16,"turns":6},{"damage":31,"enemies":"Shell Parasite","floor":18,"turns":2},{"damage":20,"enemies":"2 Thieves","floor":19,"turns":3},{"damage":6,"enemies":"3 Cultists","floor":22,"turns":3},{"damage":27,"enemies":"Book of Stabbing","floor":24,"turns":2},{"damage":12,"enemies":"Centurion and Healer","floor":25,"turns":4},{"damage":1,"enemies":"Shelled Parasite and Fungi","floor":31,"turns":6},{"damage":0,"enemies":"Champ","floor":33,"turns":13},{"damage":40,"enemies":"3 Darklings","floor":35,"turns":3},{"damage":5,"enemies":"3 Shapes","floor":37,"turns":3},{"damage":12,"enemies":"Mysterious Sphere","floor":38,"turns":3},{"damage":27,"enemies":"2 Orb Walkers","floor":41,"turns":3},{"damage":20,"enemies":"Transient","floor":44,"turns":6},{"damage":28,"enemies":"Nemesis","floor":46,"turns":7},{"damage":15,"enemies":"Maw","floor":47,"turns":7},{"damage":8,"enemies":"2 Orb Walkers","floor":48,"turns":3},{"damage":39,"enemies":"Donu and Deca","floor":50,"turns":6},{"damage":25,"enemies":"Time Eater","floor":51,"turns":8}],"seed_played":"7875642253420992199","potions_obtained":[{"floor":1,"key":"Poison Potion"},{"floor":2,"key":"AttackPotion"},{"floor":7,"key":"Swift Potion"},{"floor":10,"key":"SmokeBomb"},{"floor":16,"key":"SkillPotion"}],"is_trial":false,"path_per_floor":["M","M","$","M","M","R","E","R","T","E","R","M","?","E","R","B",null,"M","M","?","?","M","R","E","M","T","R","$","R","$","M","R","B",null,"M","?","M","?","?","R","E","?","T","M","R","E","M","E","R","B","B"],"character_chosen":"DEFECT","items_purchased":["Capacitor","Core Surge","Glacier","Gremlin Horn"],"campfire_rested":2,"item_purchase_floors":[28,28,28,28],"current_hp_per_floor":[63,63,63,60,57,57,57,57,57,34,34,46,46,47,47,42,64,52,51,16,16,36,36,21,28,28,28,28,28,28,46,67,71,71,50,50,52,47,47,47,39,39,39,38,38,29,33,37,57,37,31],"gold":256,"neow_bonus":"RANDOM_COMMON_RELIC","is_prod":false,"is_daily":false,"chose_seed":false,"campfire_upgraded":9,"win_rate":0,"timestamp":1539118261,"path_taken":["M","M","?","M","M","R","E","R","T","E","R","M","?","E","R","BOSS","M","M","?","?","M","R","E","M","T","R","$","R","?","M","R","BOSS","M","?","M","?","?","R","E","?","T","M","R","E","M","E","R","BOSS","BOSS"],"build_version":"2018-10-04v2","purchased_purges":1,"victory":true,"max_hp_per_floor":[71,71,71,71,71,71,71,71,71,71,71,71,71,71,71,71,71,71,71,71,71,71,71,71,71,71,71,71,71,71,71,71,71,71,71,71,71,71,71,71,71,67,67,67,67,67,67,67,67,67,67],"card_choices":[{"not_picked":["Beam Cell","Static Discharge"],"picked":"FTL","floor":1},{"not_picked":["White Noise","Go for the Eyes"],"picked":"FTL","floor":2},{"not_picked":["Barrage","Heatsinks"],"picked":"Tempest","floor":4},{"not_picked":["Leap","Compile Driver"],"picked":"Cold Snap","floor":5},{"not_picked":["Chaos","Rebound"],"picked":"Static Discharge","floor":7},{"not_picked":["Aggregate","Go for the Eyes"],"picked":"Cold Snap","floor":10},{"not_picked":["Compile Driver","Coolheaded","Go for the Eyes"],"picked":"SKIP","floor":12},{"not_picked":["Melter","Meteor Strike"],"picked":"Self Repair","floor":14},{"not_picked":["Multi-Cast","Creative AI"],"picked":"Electrodynamics","floor":16},{"not_picked":["Scrape","Hologram"],"picked":"Static Discharge","floor":18},{"not_picked":["Stack","Gash"],"picked":"White Noise","floor":19},{"not_picked":["Streamline","Leap"],"picked":"Hologram","floor":22},{"not_picked":["Consume","Gash"],"picked":"Defragment","floor":24},{"not_picked":["Rebound","Rip and Tear"],"picked":"Glacier","floor":25},{"not_picked":["Rebound","Hologram"],"picked":"FTL+1","floor":31},{"not_picked":["Multi-Cast","All For One"],"picked":"Fission","floor":33},{"not_picked":["Rebound+1","Cold Snap"],"picked":"Blizzard+1","floor":35},{"not_picked":["Turbo","Conserve Battery","Hologram"],"picked":"SKIP","floor":37},{"not_picked":["Rip and Tear+1","Compile Driver","Redo"],"picked":"SKIP","floor":41},{"not_picked":["Go for the Eyes","Streamline+1","FTL"],"picked":"SKIP","floor":44},{"not_picked":["Gash","Darkness"],"picked":"Thunder Strike","floor":46},{"not_picked":["Rebound","Streamline","Fusion"],"picked":"SKIP","floor":47},{"not_picked":["Gash+1","Auto Shields+1"],"picked":"Chill","floor":48}],"player_experience":1393568,"relics_obtained":[{"floor":7,"key":"Darkstone Periapt"},{"floor":9,"key":"Shuriken"},{"floor":10,"key":"Meat on the Bone"},{"floor":14,"key":"Mercury Hourglass"},{"floor":24,"key":"Bag of Preparation"},{"floor":26,"key":"Whetstone"},{"floor":38,"key":"Torii"},{"floor":41,"key":"Art of War"},{"floor":43,"key":"Vajra"},{"floor":46,"key":"Tiny Chest"},{"floor":48,"key":"War Paint"}],"event_choices":[{"event_name":"The Cleric","player_choice":"Card Removal","floor":13,"damage_taken":0},{"event_name":"Knowing Skull","player_choice":"GOLD GOLD GOLD GOLD ","floor":20,"damage_taken":0},{"event_name":"Designer","player_choice":"Full Service","floor":21,"damage_taken":0},{"event_name":"Tomb of Lord Red Mask","player_choice":"Paid","floor":36,"damage_taken":0},{"event_name":"Mysterious Sphere","player_choice":"Fight","floor":38,"damage_taken":0},{"event_name":"Falling","player_choice":"Removed Attack","floor":39,"damage_taken":0},{"event_name":"Winding Halls","player_choice":"Max HP","floor":42,"damage_taken":0}],"is_beta":false,"boss_relics":[{"not_picked":["FrozenCore","Orrery"],"picked":"Sozu"},{"not_picked":["White Beast Statue","Pandora\u0027s Box"],"picked":"Nuclear Battery"}],"items_purged_floors":[3],"is_endless":false,"potions_floor_spawned":[1,2,7,10,16,22,24,25,35,38,48],"ascension_level":20}