{"gold_per_floor":[112,112,112,130,77,77,111,111,111,144,144,219,235,15,15,15],"floor_reached":16,"playtime":372,"items_purged":[],"score":249,"play_id":"a102f517-a7d5-4cd4-b58b-38330c928d4c","local_time":"20190310180419","is_ascension_mode":true,"campfire_choices":[{"data":"Zap","floor":6,"key":"SMITH"},{"data":"Sweeping Beam","floor":8,"key":"SMITH"},{"data":"Conserve Battery","floor":15,"key":"SMITH"}],"neow_cost":"NONE","seed_source_timestamp":280128164944646,"circlet_count":0,"master_deck":["AscendersBane","Strike_B","Strike_B","Strike_B","Defend_B","Defend_B","Defend_B","Zap+1","Dualcast","Sweeping Beam+1","Ball Lightning","Cold Snap","Leap","Conserve Battery+1","Coolheaded"],"relics":["Cracked Core","NeowsBlessing","Molten Egg 2","Juzu Bracelet","Peace Pipe","Blood Vial"],"potions_floor_usage":[16,16],"damage_taken":[{"damage":0,"enemies":"Small Slimes","floor":1,"turns":1},{"damage":0,"enemies":"Jaw Worm","floor":4,"turns":1},{"damage":0,"enemies":"Lagavulin","floor":7,"turns":1},{"damage":24,"enemies":"Gremlin Nob","floor":10,"turns":4},{"damage":0,"enemies":"Cultist","floor":13,"turns":3},{"damage":35,"enemies":"Slime Boss","floor":16,"turns":9}],"seed_played":"1683368660294640665","potions_obtained":[{"floor":10,"key":"SkillPotion"},{"floor":13,"key":"Block Potion"}],"is_trial":false,"path_per_floor":["?","?","M","$","?","?"],"character_chosen":"DEFECT","items_purchased":["Cold Snap","AttackPotion","Blood Vial"],"campfire_rested":0,"item_purchase_floors":[5,14,14],"current_hp_per_floor":[64,57,57,57,57,57,57,57,57,33,38,27,27,27,27,0],"gold":15,"neow_bonus":"THREE_ENEMY_KILL","is_prod":false,"is_daily":false,"chose_seed":false,"campfire_upgraded":3,"win_rate":0,"timestamp":1552259059,"path_taken":["M","?","?","?","?","R","E","R","T","E","?","?","M","$","R","BOSS"],"build_version":"2019-01-23","purchased_purges":0,"victory":false,"max_hp_per_floor":[71,71,71,71,71,71,71,71,71,71,76,76,76,76,76,76],"card_choices":[{"not_picked":["Rebound","Stack"],"picked":"Sweeping Beam","floor":1},{"not_picked":["Redo","Leap"],"picked":"Ball Lightning","floor":4},{"not_picked":["Aggregate","Compile Driver"],"picked":"Leap","floor":7},{"not_picked":["Meteor Strike+1","Hologram"],"picked":"Conserve Battery","floor":10},{"not_picked":["Conserve Battery","Fusion"],"picked":"Coolheaded","floor":13}],"player_experience":593794,"relics_obtained":[{"floor":7,"key":"Molten Egg 2"},{"floor":9,"key":"Juzu Bracelet"},{"floor":10,"key":"Peace Pipe"}],"event_choices":[{"cards_removed":["Strike_B"],"damage_healed":0,"gold_gain":0,"player_choice":"Card Removal","damage_taken":7,"max_hp_gain":0,"max_hp_loss":0,"event_name":"Golden Wing","floor":2,"gold_loss":0},{"cards_removed":["Defend_B"],"damage_healed":0,"gold_gain":0,"player_choice":"Offered Basic","damage_taken":0,"max_hp_gain":0,"max_hp_loss":0,"event_name":"Bonfire Elementals","floor":3,"gold_loss":0},{"damage_healed":0,"gold_gain":0,"player_choice":"Donut","damage_taken":0,"max_hp_gain":5,"max_hp_loss":0,"event_name":"Big Fish","floor":11,"gold_loss":0},{"damage_healed":0,"gold_gain":75,"player_choice":"Gather Gold","damage_taken":11,"max_hp_gain":0,"max_hp_loss":0,"event_name":"World of Goop","floor":12,"gold_loss":0}],"is_beta":false,"boss_relics":[],"items_purged_floors":[],"is_endless":false,"potions_floor_spawned":[10,13],"killed_by":"Slime Boss","ascension_level":18}