{"gold_per_floor":[115,190,207,224,224,224,256,268,303,326,338,350,389,418,430,442],"floor_reached":16,"playtime":602,"items_purged":[],"score":220,"play_id":"bbcd6460-262d-4a97-a7f2-b6f42496bc28","local_time":"20181009022006","is_ascension_mode":true,"campfire_choices":[{"data":"Deadly Poison","floor":6,"key":"SMITH"},{"data":"Catalyst","floor":8,"key":"SMITH"},{"data":"Quick Slash","floor":11,"key":"SMITH"},{"data":"Skewer","floor":15,"key":"SMITH"}],"neow_cost":"NONE","seed_source_timestamp":1660066354544072,"circlet_count":0,"master_deck":["Defend_G","Defend_G","Defend_G","Defend_G","Defend_G","Strike_G","Strike_G","Strike_G","Strike_G","Strike_G","Survivor","Neutralize","AscendersBane","Quick Slash+1","Deadly Poison+1","Bane","Catalyst+1","Endless Agony","Skewer+1"],"relics":["Ring of the Snake","Orichalcum","MawBank","Dream Catcher","Letter Opener"],"potions_floor_usage":[7,13,16],"damage_taken":[{"damage":3,"enemies":"Small Slimes","floor":1,"turns":6},{"damage":3,"enemies":"Jaw Worm","floor":3,"turns":4},{"damage":0,"enemies":"2 Louse","floor":4,"turns":2},{"damage":21,"enemies":"3 Sentries","floor":7,"turns":9},{"damage":4,"enemies":"Red Slaver","floor":10,"turns":4},{"damage":2,"enemies":"Gremlin Nob","floor":13,"turns":3},{"damage":0,"enemies":"Blue Slaver","floor":14,"turns":2},{"damage":47,"enemies":"Slime Boss","floor":16,"turns":10}],"seed_played":"5791165678481048695","potions_obtained":[{"floor":3,"key":"Poison Potion"},{"floor":4,"key":"Fire Potion"},{"floor":7,"key":"FearPotion"}],"is_trial":false,"path_per_floor":["M","?","M","M","?","R","E","R","T","M","R","$","E","M","R"],"character_chosen":"THE_SILENT","items_purchased":[],"campfire_rested":0,"item_purchase_floors":[],"current_hp_per_floor":[56,45,42,42,64,64,43,43,43,39,39,39,37,37,37,0],"gold":442,"neow_bonus":"RANDOM_COMMON_RELIC","is_prod":false,"is_daily":false,"chose_seed":false,"campfire_upgraded":4,"win_rate":0,"timestamp":1539044406,"path_taken":["M","?","M","M","?","R","E","R","T","M","R","$","E","?","R","BOSS"],"build_version":"2018-10-04v2","purchased_purges":0,"victory":false,"max_hp_per_floor":[66,66,66,66,66,66,66,66,66,66,66,66,66,66,66,66],"card_choices":[{"not_picked":["Blur","Concentrate"],"picked":"Quick Slash","floor":1},{"not_picked":["Accuracy","Dodge and Roll"],"picked":"Deadly Poison","floor":3},{"not_picked":["Dagger Throw","Flechettes"],"picked":"Bane","floor":4},{"not_picked":["Slice","Masterful Stab"],"picked":"Catalyst","floor":7},{"not_picked":["Well Laid Plans","Dagger Throw"],"picked":"Endless Agony","floor":10},{"not_picked":["Outmaneuver","Tactician","Finisher"],"picked":"SKIP","floor":13},{"not_picked":["Riddle With Holes","Sucker Punch"],"picked":"Skewer","floor":14}],"player_experience":1383492,"relics_obtained":[{"floor":7,"key":"MawBank"},{"floor":9,"key":"Dream Catcher"},{"floor":13,"key":"Letter Opener"}],"event_choices":[{"event_name":"World of Goop","player_choice":"Gather Gold","floor":2,"damage_taken":0},{"event_name":"Big Fish","player_choice":"Banana","floor":5,"damage_taken":0}],"is_beta":false,"boss_relics":[],"items_purged_floors":[],"is_endless":false,"potions_floor_spawned":[3,4,7],"killed_by":"Slime Boss","ascension_level":20}