{"gold_per_floor":[213,227,246,74,74,106,106,125,197,229,241,264,303,328,340,451,463,488,500,265,280,298,298,223,223,223,223,223,284,304,339,339,444,444,457,457,480,491,591,591,604,637,661,687,687,713,623,653,653,653,653,653,148,177,177],"floor_reached":56,"playtime":4378,"items_purged":["Strike_R","Strike_R","The Bomb+1"],"score":1870,"play_id":"fa51da9b-bbd1-4e16-939a-d623897a88c3","local_time":"20190210151940","is_ascension_mode":true,"campfire_choices":[{"data":"Feel No Pain","floor":7,"key":"SMITH"},{"floor":11,"key":"DIG"},{"data":"Corruption","floor":15,"key":"SMITH"},{"floor":23,"key":"DIG"},{"floor":25,"key":"DIG"},{"floor":27,"key":"DIG"},{"floor":32,"key":"DIG"},{"floor":40,"key":"DIG"},{"floor":45,"key":"DIG"},{"floor":49,"key":"RECALL"},{"floor":52,"key":"DIG"}],"neow_cost":"NONE","seed_source_timestamp":399805538227900,"circlet_count":0,"master_deck":["Strike_R+1","Defend_R","Defend_R+1","Defend_R","Defend_R","Bash+1","Pommel Strike+1","Corruption+1","Rage+1","Flex","Feel No Pain+1","Feel No Pain","Sentinel+1","Flex+1","Impervious+1","Power Through+1","Infernal Blade+1","Flame Barrier+1","Havoc+1","Clothesline","Pommel Strike+1","Shrug It Off+1","Evolve+1","Shrug It Off+1","Body Slam+1","Juggernaut","Offering+1","True Grit+1","Metallicize","Warcry+1","Headbutt","Evolve+1"],"special_seed":0,"relics":["Burning Blood","Shovel","Toxic Egg 2","MawBank","Red Skull","Pen Nib","Mark of Pain","Pear","Singing Bowl","War Paint","Self Forming Clay","Tiny Chest","Boot","Vajra","Black Star","Centennial Puzzle","StoneCalendar","Dream Catcher","Paper Frog","Happy Flower","Omamori","Whetstone","Potion Belt","Lantern","Strawberry","Anchor","Kunai","Dodecahedron","Bag of Marbles","Blue Candle","Blood Vial"],"potions_floor_usage":[13,29,48,55,55,55,55],"damage_taken":[{"damage":4.0,"enemies":"Cultist","floor":1.0,"turns":5.0},{"damage":4.0,"enemies":"2 Louse","floor":2.0,"turns":3.0},{"damage":8.0,"enemies":"Jaw Worm","floor":3.0,"turns":4.0},{"damage":11,"enemies":"Lagavulin","floor":6,"turns":7},{"damage":13,"enemies":"Red Slaver","floor":8,"turns":4},{"damage":19,"enemies":"3 Sentries","floor":10,"turns":13},{"damage":22,"enemies":"Large Slime","floor":12,"turns":9},{"damage":0,"enemies":"Gremlin Nob","floor":13,"turns":2},{"damage":2,"enemies":"2 Fungi Beasts","floor":14,"turns":5},{"damage":40,"enemies":"The Guardian","floor":16,"turns":9},{"damage":19,"enemies":"3 Byrds","floor":18,"turns":8},{"damage":9,"enemies":"Shell Parasite","floor":21,"turns":8},{"damage":7,"enemies":"Centurion and Healer","floor":22,"turns":7},{"damage":4,"enemies":"Book of Stabbing","floor":29,"turns":5},{"damage":1,"enemies":"Cultist and Chosen","floor":30,"turns":5},{"damage":3,"enemies":"Gremlin Leader","floor":31,"turns":7},{"damage":0,"enemies":"Automaton","floor":33,"turns":11},{"damage":23,"enemies":"Orb Walker","floor":35,"turns":5},{"damage":2,"enemies":"3 Darklings","floor":38,"turns":5},{"damage":3,"enemies":"Mind Bloom Boss Battle","floor":39,"turns":4},{"damage":9,"enemies":"Jaw Worm Horde","floor":41,"turns":6},{"damage":2,"enemies":"Nemesis","floor":42,"turns":7},{"damage":0,"enemies":"Giant Head","floor":44,"turns":6},{"damage":45,"enemies":"Reptomancer","floor":46,"turns":4},{"damage":6,"enemies":"Nemesis","floor":48,"turns":3},{"damage":6,"enemies":"Time Eater","floor":50,"turns":7},{"damage":18,"enemies":"Shield and Spear","floor":54,"turns":8},{"damage":42,"enemies":"The Heart","floor":55,"turns":7}],"seed_played":"-6009089360909319727","potions_obtained":[{"floor":6,"key":"AttackPotion"},{"floor":8,"key":"SpeedPotion"},{"floor":12,"key":"Strength Potion"},{"floor":13,"key":"Dexterity Potion"},{"floor":21,"key":"AttackPotion"},{"floor":30,"key":"GamblersBrew"},{"floor":46,"key":"Swift Potion"}],"is_trial":false,"path_per_floor":["M","M","M","$","?","E","R","M","T","E","R","M","E","M","R","B",null,"M","?","$","M","M","R","?","R","T","R","?","E","M","E","R","B",null,"M","?","T","M","?","R","M","E","T","E","R","E","?","E","R","B",null,"R","$","E","B",null],"character_chosen":"IRONCLAD","items_purchased":["SteroidPotion","Flex","Flame Barrier+1","Havoc+1","Clothesline","Metallicize","Warcry+1","Headbutt","Bag of Marbles","Swift Potion","AttackPotion"],"campfire_rested":0,"item_purchase_floors":[4,4,20,20,20,53,53,53,53,53,53],"current_hp_per_floor":[80,80,78,78,78,73,73,66,66,53,53,37,43,47,47,13,63,50,50,50,47,46,56,56,56,56,56,38,40,45,48,48,54,85,70,70,70,76,81,81,80,86,86,94,94,62,62,62,62,62,101,101,101,89,55],"gold":177,"neow_bonus":"HUNDRED_GOLD","is_prod":false,"is_daily":false,"chose_seed":false,"campfire_upgraded":2,"win_rate":0,"timestamp":1549829980,"path_taken":["M","M","?","$","?","E","R","M","T","E","R","M","E","?","R","BOSS","M","?","$","?","M","R","?","R","T","R","?","E","M","E","R","BOSS","M","?","?","M","?","R","M","E","T","E","R","E","?","E","R","BOSS","R","$","E","BOSS"],"build_version":"2019-01-23","purchased_purges":3,"victory":true,"max_hp_per_floor":[80,80,80,80,80,80,80,80,80,80,80,80,80,80,80,80,80,80,80,80,80,80,90,90,90,90,90,95,95,95,95,95,95,95,97,97,97,99,101,101,103,105,105,107,107,114,114,114,114,114,114,114,114,114,114],"card_choices":[{"not_picked":["Havoc","Iron Wave"],"picked":"Pommel Strike","floor":1.0},{"not_picked":["Flex","Clash"],"picked":"Corruption","floor":2.0},{"not_picked":["Iron Wave","Battle Trance"],"picked":"Rage","floor":3.0},{"not_picked":["Warcry","Headbutt"],"picked":"Feel No Pain","floor":6},{"not_picked":["Limit Break","Wild Strike"],"picked":"Feel No Pain","floor":8},{"not_picked":["Iron Wave","Dropkick"],"picked":"Sentinel+1","floor":10},{"not_picked":["Iron Wave","Blood for Blood"],"picked":"Flex+1","floor":12},{"not_picked":["Headbutt","Clash","Flex+1"],"picked":"SKIP","floor":13},{"not_picked":["Iron Wave","Perfected Strike","Flex+1"],"picked":"SKIP","floor":14},{"not_picked":["Immolate","Demon Form"],"picked":"Impervious+1","floor":16},{"not_picked":["Pommel Strike","Twin Strike"],"picked":"Power Through+1","floor":18},{"not_picked":["Dropkick","Anger"],"picked":"Pommel Strike+1","floor":21},{"not_picked":["Rage+1","Inflame"],"picked":"Shrug It Off+1","floor":22},{"not_picked":["Warcry+1","Dark Embrace"],"picked":"Evolve+1","floor":29},{"not_picked":["Uppercut+1","Warcry+1"],"picked":"Shrug It Off+1","floor":30},{"not_picked":["Pummel","Bloodletting+1"],"picked":"Body Slam","floor":31},{"not_picked":["Double Tap+1","Impervious+1"],"picked":"Juggernaut","floor":33},{"not_picked":["Clothesline","Dual Wield+1","Headbutt"],"picked":"Singing Bowl","floor":35},{"not_picked":["Trip+1","Master of Strategy+1"],"picked":"The Bomb+1","floor":36},{"not_picked":["Heavy Blade","Warcry+1","Wild Strike"],"picked":"Singing Bowl","floor":38},{"not_picked":["Feed","Headbutt+1","Perfected Strike+1"],"picked":"Singing Bowl","floor":39},{"not_picked":["Dropkick+1","Evolve","Spot Weakness+1"],"picked":"Singing Bowl","floor":41},{"not_picked":["Iron Wave","Wild Strike+1","Spot Weakness+1"],"picked":"Singing Bowl","floor":42},{"not_picked":["Heavy Blade+1","Carnage","Sword Boomerang+1"],"picked":"Singing Bowl","floor":44},{"not_picked":["Clothesline","Perfected Strike"],"picked":"Offering+1","floor":46},{"not_picked":["Whirlwind","Sword Boomerang"],"picked":"True Grit+1","floor":48},{"not_picked":["Infernal Blade+1","True Grit+1"],"picked":"Evolve+1","floor":54}],"player_experience":193656,"relics_obtained":[{"floor":6,"key":"Shovel"},{"floor":9,"key":"Toxic Egg 2"},{"floor":10,"key":"MawBank"},{"floor":11,"key":"Red Skull"},{"floor":13,"key":"Pen Nib"},{"floor":23,"key":"Pear"},{"floor":25,"key":"Singing Bowl"},{"floor":26,"key":"War Paint"},{"floor":27,"key":"Self Forming Clay"},{"floor":29,"key":"Tiny Chest"},{"floor":31,"key":"Boot"},{"floor":32,"key":"Vajra"},{"floor":37,"key":"Centennial Puzzle"},{"floor":39,"key":"StoneCalendar"},{"floor":40,"key":"Dream Catcher"},{"floor":42,"key":"Paper Frog"},{"floor":42,"key":"Happy Flower"},{"floor":44,"key":"Omamori"},{"floor":44,"key":"Whetstone"},{"floor":45,"key":"Potion Belt"},{"floor":46,"key":"Lantern"},{"floor":46,"key":"Strawberry"},{"floor":48,"key":"Anchor"},{"floor":48,"key":"Kunai"},{"floor":52,"key":"Dodecahedron"},{"floor":54,"key":"Blue Candle"},{"floor":54,"key":"Blood Vial"}],"event_choices":[{"damage_healed":0.0,"max_hp_gain":0.0,"max_hp_loss":0.0,"gold_gain":0.0,"event_name":"Upgrade Shrine","player_choice":"Upgraded","floor":5.0,"gold_loss":0.0,"damage_taken":0.0,"cards_upgraded":["Bash"]},{"damage_healed":0,"gold_gain":0,"player_choice":"1 cards matched","damage_taken":0,"max_hp_gain":0,"max_hp_loss":0,"event_name":"Match and Keep!","floor":19,"gold_loss":0,"cards_obtained":["Infernal Blade"]},{"cards_removed":["Strike_R"],"damage_healed":0,"gold_gain":0,"player_choice":"Gave Gold","damage_taken":0,"max_hp_gain":0,"max_hp_loss":0,"event_name":"Beggar","floor":24,"gold_loss":75},{"damage_healed":0,"gold_gain":0,"player_choice":"Shed Blood","damage_taken":23,"max_hp_gain":5,"max_hp_loss":0,"event_name":"Forgotten Altar","floor":28,"gold_loss":0},{"damage_healed":0,"gold_gain":0,"player_choice":"Memory 1","damage_taken":0,"max_hp_gain":0,"max_hp_loss":0,"event_name":"SensoryStone","floor":36,"gold_loss":0},{"damage_healed":0,"gold_gain":0,"player_choice":"Fight","damage_taken":0,"max_hp_gain":0,"max_hp_loss":0,"event_name":"MindBloom","floor":39,"gold_loss":0},{"cards_removed":["Strike_R"],"damage_healed":0,"gold_gain":0,"player_choice":"Upgrade and Remove","damage_taken":0,"max_hp_gain":0,"max_hp_loss":0,"event_name":"Designer","floor":47,"gold_loss":90,"cards_upgraded":["Pommel Strike"]}],"is_beta":false,"boss_relics":[{"not_picked":["Lizard Tail","Ectoplasm"],"picked":"Mark of Pain"},{"not_picked":["Runic Dome","Velvet Choker"],"picked":"Black Star"}],"items_purged_floors":[4,20,53],"is_endless":false,"potions_floor_spawned":[6,8,12,13,16,18,21,30,31,39,41,46],"ascension_level":5}