{"gold_per_floor":[114,4,4,18,18,50,50,61,87,87,35,100,100,110,110,182,182,192,211,211,222,72,72,98,98,98,98,115,115],"floor_reached":29,"playtime":1242,"items_purged":["Strike_B"],"score":511,"play_id":"27639f35-a537-4260-a736-169cba4624c3","local_time":"20190310010151","is_ascension_mode":true,"campfire_choices":[{"data":"Tempest","floor":7,"key":"SMITH"},{"data":"Zap","floor":10,"key":"SMITH"},{"data":"Coolheaded","floor":13,"key":"SMITH"},{"data":"Glacier","floor":15,"key":"SMITH"},{"floor":23,"key":"REST"},{"data":"Defragment","floor":25,"key":"SMITH"},{"data":"Electrodynamics","floor":27,"key":"SMITH"}],"neow_cost":"NONE","seed_source_timestamp":217894748472308,"circlet_count":0,"master_deck":["AscendersBane","Strike_B","Strike_B","Strike_B","Defend_B","Defend_B","Defend_B+1","Defend_B","Zap+1","Dualcast","Lockon+1","Cold Snap","Glacier+1","Tempest+1","Coolheaded+1","Leap","Electrodynamics+1","Ball Lightning","Defragment+1","Melter","Conserve Battery"],"relics":["Cracked Core","NeowsBlessing","Happy Flower","Regal Pillow","Tiny Chest","Runic Pyramid","Dodecahedron","Bag of Preparation"],"potions_floor_usage":[16,21,29],"damage_taken":[{"damage":0,"enemies":"2 Louse","floor":1,"turns":1},{"damage":0,"enemies":"Jaw Worm","floor":4,"turns":1},{"damage":0,"enemies":"3 Sentries","floor":6,"turns":1},{"damage":0,"enemies":"Cultist","floor":8,"turns":2},{"damage":3,"enemies":"Lagavulin","floor":12,"turns":9},{"damage":7,"enemies":"Looter","floor":14,"turns":2},{"damage":21,"enemies":"Hexaghost","floor":16,"turns":15},{"damage":22,"enemies":"Shell Parasite","floor":18,"turns":8},{"damage":25,"enemies":"2 Thieves","floor":19,"turns":3},{"damage":0,"enemies":"Cultist and Chosen","floor":21,"turns":6},{"damage":28,"enemies":"Slavers","floor":24,"turns":4},{"damage":0,"enemies":"Centurion and Healer","floor":28,"turns":3},{"damage":26,"enemies":"Shelled Parasite and Fungi","floor":29,"turns":3}],"seed_played":"8735914788349624593","potions_obtained":[{"floor":1,"key":"Regen Potion"},{"floor":16,"key":"Strength Potion"},{"floor":28,"key":"Ancient Potion"}],"is_trial":false,"path_per_floor":["?","?","?","M"],"character_chosen":"DEFECT","items_purchased":["Explosive Potion","Cold Snap","Cold Snap","Defragment"],"campfire_rested":1,"item_purchase_floors":[2,2,11,22],"current_hp_per_floor":[64,64,43,43,43,43,43,43,43,43,43,40,40,33,33,27,60,38,13,18,18,18,54,26,26,26,26,26,0],"gold":115,"neow_bonus":"THREE_ENEMY_KILL","is_prod":false,"is_daily":false,"chose_seed":false,"campfire_upgraded":6,"win_rate":0,"timestamp":1552197711,"path_taken":["M","$","?","M","?","E","R","M","T","R","$","E","R","M","R","BOSS","M","M","?","?","$","R","E","R","T","R","M","M"],"build_version":"2019-01-23","purchased_purges":1,"victory":false,"max_hp_per_floor":[71,71,71,71,71,71,71,71,71,71,71,71,71,71,71,71,71,71,71,71,71,71,71,71,71,71,71,71,71],"card_choices":[{"not_picked":["Reinforced Body","Leap"],"picked":"Lockon","floor":1},{"not_picked":["Steam Power","Rip and Tear"],"picked":"Glacier","floor":4},{"not_picked":["Hologram","Barrage"],"picked":"Tempest","floor":6},{"not_picked":["Turbo","Aggregate"],"picked":"Coolheaded","floor":8},{"not_picked":["Turbo","Barrage","Double Energy"],"picked":"SKIP","floor":12},{"not_picked":["Streamline","BootSequence"],"picked":"Leap","floor":14},{"not_picked":["Machine Learning","Multi-Cast"],"picked":"Electrodynamics","floor":16},{"not_picked":["Compile Driver+1","Cold Snap","Barrage"],"picked":"SKIP","floor":18},{"not_picked":["Stack","Force Field+1"],"picked":"Ball Lightning","floor":19},{"not_picked":["Darkness+1","Redo","Cold Snap"],"picked":"SKIP","floor":21},{"not_picked":["Redo","Double Energy"],"picked":"Melter","floor":24},{"not_picked":["Scrape","Hello World+1"],"picked":"Conserve Battery","floor":28}],"player_experience":589140,"relics_obtained":[{"floor":6,"key":"Happy Flower"},{"floor":9,"key":"Regal Pillow"},{"floor":12,"key":"Tiny Chest"},{"floor":24,"key":"Dodecahedron"},{"floor":26,"key":"Bag of Preparation"}],"event_choices":[{"damage_healed":0,"gold_gain":0,"player_choice":"Entered Light","damage_taken":21,"max_hp_gain":0,"max_hp_loss":0,"event_name":"Shining Light","floor":3,"gold_loss":0,"cards_upgraded":["Lockon","Defend_B"]},{"damage_healed":0,"gold_gain":0,"player_choice":"Leave","damage_taken":0,"max_hp_gain":0,"max_hp_loss":0,"event_name":"The Cleric","floor":5,"gold_loss":0},{"cards_removed":["Cold Snap"],"damage_healed":5,"gold_gain":0,"player_choice":"Offered Common","damage_taken":0,"max_hp_gain":0,"max_hp_loss":0,"event_name":"Bonfire Elementals","floor":20,"gold_loss":0},{"cards_removed":["Cold Snap"],"damage_healed":5,"gold_gain":0,"player_choice":"Offered Special","damage_taken":0,"max_hp_gain":0,"max_hp_loss":0,"event_name":"Bonfire Elementals","floor":20,"gold_loss":0}],"is_beta":false,"boss_relics":[{"not_picked":["Tiny House","White Beast Statue"],"picked":"Runic Pyramid"}],"items_purged_floors":[22],"is_endless":false,"potions_floor_spawned":[1,8,16,28],"killed_by":"Shelled Parasite and Fungi","ascension_level":17}