{"gold_per_floor":[116,128,143,143,159,159,187,187,187,167,202,275,294,321,321,395,395,413,431,446,50,61,61,91,91,137,137,147,147,206,218,218,297,297,313,324,224,241,241,269,269,269,293,293,304,322,336,336,336,336,336],"floor_reached":52,"playtime":2630,"items_purged":["Strike_R","Strike_R"],"score":1888,"play_id":"c9f6913d-41b4-4717-98fd-5112891833d2","local_time":"20181015224453","is_ascension_mode":true,"campfire_choices":[{"data":"Carnage","floor":6,"key":"SMITH"},{"data":"Whirlwind","floor":8,"key":"SMITH"},{"data":"Flame Barrier","floor":15,"key":"SMITH"},{"data":"Armaments","floor":23,"key":"SMITH"},{"data":"Spot Weakness","floor":25,"key":"SMITH"},{"data":"Rampage","floor":27,"key":"SMITH"},{"data":"Whirlwind","floor":32,"key":"SMITH"},{"data":"Disarm","floor":41,"key":"SMITH"},{"data":"Disarm","floor":44,"key":"SMITH"},{"data":"Corruption","floor":49,"key":"SMITH"}],"neow_cost":"NONE","seed_source_timestamp":463169247536711,"circlet_count":0,"master_deck":["Defend_R","Defend_R","Defend_R","Defend_R","Bash+1","AscendersBane","Flame Barrier+1","Carnage+1","Whirlwind+1","Disarm+1","Rampage+1","Reaper","Battle Trance","Corruption+1","Armaments+1","Spot Weakness+1","Ghostly Armor","Disarm+1","Whirlwind+1","Dark Embrace","Offering","Intimidate+1","Sentinel+1","Bloodletting+1","Flame Barrier+1","Exhume","True Grit"],"relics":["Burning Blood","Torii","Dodecahedron","Gremlin Horn","Oddly Smooth Stone","Sozu","Chemical X","Omamori","Centennial Puzzle","Boot","Tiny Chest","Astrolabe","Blood Vial","Bag of Marbles"],"potions_floor_usage":[7,13,16,30],"damage_taken":[{"damage":2,"enemies":"Jaw Worm","floor":1,"turns":3},{"damage":9,"enemies":"Small Slimes","floor":2,"turns":5},{"damage":1,"enemies":"Cultist","floor":3,"turns":4},{"damage":6,"enemies":"Looter","floor":5,"turns":4},{"damage":8,"enemies":"Gremlin Nob","floor":7,"turns":3},{"damage":22,"enemies":"3 Sentries","floor":11,"turns":8},{"damage":1,"enemies":"Exordium Thugs","floor":13,"turns":3},{"damage":8,"enemies":"Gremlin Nob","floor":14,"turns":3},{"damage":28,"enemies":"Hexaghost","floor":16,"turns":11},{"damage":1,"enemies":"Chosen","floor":18,"turns":5},{"damage":22,"enemies":"Spheric Guardian","floor":19,"turns":5},{"damage":10,"enemies":"3 Cultists","floor":20,"turns":4},{"damage":2,"enemies":"Centurion and Healer","floor":22,"turns":6},{"damage":9,"enemies":"Slavers","floor":24,"turns":4},{"damage":0,"enemies":"Chosen and Byrds","floor":28,"turns":2},{"damage":0,"enemies":"Gremlin Leader","floor":30,"turns":6},{"damage":1,"enemies":"Cultist and Chosen","floor":31,"turns":5},{"damage":25,"enemies":"Champ","floor":33,"turns":9},{"damage":6,"enemies":"Orb Walker","floor":35,"turns":3},{"damage":13,"enemies":"3 Darklings","floor":36,"turns":3},{"damage":12,"enemies":"Sphere and 2 Shapes","floor":38,"turns":4},{"damage":28,"enemies":"Nemesis","floor":40,"turns":3},{"damage":4,"enemies":"Reptomancer","floor":45,"turns":2},{"damage":10,"enemies":"Maw","floor":46,"turns":6},{"damage":15,"enemies":"3 Darklings","floor":47,"turns":4},{"damage":25,"enemies":"Awakened One","floor":50,"turns":5},{"damage":30,"enemies":"Donu and Deca","floor":51,"turns":5}],"seed_played":"356290761418248697","potions_obtained":[{"floor":2,"key":"AttackPotion"},{"floor":7,"key":"Strength Potion"},{"floor":10,"key":"SkillPotion"},{"floor":16,"key":"Explosive Potion"}],"is_trial":false,"path_per_floor":["M","M","M","?","M","R","E","R","T","?","E","?","M","E","R","B",null,"M","M","M","$","M","R","E","R","T","R","M","?","E","M","R","B",null,"M","M","$","M","?","E","R","?","T","R","M","M","M","?","R","B","B"],"character_chosen":"IRONCLAD","items_purchased":["Chemical X","Spot Weakness"],"campfire_rested":0,"item_purchase_floors":[21,21],"current_hp_per_floor":[72,69,74,74,74,74,72,72,72,72,56,56,61,59,59,37,66,75,59,63,63,75,75,72,72,72,72,75,75,75,75,75,62,72,72,69,69,63,68,46,46,46,46,46,75,75,69,69,69,64,55],"gold":336,"neow_bonus":"UPGRADE_CARD","is_prod":false,"is_daily":false,"chose_seed":false,"campfire_upgraded":10,"win_rate":0,"timestamp":1539636293,"path_taken":["M","M","M","?","M","R","E","R","T","?","E","?","?","E","R","BOSS","M","M","M","$","M","R","E","R","T","R","M","?","E","M","R","BOSS","M","M","$","M","?","E","R","?","T","R","M","M","?","?","R","BOSS","BOSS"],"build_version":"2018-10-11","purchased_purges":2,"victory":true,"max_hp_per_floor":[75,75,75,75,75,75,75,75,75,75,75,75,75,75,75,75,75,75,75,75,75,75,75,75,75,75,75,75,75,75,75,75,75,75,75,75,75,75,75,75,75,75,75,75,75,75,75,75,75,75,75],"card_choices":[{"not_picked":["Flex","Shrug It Off"],"picked":"Iron Wave","floor":1},{"not_picked":["Ghostly Armor","Havoc"],"picked":"Flame Barrier","floor":2},{"not_picked":["True Grit","Clash"],"picked":"Carnage","floor":3},{"not_picked":["Body Slam","Clothesline"],"picked":"Whirlwind","floor":5},{"not_picked":["Iron Wave","Seeing Red"],"picked":"Disarm","floor":7},{"not_picked":["Intimidate","Perfected Strike","Thunderclap"],"picked":"SKIP","floor":11},{"not_picked":["Blood for Blood","Flex"],"picked":"Rampage","floor":13},{"not_picked":["Dual Wield","Infernal Blade","Clash"],"picked":"SKIP","floor":14},{"not_picked":["Bludgeon","Impervious"],"picked":"Reaper","floor":16},{"not_picked":["Flex","Anger+1"],"picked":"Battle Trance","floor":18},{"not_picked":["Twin Strike","Warcry"],"picked":"Corruption","floor":19},{"not_picked":["Perfected Strike","Thunderclap"],"picked":"Armaments","floor":20},{"not_picked":["Body Slam","Flex"],"picked":"Ghostly Armor","floor":22},{"not_picked":["Clothesline","Ghostly Armor"],"picked":"Disarm","floor":24},{"not_picked":["Anger","Second Wind","Sentinel"],"picked":"SKIP","floor":28},{"not_picked":["Corruption","Intimidate"],"picked":"Whirlwind","floor":30},{"not_picked":["Thunderclap","Infernal Blade"],"picked":"Dark Embrace","floor":31},{"not_picked":["Berserk","Double Tap"],"picked":"Offering","floor":33},{"not_picked":["Anger","Clothesline","Bloodletting"],"picked":"SKIP","floor":35},{"not_picked":["Twin Strike","Flex","Headbutt+1"],"picked":"SKIP","floor":36},{"not_picked":["Uppercut","Wild Strike"],"picked":"Bloodletting+1","floor":38},{"not_picked":["Havoc","Dual Wield"],"picked":"Flame Barrier+1","floor":40},{"not_picked":["Headbutt+1","Sword Boomerang","Rupture"],"picked":"SKIP","floor":45},{"not_picked":["Twin Strike","Warcry"],"picked":"True Grit","floor":46},{"not_picked":["Havoc","Barricade","Corruption"],"picked":"SKIP","floor":47}],"player_experience":1447138,"relics_obtained":[{"floor":7,"key":"Torii"},{"floor":9,"key":"Dodecahedron"},{"floor":11,"key":"Gremlin Horn"},{"floor":14,"key":"Oddly Smooth Stone"},{"floor":24,"key":"Omamori"},{"floor":26,"key":"Centennial Puzzle"},{"floor":30,"key":"Tiny Chest"},{"floor":40,"key":"Blood Vial"},{"floor":43,"key":"Bag of Marbles"}],"event_choices":[{"event_name":"Liars Game","player_choice":"disagreed","floor":4,"damage_taken":0},{"event_name":"The Woman in Blue","player_choice":"Bought 1 Potion","floor":10,"damage_taken":0},{"event_name":"Golden Wing","player_choice":"Gained Gold","floor":12,"damage_taken":0},{"event_name":"The Mausoleum","player_choice":"Yes","floor":29,"damage_taken":0},{"event_name":"Bonfire Elementals","player_choice":"COMMON","floor":39,"damage_taken":0},{"event_name":"Match and Keep!","player_choice":"1 cards matched","floor":42,"damage_taken":0},{"event_name":"Purifier","player_choice":"One Purge","floor":48,"damage_taken":0}],"is_beta":false,"boss_relics":[{"not_picked":["Cursed Key","Coffee Dripper"],"picked":"Sozu"},{"not_picked":["Calling Bell","Empty Cage"],"picked":"Astrolabe"}],"items_purged_floors":[21,37],"is_endless":false,"potions_floor_spawned":[2,7,11,16,18,19,28,33,38,40,45],"ascension_level":20}