{"gold_per_floor":[359,29,40,40,53,78,78,103,156,17,31,48,61,1,1,99,99,118,128,128,141,141,141,173,186,216,23,23,23,23,35,35,133,133,146,53,77,96,66,66],"floor_reached":40,"playtime":2357,"items_purged":["Strike_R"],"score":462,"play_id":"db837335-3031-4c29-ad7e-77cdb10e82f7","local_time":"20190309084703","is_ascension_mode":true,"campfire_choices":[{"data":"Mayhem","floor":7.0,"key":"SMITH"},{"data":"Seeing Red","floor":15.0,"key":"SMITH"},{"data":"Dark Embrace","floor":23,"key":"SMITH"},{"floor":28,"key":"REST"},{"data":"Mayhem","floor":32,"key":"SMITH"}],"neow_cost":"TEN_PERCENT_HP_LOSS","seed_source_timestamp":7239593987823,"circlet_count":0,"master_deck":["Bash","Seeing Red+1","Mayhem+1","Thunderclap","Warcry","Dramatic Entrance","Feel No Pain","Feel No Pain","Pommel Strike","Metallicize","Shrug It Off","Rage","Cleave","Shrug It Off","Dark Embrace+1","Pommel Strike","Immolate","Hemokinesis","Sever Soul","Flex","Pummel","Battle Trance","Demon Form","Shockwave+1","Writhe","Bloodletting","Fiend Fire","Warcry+1","Offering","Evolve","Mayhem+1","Power Through","Headbutt","Exhume","Doubt","Regret","Parasite","Dual Wield","Corruption","Sentinel","Metallicize","Dual Wield"],"special_seed":0,"relics":["Burning Blood","Bag of Marbles","The Courier","Regal Pillow","Bag of Preparation","Happy Flower","Pandora\u0027s Box","Dream Catcher","Mercury Hourglass","Tiny Chest","Calling Bell","PreservedInsect","Meat on the Bone","Peace Pipe","Pen Nib"],"potions_floor_usage":[16,16,16,21,33],"damage_taken":[{"damage":5.0,"enemies":"Cultist","floor":1.0,"turns":4.0},{"damage":13.0,"enemies":"2 Louse","floor":3.0,"turns":3.0},{"damage":7.0,"enemies":"Small Slimes","floor":5.0,"turns":3.0},{"damage":25.0,"enemies":"3 Sentries","floor":6.0,"turns":7.0},{"damage":38.0,"enemies":"Lagavulin","floor":8.0,"turns":6.0},{"damage":0.0,"enemies":"2 Fungi Beasts","floor":11.0,"turns":2.0},{"damage":0.0,"enemies":"Lots of Slimes","floor":12.0,"turns":2.0},{"damage":7.0,"enemies":"Exordium Wildlife","floor":13.0,"turns":3.0},{"damage":21,"enemies":"The Guardian","floor":16,"turns":12},{"damage":10,"enemies":"Shell Parasite","floor":18,"turns":4},{"damage":1,"enemies":"2 Thieves","floor":19,"turns":2},{"damage":19,"enemies":"Sentry and Sphere","floor":21,"turns":5},{"damage":53,"enemies":"Slavers","floor":24,"turns":6},{"damage":4,"enemies":"Centurion and Healer","floor":25,"turns":3},{"damage":15,"enemies":"Snake Plant","floor":31,"turns":4},{"damage":16,"enemies":"Automaton","floor":33,"turns":6},{"damage":7,"enemies":"Orb Walker","floor":35,"turns":4},{"damage":32,"enemies":"3 Darklings","floor":38,"turns":4},{"damage":47,"enemies":"Nemesis","floor":40,"turns":2}],"seed_played":"2030087954471399650","potions_obtained":[{"floor":6.0,"key":"FearPotion"},{"floor":8.0,"key":"Fire Potion"},{"floor":12.0,"key":"FearPotion"},{"floor":18,"key":"Regen Potion"},{"floor":31,"key":"AttackPotion"},{"floor":35,"key":"SpeedPotion"}],"is_trial":false,"path_per_floor":["M","$","M","?","M","E","R","E","T","$","M","M","M","$","R","B",null,"M","M","?","M","?","R","E","M","T","$","R","$","?","M","R","B",null,"M","$","T","M","$","E"],"character_chosen":"IRONCLAD","items_purchased":["Bag of Marbles","Mayhem","Shrug It Off","Happy Flower","Evolve","Mayhem","Corruption","Sentinel","Dual Wield"],"campfire_rested":1,"item_purchase_floors":[2,2,10,10,27,27,36,36,39],"current_hp_per_floor":[72,72,65,65,64,45,45,13,13,13,19,25,24,24,24,9,72,68,72,72,66,66,66,19,21,21,21,57,57,50,41,41,31,72,71,71,71,45,45,0],"gold":66,"neow_bonus":"TWO_FIFTY_GOLD","is_prod":false,"is_daily":false,"chose_seed":false,"campfire_upgraded":4,"win_rate":0,"timestamp":1552088823,"path_taken":["M","?","?","?","?","E","R","E","T","$","M","M","M","?","R","BOSS","M","?","?","M","?","R","E","M","T","$","R","$","?","M","R","BOSS","M","?","?","M","?","E"],"build_version":"2019-01-23","purchased_purges":1,"victory":false,"max_hp_per_floor":[72,72,72,72,72,72,72,72,72,72,72,72,72,72,72,72,72,72,72,72,72,72,72,72,72,72,72,72,72,72,72,72,72,72,72,72,72,72,72,72],"card_choices":[{"not_picked":["Pommel Strike","Iron Wave"],"picked":"Seeing Red","floor":1.0},{"not_picked":["Ghostly Armor","Combust"],"picked":"Thunderclap","floor":3.0},{"not_picked":["Shrug It Off","Havoc"],"picked":"Feel No Pain","floor":5.0},{"not_picked":["Warcry","Cleave"],"picked":"Pommel Strike","floor":6.0},{"not_picked":["Intimidate","Shrug It Off"],"picked":"Metallicize","floor":8.0},{"not_picked":["Pummel","Havoc"],"picked":"Rage","floor":11.0},{"not_picked":["Twin Strike","Warcry"],"picked":"Cleave","floor":12.0},{"not_picked":["Intimidate","Inflame"],"picked":"Shrug It Off","floor":13.0},{"not_picked":["Bludgeon","Impervious"],"picked":"Dark Embrace","floor":16},{"not_picked":["Sword Boomerang+1","Rage+1"],"picked":"Shockwave+1","floor":18},{"not_picked":["Iron Wave","Warcry","Twin Strike"],"picked":"SKIP","floor":19},{"not_picked":["Iron Wave","Headbutt"],"picked":"Bloodletting","floor":21},{"not_picked":["Battle Trance","Heavy Blade"],"picked":"Warcry+1","floor":24},{"not_picked":["Havoc","Dropkick+1"],"picked":"Offering","floor":25},{"not_picked":["Flex","Shrug It Off+1"],"picked":"Power Through","floor":28},{"not_picked":["Clothesline","Clash"],"picked":"Headbutt","floor":31},{"not_picked":["Reaper","Feed"],"picked":"Exhume","floor":33},{"not_picked":["Warcry","Clash"],"picked":"Dual Wield","floor":35},{"not_picked":["Shrug It Off","Heavy Blade"],"picked":"Metallicize","floor":38}],"player_experience":243718,"relics_obtained":[{"floor":6.0,"key":"The Courier"},{"floor":8.0,"key":"Regal Pillow"},{"floor":9.0,"key":"Bag of Preparation"},{"floor":24,"key":"Mercury Hourglass"},{"floor":26,"key":"Tiny Chest"},{"floor":34,"key":"PreservedInsect"},{"floor":34,"key":"Meat on the Bone"},{"floor":34,"key":"Peace Pipe"},{"floor":37,"key":"Pen Nib"}],"event_choices":[{"damage_healed":0.0,"max_hp_gain":0.0,"max_hp_loss":0.0,"gold_gain":0.0,"event_name":"Match and Keep!","player_choice":"3 cards matched","floor":4.0,"gold_loss":0.0,"damage_taken":0.0,"cards_obtained":["Warcry","Dramatic Entrance","Feel No Pain"]},{"damage_healed":0,"gold_gain":0,"player_choice":"Opened","damage_taken":0,"relics_obtained":["Dream Catcher"],"max_hp_gain":0,"max_hp_loss":0,"event_name":"The Mausoleum","floor":20,"gold_loss":0,"cards_obtained":["Writhe"]},{"damage_healed":0,"gold_gain":0,"player_choice":"Read","damage_taken":0,"max_hp_gain":0,"max_hp_loss":0,"event_name":"The Library","floor":22,"gold_loss":0,"cards_obtained":["Fiend Fire"]},{"damage_healed":0,"gold_gain":0,"player_choice":"Damaged","damage_taken":7,"max_hp_gain":0,"max_hp_loss":0,"event_name":"Wheel of Change","floor":30,"gold_loss":0}],"is_beta":false,"boss_relics":[{"not_picked":["Orrery","Astrolabe"],"picked":"Pandora\u0027s Box"},{"not_picked":["Sozu","Black Blood"],"picked":"Calling Bell"}],"items_purged_floors":[14],"is_endless":false,"potions_floor_spawned":[6,8,12,18,31,35],"killed_by":"Nemesis","ascension_level":1}