{"gold_per_floor":[116,128,278,278,278,314,314,348,348,348,11,11,25,66,66,155,155,171,151,22,36,60,96,96,135,135,135,158,158,176,214,214,310,310,325,375,72,1071,400,400,400,400,400,431,431,451,476,511,511,511],"floor_reached":50,"playtime":3441,"items_purged":["Doubt","Bane","Predator","Normality"],"score":1344,"play_id":"25208bba-2786-464a-8dc4-63e22f5e9003","local_time":"20190303135602","is_ascension_mode":true,"campfire_choices":[{"data":"Deadly Poison","floor":7.0,"key":"SMITH"},{"floor":10.0,"key":"REST"},{"data":"Dash","floor":15.0,"key":"SMITH"},{"data":"A Thousand Cuts","floor":24.0,"key":"SMITH"},{"data":"After Image","floor":27.0,"key":"SMITH"},{"data":"Noxious Fumes","floor":29.0,"key":"SMITH"},{"data":"Backflip","floor":32.0,"key":"SMITH"},{"data":"Footwork","floor":40,"key":"SMITH"},{"floor":42,"key":"RECALL"},{"floor":45,"key":"REST"},{"data":"Survivor","floor":49,"key":"SMITH"}],"neow_cost":"NONE","seed_source_timestamp":0,"circlet_count":0,"master_deck":["AscendersBane","Survivor+1","Neutralize+1","Deadly Poison+1","Backflip+1","Dash+1","Noxious Fumes+1","Bouncing Flask+1","Burst+1","Prepared+1","Tactician+1","Unload","Cloak And Dagger+1","Infinite Blades","Skewer","A Thousand Cuts+1","After Image+1","Slice","Reflex+1","PiercingWail+1","PiercingWail+1","Prepared+1","Blade Dance+1","Blade Dance+1","Catalyst+1","Night Terror+1","Terror+1","Finesse+1","Bouncing Flask+1","Normality","Cloak And Dagger+1","After Image+1","Footwork+1","Blur+1","Prepared+1","Backflip+1"],"special_seed":0,"relics":["Ring of the Snake","NeowsBlessing","Golden Idol","Singing Bowl","Bronze Scales","Toxic Egg 2","Pantograph","Pandora\u0027s Box","Art of War","Dodecahedron","Paper Crane","Dream Catcher","Runic Dome","Bag of Preparation","DollysMirror","Juzu Bracelet","Molten Egg 2"],"potions_floor_usage":[47,50],"damage_taken":[{"damage":0.0,"enemies":"Jaw Worm","floor":1.0,"turns":1.0},{"damage":0.0,"enemies":"Small Slimes","floor":2.0,"turns":1.0},{"damage":0.0,"enemies":"Lagavulin","floor":6.0,"turns":1.0},{"damage":32.0,"enemies":"3 Sentries","floor":8.0,"turns":14.0},{"damage":3.0,"enemies":"2 Louse","floor":13.0,"turns":3.0},{"damage":6.0,"enemies":"Lagavulin","floor":14.0,"turns":8.0},{"damage":23.0,"enemies":"The Guardian","floor":16.0,"turns":6.0},{"damage":1.0,"enemies":"Chosen","floor":18.0,"turns":4.0},{"damage":20.0,"enemies":"2 Thieves","floor":21.0,"turns":4.0},{"damage":2.0,"enemies":"Centurion and Healer","floor":22.0,"turns":8.0},{"damage":11.0,"enemies":"Gremlin Leader","floor":23.0,"turns":7.0},{"damage":10.0,"enemies":"Book of Stabbing","floor":25.0,"turns":4.0},{"damage":0.0,"enemies":"3 Cultists","floor":28.0,"turns":3.0},{"damage":0.0,"enemies":"Snecko","floor":30.0,"turns":4.0},{"damage":0.0,"enemies":"Gremlin Leader","floor":31.0,"turns":5.0},{"damage":13.0,"enemies":"Automaton","floor":33.0,"turns":8.0},{"damage":1,"enemies":"Orb Walker","floor":35,"turns":4},{"damage":23,"enemies":"Nemesis","floor":44,"turns":7},{"damage":34,"enemies":"3 Darklings","floor":46,"turns":5},{"damage":0,"enemies":"Transient","floor":47,"turns":6},{"damage":8,"enemies":"Giant Head","floor":48,"turns":6},{"damage":62,"enemies":"Time Eater","floor":50,"turns":6}],"seed_played":"-7790287714844178064","potions_obtained":[{"floor":1.0,"key":"GamblersBrew"},{"floor":8.0,"key":"Swift Potion"},{"floor":14.0,"key":"Fruit Juice"},{"floor":16.0,"key":"Regen Potion"},{"floor":18.0,"key":"FairyPotion"},{"floor":19.0,"key":"Regen Potion"},{"floor":22.0,"key":"Fruit Juice"},{"floor":25.0,"key":"GamblersBrew"},{"floor":33.0,"key":"SteroidPotion"},{"floor":35,"key":"GamblersBrew"},{"floor":48,"key":"PowerPotion"}],"is_trial":false,"path_per_floor":["M","M","?","?","?","E","R","E","T","R","$","?","M","E","R","B",null,"M","?","$","M","M","E","R","E","T","R","M","R","M","E","R","B",null,"M","?","$","?","$","R","?","R","T","E","R","M","M","E","R","B"],"character_chosen":"THE_SILENT","items_purchased":["Bouncing Flask+1","Burst+1","PiercingWail+1","Finesse+1","Bouncing Flask+1","Bag of Preparation","Cloak And Dagger+1","DollysMirror","Footwork"],"campfire_rested":2,"item_purchase_floors":[11,11,20,37,37,39,39,39,39],"current_hp_per_floor":[59,59,59,59,41,41,41,9,9,27,27,27,24,18,18,27,57,65,65,65,47,60,51,51,46,46,46,46,46,46,48,48,60,74,73,66,66,66,66,66,66,66,66,43,65,33,35,27,27,0],"gold":511,"neow_bonus":"THREE_ENEMY_KILL","is_prod":false,"is_daily":false,"chose_seed":false,"campfire_upgraded":8,"win_rate":0,"timestamp":1551617762,"path_taken":["M","M","?","?","?","E","R","E","T","R","$","?","?","E","R","BOSS","M","?","?","M","M","E","R","E","T","R","M","R","M","E","R","BOSS","M","?","?","?","$","R","?","R","T","E","R","M","M","E","R","BOSS"],"build_version":"2019-01-23","purchased_purges":4,"victory":false,"max_hp_per_floor":[66,66,66,60,60,60,60,60,60,60,60,60,60,60,60,67,67,67,67,67,69,69,71,71,76,76,76,76,76,76,78,78,78,78,78,78,78,78,78,78,74,74,74,74,74,76,78,78,78,78],"card_choices":[{"not_picked":["Slice","Backflip"],"picked":"Deadly Poison","floor":1.0},{"not_picked":["Dagger Spray","Bane"],"picked":"Backflip","floor":2.0},{"not_picked":["Heel Hook","Finisher"],"picked":"Dash","floor":6.0},{"not_picked":["Escape Plan","Acrobatics"],"picked":"Noxious Fumes","floor":8.0},{"not_picked":["Backstab","Flying Knee"],"picked":"Prepared+1","floor":13.0},{"not_picked":["Storm of Steel+1","Dash"],"picked":"Tactician+1","floor":14.0},{"not_picked":["A Thousand Cuts","Grand Finale","Glass Knife"],"picked":"Singing Bowl","floor":16.0},{"not_picked":["Slice","All Out Attack"],"picked":"PiercingWail+1","floor":18.0},{"not_picked":["Outmaneuver+1","Noxious Fumes","Underhanded Strike"],"picked":"Singing Bowl","floor":21.0},{"not_picked":["Dash","PiercingWail+1"],"picked":"Prepared+1","floor":22.0},{"not_picked":["Distraction+1","Skewer","Bane+1"],"picked":"Singing Bowl","floor":23.0},{"not_picked":["Grand Finale","Dagger Throw"],"picked":"Blade Dance+1","floor":25.0},{"not_picked":["Reflex+1","Bane"],"picked":"Blade Dance+1","floor":28.0},{"not_picked":["Escape Plan+1","Deflect+1"],"picked":"Catalyst+1","floor":30.0},{"not_picked":["Bane+1","Outmaneuver+1","Die Die Die"],"picked":"Singing Bowl","floor":31.0},{"not_picked":["Die Die Die","Phantasmal Killer+1"],"picked":"Night Terror+1","floor":33.0},{"not_picked":["Skewer","Sucker Punch"],"picked":"Terror+1","floor":35},{"not_picked":["Predator","Concentrate+1"],"picked":"Blur+1","floor":44},{"not_picked":["Predator","Reflex+1"],"picked":"Prepared+1","floor":45},{"not_picked":["Quick Slash","Deflect+1","Dagger Spray"],"picked":"Singing Bowl","floor":46},{"not_picked":["Distraction+1","Setup+1","Terror+1"],"picked":"Singing Bowl","floor":47},{"not_picked":["Dodge and Roll+1","Deflect+1"],"picked":"Backflip+1","floor":48}],"player_experience":1960327,"relics_obtained":[{"floor":6.0,"key":"Singing Bowl"},{"floor":8.0,"key":"Bronze Scales"},{"floor":9.0,"key":"Toxic Egg 2"},{"floor":14.0,"key":"Pantograph"},{"floor":23.0,"key":"Art of War"},{"floor":25.0,"key":"Dodecahedron"},{"floor":26.0,"key":"Paper Crane"},{"floor":31.0,"key":"Dream Catcher"},{"floor":44,"key":"Juzu Bracelet"},{"floor":48,"key":"Molten Egg 2"}],"event_choices":[{"damage_healed":0.0,"max_hp_gain":0.0,"max_hp_loss":0.0,"gold_gain":150.0,"event_name":"Liars Game","player_choice":"AGREE","floor":3.0,"gold_loss":0.0,"damage_taken":0.0,"cards_obtained":["Doubt"]},{"damage_healed":0.0,"max_hp_gain":0.0,"max_hp_loss":6.0,"gold_gain":0.0,"event_name":"Golden Idol","player_choice":"Lose Max HP","floor":4.0,"gold_loss":0.0,"damage_taken":0.0,"relics_obtained":["Golden Idol"]},{"damage_healed":0.0,"max_hp_gain":0.0,"max_hp_loss":0.0,"gold_gain":0.0,"event_name":"Shining Light","player_choice":"Entered Light","floor":5.0,"gold_loss":0.0,"damage_taken":18.0,"cards_upgraded":["Strike_G","Neutralize"]},{"damage_healed":0.0,"max_hp_gain":0.0,"max_hp_loss":0.0,"gold_gain":0.0,"event_name":"The Cleric","player_choice":"Leave","floor":12.0,"gold_loss":0.0,"damage_taken":0.0},{"damage_healed":0.0,"max_hp_gain":0.0,"max_hp_loss":0.0,"gold_gain":0.0,"event_name":"The Woman in Blue","player_choice":"Bought 1 Potion","floor":19.0,"gold_loss":0.0,"damage_taken":0.0},{"damage_healed":0,"gold_gain":50,"player_choice":"Touch","damage_taken":7,"max_hp_gain":0,"max_hp_loss":0,"event_name":"FaceTrader","floor":36,"gold_loss":0},{"damage_healed":0,"gold_gain":999,"player_choice":"Gold","damage_taken":0,"max_hp_gain":0,"max_hp_loss":0,"event_name":"MindBloom","floor":38,"gold_loss":0,"cards_obtained":["Normality","Normality"]},{"damage_healed":0,"gold_gain":0,"player_choice":"Max HP","damage_taken":0,"max_hp_gain":0,"max_hp_loss":4,"event_name":"Winding Halls","floor":41,"gold_loss":0}],"is_beta":false,"boss_relics":[{"not_picked":["WristBlade","Philosopher\u0027s Stone"],"picked":"Pandora\u0027s Box"},{"not_picked":["Lizard Tail","Ring of the Serpent"],"picked":"Runic Dome"}],"items_purged_floors":[11,20,37,39],"is_endless":false,"potions_floor_spawned":[1,8,14,16,18,22,25,28,33,35,44,46,48],"killed_by":"Time Eater","ascension_level":20}