{"gold_per_floor":[19,19,31,46,65,65,99,99,175,175,188,216,234,247,247,319,319,333,351,351,451,451,480,480,154,205,240,315,328,328,10,10,83,83,95,113,21,34,51,76,106,120,146,146,146,179,179,196,196,196,196,196,196,45,80,80],"floor_reached":56,"playtime":2524,"items_purged":["Defend_R","Strike_R","Strike_R"],"score":2089,"play_id":"b3c177b2-dcd4-4c64-96e4-00253037d903","local_time":"20190109001211","is_ascension_mode":true,"campfire_choices":[{"data":"Bash","floor":6,"key":"SMITH"},{"data":"1","floor":8,"key":"LIFT"},{"data":"2","floor":10,"key":"LIFT"},{"data":"3","floor":15,"key":"LIFT"},{"data":"Inflame","floor":24,"key":"SMITH"},{"data":"Corruption","floor":30,"key":"SMITH"},{"data":"Limit Break","floor":32,"key":"SMITH"},{"floor":44,"key":"RECALL"},{"floor":47,"key":"REST"},{"floor":49,"key":"REST"},{"floor":53,"key":"REST"}],"neow_cost":"NO_GOLD","seed_source_timestamp":1296863017241620,"circlet_count":0,"master_deck":["AscendersBane","Strike_R","Defend_R","Defend_R","Defend_R","Bash+1","Rage","Carnage","Ghostly Armor+1","Dropkick","Rampage","Inflame+1","Heavy Blade+1","Iron Wave+1","Heavy Blade+1","Pommel Strike+1","Limit Break+1","Sword Boomerang+1","Heavy Blade+1","Immolate+1","Limit Break+1","Shrug It Off","Corruption+1","Heavy Blade+1","Reaper+1","Heavy Blade+1","True Grit","Flash of Steel+1","Pummel+1","Pommel Strike+1","Feel No Pain+1","Sword Boomerang+1","Writhe","Anger+1","Havoc+1","Shrug It Off","Flame Barrier"],"relics":["Burning Blood","Girya","Molten Egg 2","Lantern","Velvet Choker","Du-Vu Doll","Meat on the Bone","Nilry\u0027s Codex","Bag of Preparation","DollysMirror","PreservedInsect","Potion Belt","Self Forming Clay","War Paint","Fusion Hammer","Centennial Puzzle","Mango","Mummified Hand","Vajra"],"potions_floor_usage":[21,56,56,56],"damage_taken":[{"damage":2,"enemies":"Cultist","floor":1,"turns":4},{"damage":1,"enemies":"Small Slimes","floor":3,"turns":4},{"damage":0,"enemies":"2 Louse","floor":4,"turns":4},{"damage":6,"enemies":"Looter","floor":5,"turns":3},{"damage":8,"enemies":"Gremlin Nob","floor":7,"turns":3},{"damage":17,"enemies":"Red Slaver","floor":11,"turns":4},{"damage":24,"enemies":"3 Sentries","floor":12,"turns":6},{"damage":0,"enemies":"Gremlin Gang","floor":13,"turns":5},{"damage":0,"enemies":"Exordium Thugs","floor":14,"turns":3},{"damage":13,"enemies":"Slime Boss","floor":16,"turns":8},{"damage":3,"enemies":"Chosen","floor":18,"turns":3},{"damage":16,"enemies":"Shell Parasite","floor":19,"turns":2},{"damage":3,"enemies":"Colosseum Slavers","floor":21,"turns":3},{"damage":15,"enemies":"Colosseum Nobs","floor":21,"turns":3},{"damage":14,"enemies":"Book of Stabbing","floor":23,"turns":2},{"damage":6,"enemies":"Gremlin Leader","floor":27,"turns":3},{"damage":1,"enemies":"3 Cultists","floor":29,"turns":3},{"damage":22,"enemies":"Collector","floor":33,"turns":3},{"damage":0,"enemies":"Orb Walker","floor":35,"turns":1},{"damage":0,"enemies":"3 Darklings","floor":36,"turns":2},{"damage":33,"enemies":"4 Shapes","floor":38,"turns":7},{"damage":0,"enemies":"Transient","floor":39,"turns":6},{"damage":12,"enemies":"Giant Head","floor":41,"turns":3},{"damage":11,"enemies":"3 Darklings","floor":42,"turns":2},{"damage":0,"enemies":"Reptomancer","floor":46,"turns":2},{"damage":7,"enemies":"4 Shapes","floor":48,"turns":2},{"damage":70,"enemies":"Awakened One","floor":50,"turns":7},{"damage":42,"enemies":"Donu and Deca","floor":51,"turns":4},{"damage":15,"enemies":"Shield and Spear","floor":55,"turns":4},{"damage":99,"enemies":"The Heart","floor":56,"turns":5}],"seed_played":"-6918707686622669569","potions_obtained":[{"floor":3,"key":"FairyPotion"},{"floor":4,"key":"SpeedPotion"},{"floor":7,"key":"Dexterity Potion"},{"floor":12,"key":"Fire Potion"},{"floor":18,"key":"AttackPotion"},{"floor":23,"key":"FearPotion"},{"floor":33,"key":"GamblersBrew"},{"floor":46,"key":"GamblersBrew"}],"is_trial":false,"path_per_floor":["M","?","M","M","M","R","E","R","T","R","M","E","M","M","R","B",null,"M","M","?","?","?","E","R","$","T","E","T","M","R","$","R","B",null,"M","M","$","M","M","T","E","M","T","R","?","E","R","M","R","B","B",null,"R","$","E","B"],"character_chosen":"IRONCLAD","items_purchased":["DollysMirror","Shrug It Off","War Paint","Swift Potion","Flash of Steel+1","Shrug It Off"],"campfire_rested":3,"item_purchase_floors":[25,25,31,31,37,54],"current_hp_per_floor":[72,61,66,72,72,72,70,70,70,70,59,41,47,53,53,46,68,71,61,61,55,34,38,38,38,38,50,50,55,55,55,55,51,69,75,75,75,75,75,75,83,84,84,84,89,89,89,88,89,62,38,76,89,89,89,0],"gold":80,"neow_bonus":"TRANSFORM_TWO_CARDS","is_prod":false,"is_daily":false,"chose_seed":false,"campfire_upgraded":4,"win_rate":0,"timestamp":1546989131,"path_taken":["M","?","?","M","M","R","E","R","T","R","?","E","M","?","R","BOSS","M","M","?","?","?","E","R","$","T","E","?","?","R","?","R","BOSS","M","?","$","?","M","?","E","M","T","R","?","E","R","M","R","BOSS","BOSS","R","$","E","BOSS"],"build_version":"2019-01-03v4","purchased_purges":3,"victory":false,"max_hp_per_floor":[75,75,75,75,75,75,75,75,75,75,75,75,75,75,75,75,75,75,75,75,75,75,75,75,75,75,75,75,75,75,75,75,75,75,75,75,75,75,75,75,89,89,89,89,89,89,89,89,89,89,89,89,89,89,89,89],"card_choices":[{"not_picked":["Armaments","Warcry"],"picked":"Ghostly Armor","floor":1},{"not_picked":["Warcry","Seeing Red","Sentinel"],"picked":"SKIP","floor":3},{"not_picked":["Heavy Blade","Havoc"],"picked":"Dropkick","floor":4},{"not_picked":["Body Slam","Brutality"],"picked":"Rampage","floor":5},{"not_picked":["Evolve","Shrug It Off"],"picked":"Inflame","floor":7},{"not_picked":["Sentinel","Pommel Strike+1"],"picked":"Heavy Blade+1","floor":11},{"not_picked":["Wild Strike+1","Armaments"],"picked":"Iron Wave+1","floor":12},{"not_picked":["Wild Strike+1","Clash+1"],"picked":"Heavy Blade+1","floor":13},{"not_picked":["Intimidate","Corruption"],"picked":"Pommel Strike+1","floor":14},{"not_picked":["Immolate+1","Barricade"],"picked":"Limit Break","floor":16},{"not_picked":["Feel No Pain","Iron Wave+1"],"picked":"Sword Boomerang+1","floor":18},{"not_picked":["Iron Wave+1","Wild Strike+1","Ghostly Armor"],"picked":"SKIP","floor":19},{"not_picked":["Cleave+1","Blood for Blood+1"],"picked":"Heavy Blade+1","floor":21},{"not_picked":["Clash+1","Combust"],"picked":"Immolate+1","floor":23},{"not_picked":["Sentinel","Twin Strike+1"],"picked":"Corruption","floor":27},{"not_picked":["True Grit","Iron Wave+1"],"picked":"Heavy Blade+1","floor":29},{"not_picked":["Feed+1","Demon Form"],"picked":"Reaper+1","floor":33},{"not_picked":["Iron Wave+1","Warcry+1"],"picked":"Heavy Blade+1","floor":35},{"not_picked":["Warcry","Power Through"],"picked":"True Grit","floor":36},{"not_picked":["Warcry","Entrench+1"],"picked":"Pummel+1","floor":38},{"not_picked":["Iron Wave+1","Fire Breathing+1"],"picked":"Pommel Strike+1","floor":39},{"not_picked":["Body Slam+1","Reckless Charge+1"],"picked":"Feel No Pain+1","floor":41},{"not_picked":["Body Slam+1","Infernal Blade"],"picked":"Sword Boomerang+1","floor":42},{"not_picked":["Sever Soul+1","Brutality"],"picked":"Anger+1","floor":46},{"not_picked":["Rupture+1","Iron Wave+1"],"picked":"Havoc+1","floor":48},{"not_picked":["Entrench+1","Cleave+1"],"picked":"Flame Barrier","floor":55}],"player_experience":1772705,"relics_obtained":[{"floor":7,"key":"Girya"},{"floor":9,"key":"Molten Egg 2"},{"floor":12,"key":"Lantern"},{"floor":21,"key":"Du-Vu Doll"},{"floor":21,"key":"Meat on the Bone"},{"floor":22,"key":"Nilry\u0027s Codex"},{"floor":23,"key":"Bag of Preparation"},{"floor":26,"key":"PreservedInsect"},{"floor":27,"key":"Potion Belt"},{"floor":28,"key":"Self Forming Clay"},{"floor":40,"key":"Centennial Puzzle"},{"floor":41,"key":"Mango"},{"floor":46,"key":"Mummified Hand"},{"floor":55,"key":"Vajra"}],"event_choices":[{"damage_healed":0,"gold_gain":0,"player_choice":"Damaged","damage_taken":11,"max_hp_gain":0,"max_hp_loss":0,"event_name":"Wheel of Change","floor":2,"gold_loss":0},{"damage_healed":0,"gold_gain":0,"player_choice":"Ignored","damage_taken":0,"max_hp_gain":0,"max_hp_loss":0,"event_name":"The Mausoleum","floor":20,"gold_loss":0},{"damage_healed":0,"gold_gain":0,"player_choice":"Fight","damage_taken":0,"max_hp_gain":0,"max_hp_loss":0,"event_name":"Colosseum","floor":21,"gold_loss":0},{"damage_healed":0,"gold_gain":0,"player_choice":"Fought Nobs","damage_taken":0,"max_hp_gain":0,"max_hp_loss":0,"event_name":"Colosseum","floor":21,"gold_loss":0},{"damage_healed":0,"gold_gain":0,"player_choice":"Obtained Book","damage_taken":21,"max_hp_gain":0,"max_hp_loss":0,"event_name":"Cursed Tome","floor":22,"gold_loss":0},{"damage_healed":18,"gold_gain":0,"player_choice":"Writhe","damage_taken":0,"max_hp_gain":0,"max_hp_loss":0,"event_name":"Winding Halls","floor":45,"gold_loss":0,"cards_obtained":["Writhe"]}],"is_beta":false,"boss_relics":[{"not_picked":["Runic Cube","Runic Pyramid"],"picked":"Velvet Choker"},{"not_picked":["Busted Crown","Eternal Feather"],"picked":"Fusion Hammer"}],"items_purged_floors":[25,31,54],"is_endless":false,"potions_floor_spawned":[3,4,7,12,13,16,18,23,33,39,41,46,48],"killed_by":"The Heart","ascension_level":20}