{"gold_per_floor":[109,119,135,135,13,13,13,48,48,48,64,93,105,121,121,192,192,211,225,225,150,169,200,200,219,219,219,229,229],"floor_reached":29,"playtime":1457,"items_purged":[],"score":475,"play_id":"cb486e75-4e65-4df0-b446-b4711d20e2de","local_time":"20190309232344","is_ascension_mode":true,"campfire_choices":[{"data":"Sunder","floor":6,"key":"SMITH"},{"data":"Go for the Eyes","floor":10,"key":"SMITH"},{"floor":15,"key":"REST"},{"data":"Creative AI","floor":24,"key":"SMITH"},{"floor":27,"key":"REST"}],"neow_cost":"NONE","seed_source_timestamp":211790579799429,"circlet_count":0,"master_deck":["AscendersBane","Strike_B","Strike_B","Strike_B","Defend_B","Defend_B","Defend_B","Defend_B","Zap+1","Dualcast","Sweeping Beam","Glacier","Ball Lightning","Capacitor","Sunder+1","Go for the Eyes+1","Biased Cognition","Steam+1","Creative AI+1","Storm","Ghostly+1","Ghostly+1","Ghostly+1","Darkness+1","Writhe"],"relics":["Cracked Core","Toxic Egg 2","Boot","Oddly Smooth Stone","Cursed Key","Singing Bowl","Bottled Lightning"],"potions_floor_usage":[16,23,28],"damage_taken":[{"damage":0,"enemies":"Cultist","floor":1,"turns":3},{"damage":0,"enemies":"2 Louse","floor":2,"turns":4},{"damage":0,"enemies":"Small Slimes","floor":3,"turns":3},{"damage":17,"enemies":"3 Sentries","floor":8,"turns":7},{"damage":14,"enemies":"Red Slaver","floor":11,"turns":2},{"damage":19,"enemies":"Lagavulin","floor":12,"turns":7},{"damage":18,"enemies":"Lots of Slimes","floor":13,"turns":3},{"damage":0,"enemies":"2 Fungi Beasts","floor":14,"turns":2},{"damage":12,"enemies":"The Guardian","floor":16,"turns":11},{"damage":15,"enemies":"3 Byrds","floor":18,"turns":5},{"damage":0,"enemies":"Chosen","floor":19,"turns":5},{"damage":0,"enemies":"Sentry and Sphere","floor":22,"turns":6},{"damage":30,"enemies":"Gremlin Leader","floor":23,"turns":6},{"damage":7,"enemies":"Centurion and Healer","floor":25,"turns":7},{"damage":10,"enemies":"Shelled Parasite and Fungi","floor":28,"turns":7},{"damage":30,"enemies":"Cultist and Chosen","floor":29,"turns":3}],"seed_played":"630467366771036062","potions_obtained":[{"floor":1,"key":"Strength Potion"},{"floor":12,"key":"FearPotion"},{"floor":16,"key":"AttackPotion"},{"floor":23,"key":"SpeedPotion"}],"is_trial":false,"path_per_floor":["?","?","?","?"],"character_chosen":"DEFECT","items_purchased":["Capacitor","Sunder"],"campfire_rested":2,"item_purchase_floors":[5,5],"current_hp_per_floor":[64,64,64,64,64,64,69,52,52,52,38,19,1,1,23,11,60,45,45,38,38,38,10,10,5,5,17,9,0],"gold":229,"neow_bonus":"THREE_CARDS","is_prod":false,"is_daily":false,"chose_seed":false,"campfire_upgraded":3,"win_rate":0,"timestamp":1552191824,"path_taken":["M","M","M","?","$","R","?","E","T","R","M","E","M","M","R","BOSS","M","M","?","?","M","E","R","M","T","R","M","M"],"build_version":"2019-01-23","purchased_purges":0,"victory":false,"max_hp_per_floor":[71,71,71,71,71,71,76,76,76,76,76,76,76,76,76,76,76,76,76,38,38,38,40,40,42,42,42,44,44],"card_choices":[{"not_picked":["White Noise","Undo"],"picked":"Sweeping Beam","floor":0},{"not_picked":["Lockon","Streamline"],"picked":"Glacier","floor":1},{"not_picked":["Sweeping Beam","Leap","Go for the Eyes"],"picked":"SKIP","floor":2},{"not_picked":["Go for the Eyes","Cold Snap"],"picked":"Ball Lightning","floor":3},{"not_picked":["Gash","Redo"],"picked":"Go for the Eyes","floor":8},{"not_picked":["Turbo+1","Barrage","Glacier+1"],"picked":"SKIP","floor":11},{"not_picked":["Conserve Battery+1","Go for the Eyes"],"picked":"Biased Cognition","floor":12},{"not_picked":["Streamline","Blizzard","Gash"],"picked":"SKIP","floor":13},{"not_picked":["Streamline","Chaos+1"],"picked":"Steam+1","floor":14},{"not_picked":["Rainbow+1","Electrodynamics"],"picked":"Creative AI","floor":16},{"not_picked":["Gash","Rebound","Cold Snap"],"picked":"SKIP","floor":18},{"not_picked":["Sunder","Loop"],"picked":"Storm","floor":19},{"not_picked":["Sweeping Beam","Compile Driver"],"picked":"Darkness+1","floor":22},{"not_picked":["Barrage","Machine Learning","Turbo+1"],"picked":"Singing Bowl","floor":23},{"not_picked":["Ball Lightning","Barrage","Recycle+1"],"picked":"Singing Bowl","floor":25},{"not_picked":["Fusion+1","Go for the Eyes","Streamline"],"picked":"Singing Bowl","floor":28}],"player_experience":583514,"relics_obtained":[{"floor":8,"key":"Toxic Egg 2"},{"floor":9,"key":"Boot"},{"floor":12,"key":"Oddly Smooth Stone"},{"floor":23,"key":"Singing Bowl"},{"floor":26,"key":"Bottled Lightning"}],"event_choices":[{"damage_healed":0,"gold_gain":0,"player_choice":"Grow","damage_taken":0,"max_hp_gain":0,"max_hp_loss":0,"event_name":"Living Wall","floor":4,"gold_loss":0,"cards_upgraded":["Zap"]},{"damage_healed":0,"gold_gain":0,"player_choice":"Donut","damage_taken":0,"max_hp_gain":5,"max_hp_loss":0,"event_name":"Big Fish","floor":7,"gold_loss":0},{"damage_healed":0,"gold_gain":0,"player_choice":"Became a Ghost","damage_taken":0,"max_hp_gain":0,"max_hp_loss":38,"event_name":"Ghosts","floor":20,"gold_loss":0,"cards_obtained":["Ghostly","Ghostly","Ghostly"]},{"cards_removed":["Strike_B"],"damage_healed":0,"gold_gain":0,"player_choice":"Gave Gold","damage_taken":0,"max_hp_gain":0,"max_hp_loss":0,"event_name":"Beggar","floor":21,"gold_loss":75}],"is_beta":false,"boss_relics":[{"not_picked":["Orrery","Busted Crown"],"picked":"Cursed Key"}],"items_purged_floors":[],"is_endless":false,"potions_floor_spawned":[1,12,13,14,16,23,25],"killed_by":"Cultist and Chosen","ascension_level":17}