{"gold_per_floor":[110,110,124,1,1,26,26,58,58,91,91,101,117,144,144,247,247],"floor_reached":17,"playtime":1148,"items_purged":["Regret"],"score":210,"play_id":"a3b1c9b1-dfe7-4129-98a6-aeb35c5dd0bf","local_time":"20190309171542","is_ascension_mode":true,"campfire_choices":[{"data":"Go for the Eyes","floor":7,"key":"SMITH"},{"floor":11,"key":"REST"},{"data":"Reinforced Body","floor":15,"key":"SMITH"}],"neow_cost":"NONE","seed_source_timestamp":115662732905,"circlet_count":0,"master_deck":["Strike_B","Strike_B","Defend_B","Defend_B","Defend_B","Defend_B","Zap","Dualcast","Ball Lightning","Go for the Eyes+1","Rebound","Turbo","Coolheaded","Reinforced Body+1","Steam","Electrodynamics"],"relics":["Cracked Core","Omamori","Cables","Blood Vial","Sundial","Pantograph","Question Card"],"potions_floor_usage":[6,14],"damage_taken":[{"damage":0,"enemies":"Small Slimes","floor":1,"turns":3},{"damage":14,"enemies":"Jaw Worm","floor":3,"turns":2},{"damage":20,"enemies":"Gremlin Nob","floor":6,"turns":4},{"damage":20,"enemies":"3 Sentries","floor":8,"turns":5},{"damage":21,"enemies":"Lagavulin","floor":10,"turns":6},{"damage":0,"enemies":"Cultist","floor":12,"turns":2},{"damage":8,"enemies":"Looter","floor":13,"turns":2},{"damage":7,"enemies":"3 Sentries","floor":14,"turns":6},{"damage":21,"enemies":"Hexaghost","floor":16,"turns":12}],"seed_played":"-2051528433609925454","potions_obtained":[{"floor":6,"key":"Swift Potion"},{"floor":12,"key":"Dexterity Potion"},{"floor":13,"key":"Swift Potion"}],"is_trial":false,"path_per_floor":["M","?","M","$","?","E","R","E","T","E","R","M","M","E","R","B",null],"character_chosen":"DEFECT","items_purchased":["Weak Potion"],"campfire_rested":1,"item_purchase_floors":[4],"current_hp_per_floor":[75,75,61,61,61,41,41,21,21,2,24,26,20,15,15,21,21],"gold":247,"neow_bonus":"REMOVE_CARD","is_prod":false,"is_daily":false,"chose_seed":false,"campfire_upgraded":2,"win_rate":0,"timestamp":1552144542,"path_taken":["M","?","M","$","?","E","R","E","T","E","R","M","M","E","R","BOSS"],"build_version":"2019-01-23","purchased_purges":1,"victory":false,"max_hp_per_floor":[75,75,75,75,75,75,75,75,75,75,75,75,75,75,75,75,75],"card_choices":[{"not_picked":["Sweeping Beam","Steam"],"picked":"Ball Lightning","floor":1},{"not_picked":["Rebound","Scrape"],"picked":"Go for the Eyes","floor":3},{"not_picked":["Hello World","Redo"],"picked":"Rebound","floor":6},{"not_picked":["Cold Snap","Rainbow"],"picked":"Turbo","floor":8},{"not_picked":["Rip and Tear","Streamline"],"picked":"Coolheaded","floor":10},{"not_picked":["Fusion","Hologram"],"picked":"Reinforced Body","floor":12},{"not_picked":["Heatsinks","Rebound"],"picked":"Steam","floor":13},{"not_picked":["Steam","Rebound","Gash"],"picked":"SKIP","floor":14},{"not_picked":["Amplify","Thunder Strike","Hyperbeam"],"picked":"Electrodynamics","floor":16}],"player_experience":715283,"relics_obtained":[{"floor":6,"key":"Cables"},{"floor":8,"key":"Blood Vial"},{"floor":9,"key":"Sundial"},{"floor":10,"key":"Pantograph"},{"floor":14,"key":"Question Card"}],"event_choices":[{"damage_healed":0,"gold_gain":0,"player_choice":"Box","damage_taken":0,"relics_obtained":["Omamori"],"max_hp_gain":0,"max_hp_loss":0,"event_name":"Big Fish","floor":2,"gold_loss":0,"cards_obtained":["Regret"]},{"cards_removed":["Strike_B"],"damage_healed":0,"gold_gain":0,"player_choice":"Offered Basic","damage_taken":0,"max_hp_gain":0,"max_hp_loss":0,"event_name":"Bonfire Elementals","floor":5,"gold_loss":0}],"is_beta":false,"boss_relics":[],"items_purged_floors":[4],"is_endless":false,"potions_floor_spawned":[6,12,13],"ascension_level":3}