{"gold_per_floor":[115,129,141,141,157,185,185,215,215,244,259,279,279,37,37,37],"floor_reached":16,"playtime":540,"items_purged":["Defend_R"],"score":244,"play_id":"e715c7e4-f0a2-407e-b1f6-ef9de4b53dff","local_time":"20181027172508","is_ascension_mode":true,"campfire_choices":[{"data":"Cleave","floor":7,"key":"SMITH"},{"data":"Shrug It Off","floor":13,"key":"SMITH"},{"data":"True Grit","floor":15,"key":"SMITH"}],"neow_cost":"NONE","seed_source_timestamp":940133168222781,"circlet_count":0,"master_deck":["Strike_R","Strike_R","Strike_R","Strike_R","Strike_R","Defend_R","Defend_R","Defend_R","Bash+1","AscendersBane","Cleave+1","True Grit+1","Whirlwind+1","Shrug It Off","Reaper","Shrug It Off+1"],"relics":["Burning Blood","Pantograph","Mummified Hand","Letter Opener","Bag of Marbles","Regal Pillow"],"potions_floor_usage":[6,10,11,12],"damage_taken":[{"damage":1,"enemies":"Cultist","floor":1,"turns":3},{"damage":0,"enemies":"Small Slimes","floor":2,"turns":4},{"damage":8,"enemies":"2 Louse","floor":3,"turns":4},{"damage":0,"enemies":"Lots of Slimes","floor":5,"turns":1},{"damage":32,"enemies":"Gremlin Nob","floor":6,"turns":4},{"damage":15,"enemies":"3 Sentries","floor":8,"turns":4},{"damage":15,"enemies":"Lagavulin","floor":10,"turns":7},{"damage":0,"enemies":"Exordium Wildlife","floor":11,"turns":1},{"damage":4,"enemies":"Exordium Thugs","floor":12,"turns":2},{"damage":81,"enemies":"Hexaghost","floor":16,"turns":9}],"seed_played":"-411247018729374475","potions_obtained":[{"floor":2,"key":"Fire Potion"},{"floor":3,"key":"PowerPotion"},{"floor":6,"key":"Energy Potion"},{"floor":11,"key":"AttackPotion"}],"is_trial":false,"path_per_floor":["M","M","M","?","M","E","R","E","T","E","M","M","R","$","R"],"character_chosen":"IRONCLAD","items_purchased":["Regal Pillow"],"campfire_rested":0,"item_purchase_floors":[14],"current_hp_per_floor":[73,75,73,73,75,49,49,40,40,39,45,47,47,47,47,0],"gold":37,"neow_bonus":"UPGRADE_CARD","is_prod":false,"is_daily":false,"chose_seed":false,"campfire_upgraded":3,"win_rate":0,"timestamp":1540653908,"path_taken":["M","M","?","?","?","E","R","E","T","E","M","M","R","$","R","BOSS"],"build_version":"2018-10-25v2","purchased_purges":1,"victory":false,"max_hp_per_floor":[75,75,75,75,75,75,75,75,75,75,75,75,75,75,75,75],"card_choices":[{"not_picked":["Armaments","Intimidate"],"picked":"Cleave","floor":1},{"not_picked":["Bloodletting","Dual Wield"],"picked":"True Grit","floor":2},{"not_picked":["Combust","Blood for Blood"],"picked":"Whirlwind","floor":3},{"not_picked":["Iron Wave","Thunderclap"],"picked":"Shrug It Off","floor":5},{"not_picked":["Wild Strike","Twin Strike","Cleave"],"picked":"SKIP","floor":6},{"not_picked":["Fire Breathing","True Grit"],"picked":"Reaper","floor":8},{"not_picked":["Reckless Charge","Sword Boomerang","Body Slam"],"picked":"SKIP","floor":10},{"not_picked":["Havoc","Seeing Red","Twin Strike"],"picked":"SKIP","floor":11},{"not_picked":["Headbutt","Perfected Strike"],"picked":"Shrug It Off","floor":12}],"player_experience":1491943,"relics_obtained":[{"floor":6,"key":"Pantograph"},{"floor":8,"key":"Mummified Hand"},{"floor":9,"key":"Letter Opener"},{"floor":10,"key":"Bag of Marbles"}],"event_choices":[{"damage_healed":0,"gold_gain":0,"player_choice":"Grow","damage_taken":0,"max_hp_gain":0,"max_hp_loss":0,"event_name":"Living Wall","floor":4,"gold_loss":0,"cards_upgraded":["Whirlwind"]}],"is_beta":false,"boss_relics":[],"items_purged_floors":[14],"is_endless":false,"potions_floor_spawned":[2,3,6,11],"killed_by":"Hexaghost","ascension_level":20}