{"gold_per_floor":[109,109,132,155,135,135,170,191,215,238,238,163,163,202,202,301,301,317,330,344,369,387,387,401,206,206,206,241,241],"floor_reached":29,"playtime":1420,"items_purged":["Strike_R","Defend_R"],"score":564,"play_id":"a4f2bc59-1ad2-408d-8aaa-ec31a3f2cf9f","local_time":"20190202230508","is_ascension_mode":true,"campfire_choices":[{"data":"Carnage","floor":6,"key":"SMITH"},{"data":"Feed","floor":11,"key":"SMITH"},{"data":"Spot Weakness","floor":13,"key":"SMITH"},{"data":"Bash","floor":15,"key":"SMITH"},{"floor":23,"key":"REST"},{"floor":27,"key":"REST"}],"neow_cost":"TEN_PERCENT_HP_LOSS","seed_source_timestamp":1546935513911755,"circlet_count":0,"master_deck":["AscendersBane","Defend_R","Defend_R","Bash+1","Burning Pact","Shockwave","Shrug It Off","Clothesline","Carnage+1","Corruption","Spot Weakness+1","Feed+1","Feed","Seeing Red+1","Rage+1","Double Tap+1","Rampage","Battle Trance","Sentinel","Armaments+1","Battle Trance","Evolve","Body Slam+1"],"relics":["Burning Blood","Golden Idol","Regal Pillow","Happy Flower","Art of War","Astrolabe","Question Card","Blue Candle"],"potions_floor_usage":[7,14,18,20,28],"damage_taken":[{"damage":9,"enemies":"Small Slimes","floor":1,"turns":6},{"damage":10,"enemies":"2 Louse","floor":3,"turns":4},{"damage":0,"enemies":"Cultist","floor":4,"turns":4},{"damage":22,"enemies":"Gremlin Nob","floor":7,"turns":4},{"damage":7,"enemies":"Large Slime","floor":8,"turns":5},{"damage":4,"enemies":"Looter","floor":10,"turns":4},{"damage":30,"enemies":"3 Sentries","floor":14,"turns":8},{"damage":26,"enemies":"The Guardian","floor":16,"turns":13},{"damage":12,"enemies":"2 Thieves","floor":18,"turns":4},{"damage":25,"enemies":"Shell Parasite","floor":19,"turns":4},{"damage":29,"enemies":"3 Cultists","floor":20,"turns":6},{"damage":5,"enemies":"Centurion and Healer","floor":21,"turns":5},{"damage":34,"enemies":"Chosen and Byrds","floor":22,"turns":6},{"damage":33,"enemies":"Snake Plant","floor":24,"turns":5},{"damage":60,"enemies":"Slavers","floor":28,"turns":5},{"damage":36,"enemies":"Colosseum Slavers","floor":29,"turns":3}],"seed_played":"8452935050158791841","potions_obtained":[{"floor":4,"key":"SkillPotion"},{"floor":5,"key":"Regen Potion"},{"floor":7,"key":"SpeedPotion"},{"floor":8,"key":"Block Potion"},{"floor":14,"key":"SkillPotion"},{"floor":19,"key":"Dexterity Potion"},{"floor":22,"key":"SteroidPotion"}],"is_trial":false,"path_per_floor":["M","?","M","M","?","R","E","M","T","M","R","$","R","E","R","B",null,"M","M","M","M","M","R","M","$","T","R","E","?"],"character_chosen":"IRONCLAD","items_purchased":["Evolve","PowerPotion"],"campfire_rested":2,"item_purchase_floors":[25,25],"current_hp_per_floor":[65,62,58,62,62,62,51,50,50,52,52,52,52,32,32,16,57,58,43,27,35,14,59,36,36,36,82,35,0],"gold":241,"neow_bonus":"TRANSFORM_TWO_CARDS","is_prod":false,"is_daily":false,"chose_seed":false,"campfire_upgraded":4,"win_rate":0,"timestamp":1549145108,"path_taken":["M","?","M","M","?","R","E","M","T","M","R","$","R","E","R","BOSS","M","?","M","M","M","R","M","$","T","R","E","?"],"build_version":"2019-01-23","purchased_purges":2,"victory":false,"max_hp_per_floor":[68,62,62,62,62,62,62,62,62,62,62,62,62,66,66,70,70,77,81,88,95,102,102,106,106,106,106,113,113],"card_choices":[{"not_picked":["Armaments","Iron Wave"],"picked":"Shrug It Off","floor":1},{"not_picked":["Flex","Burning Pact"],"picked":"Clothesline","floor":3},{"not_picked":["Reckless Charge","Cleave"],"picked":"Carnage","floor":4},{"not_picked":["Armaments","Entrench"],"picked":"Corruption","floor":7},{"not_picked":["Ghostly Armor","Sword Boomerang"],"picked":"Spot Weakness","floor":8},{"not_picked":["Hemokinesis","Warcry"],"picked":"Feed","floor":10},{"not_picked":["Perfected Strike","Clothesline","Armaments"],"picked":"SKIP","floor":14},{"not_picked":["Exhume","Barricade"],"picked":"Feed","floor":16},{"not_picked":["Flex","Rage","Iron Wave"],"picked":"SKIP","floor":18},{"not_picked":["Sentinel","Twin Strike"],"picked":"Rampage","floor":19},{"not_picked":["Inflame","Rupture"],"picked":"Battle Trance","floor":20},{"not_picked":["Sword Boomerang","Wild Strike"],"picked":"Sentinel","floor":21},{"not_picked":["Power Through","Clash"],"picked":"Armaments+1","floor":22},{"not_picked":["Flex","Sword Boomerang"],"picked":"Battle Trance","floor":24},{"not_picked":["Anger","Entrench","Reckless Charge+1"],"picked":"Body Slam+1","floor":28}],"player_experience":1845126,"relics_obtained":[{"floor":7,"key":"Regal Pillow"},{"floor":9,"key":"Happy Flower"},{"floor":14,"key":"Art of War"},{"floor":26,"key":"Question Card"},{"floor":28,"key":"Blue Candle"}],"event_choices":[{"damage_healed":0,"gold_gain":0,"player_choice":"Lose Max HP","damage_taken":0,"relics_obtained":["Golden Idol"],"max_hp_gain":0,"max_hp_loss":6,"event_name":"Golden Idol","floor":2,"gold_loss":0},{"damage_healed":0,"gold_gain":0,"player_choice":"Bought 1 Potion","damage_taken":0,"max_hp_gain":0,"max_hp_loss":0,"event_name":"The Woman in Blue","floor":5,"gold_loss":0},{"damage_healed":0,"gold_gain":0,"player_choice":"Fight","damage_taken":0,"max_hp_gain":0,"max_hp_loss":0,"event_name":"Colosseum","floor":29,"gold_loss":0}],"is_beta":false,"boss_relics":[{"not_picked":["Lizard Tail","Ectoplasm"],"picked":"Astrolabe"}],"items_purged_floors":[12,25],"is_endless":false,"potions_floor_spawned":[4,7,8,14,19,22],"killed_by":"Colosseum Slavers","ascension_level":20}