{"gold_per_floor":[19,19,29,46,46,46,46,46,46,46,46,59,59,93,93,196,196,207,132,42,42,62,62,82,107,107,107,127,137,137,137,137,238,238,249,249,262,280,180,180],"floor_reached":40,"playtime":1222,"items_purged":["Defend_R+1","Strike_R+1"],"score":429,"play_id":"cf737894-2c39-4f8d-8526-ae84f2082935","local_time":"20190309211314","is_ascension_mode":false,"campfire_choices":[{"data":"Bash","floor":6,"key":"SMITH"},{"data":"Clash","floor":8,"key":"SMITH"},{"data":"Strike_R","floor":11,"key":"SMITH"},{"data":"Strike_R","floor":15,"key":"SMITH"},{"floor":23,"key":"REST"},{"floor":27,"key":"REST"},{"floor":30,"key":"REST"},{"floor":32,"key":"REST"}],"neow_cost":"NO_GOLD","seed_source_timestamp":53229250609621,"circlet_count":0,"master_deck":["Strike_R+1","Strike_R+1","Bash+1","Clash+1","Dual Wield+1","Shrug It Off+1"],"relics":["Burning Blood","Pear","Oddly Smooth Stone","Sundial","Empty Cage","Frozen Egg 2","Torii","Black Star"],"potions_floor_usage":[16,16,16,40,40,40],"damage_taken":[{"damage":6,"enemies":"Jaw Worm","floor":1,"turns":5},{"damage":5,"enemies":"Cultist","floor":3,"turns":4},{"damage":3,"enemies":"Small Slimes","floor":4,"turns":3},{"damage":0,"enemies":"2 Fungi Beasts","floor":12,"turns":4},{"damage":14,"enemies":"Gremlin Nob","floor":14,"turns":3},{"damage":23,"enemies":"Slime Boss","floor":16,"turns":8},{"damage":20,"enemies":"2 Thieves","floor":18,"turns":3},{"damage":10,"enemies":"Spheric Guardian","floor":22,"turns":3},{"damage":16,"enemies":"Shelled Parasite and Fungi","floor":24,"turns":3},{"damage":51,"enemies":"Book of Stabbing","floor":25,"turns":4},{"damage":21,"enemies":"Snake Plant","floor":28,"turns":2},{"damage":20,"enemies":"Centurion and Healer","floor":29,"turns":3},{"damage":42,"enemies":"Automaton","floor":33,"turns":6},{"damage":10,"enemies":"Orb Walker","floor":35,"turns":2},{"damage":67,"enemies":"3 Shapes","floor":37,"turns":4},{"damage":7,"enemies":"Transient","floor":38,"turns":5},{"damage":63,"enemies":"Nemesis","floor":40,"turns":4}],"seed_played":"-6787904037142796508","potions_obtained":[{"floor":2,"key":"BloodPotion"},{"floor":2,"key":"Energy Potion"},{"floor":2,"key":"Explosive Potion"},{"floor":14,"key":"SteroidPotion"},{"floor":16,"key":"SneckoOil"},{"floor":22,"key":"Energy Potion"},{"floor":25,"key":"SpeedPotion"},{"floor":38,"key":"EntropicBrew"}],"is_trial":false,"path_per_floor":["M","?","M","M","?","R","?","R","T","$","R","M","?","E","R","B",null,"M","$","?","$","M","R","M","E","T","R","M","M","R","?","R","B",null,"M","?","M","M","$","E"],"character_chosen":"IRONCLAD","items_purchased":[],"campfire_rested":4,"item_purchase_floors":[],"current_hp_per_floor":[80,80,80,80,78,78,83,83,83,83,83,89,70,62,62,45,95,81,81,81,81,77,95,85,40,40,68,53,39,67,67,95,59,95,91,91,30,29,29,0],"gold":180,"neow_bonus":"REMOVE_TWO","is_prod":false,"is_daily":false,"chose_seed":false,"campfire_upgraded":4,"win_rate":0,"timestamp":1552133594,"path_taken":["M","?","?","M","?","R","?","R","T","$","R","M","?","E","R","BOSS","M","$","?","$","?","R","M","E","T","R","M","M","R","?","R","BOSS","M","?","M","M","$","E"],"build_version":"2019-01-23","purchased_purges":2,"victory":false,"max_hp_per_floor":[80,80,80,80,90,90,95,95,95,95,95,95,95,95,95,95,95,95,95,95,95,95,95,95,95,95,95,95,95,95,95,95,95,95,95,95,95,95,95,95],"card_choices":[{"not_picked":["Iron Wave","Hemokinesis","Anger"],"picked":"SKIP","floor":1},{"not_picked":["Armaments","Sword Boomerang","Headbutt"],"picked":"SKIP","floor":3},{"not_picked":["Perfected Strike","Iron Wave"],"picked":"Clash","floor":4},{"not_picked":["Seeing Red","Sword Boomerang","Dark Embrace"],"picked":"SKIP","floor":12},{"not_picked":["Pummel","Sever Soul","Ghostly Armor"],"picked":"SKIP","floor":14},{"not_picked":["Uppercut","Rupture","Spot Weakness"],"picked":"SKIP","floor":18},{"not_picked":["Cleave+1","Wild Strike+1","Anger"],"picked":"SKIP","floor":22},{"not_picked":["Rage","Pummel","Wild Strike"],"picked":"SKIP","floor":24},{"not_picked":["Flex+1","Burning Pact","Rupture"],"picked":"SKIP","floor":25},{"not_picked":["Sword Boomerang","Clothesline","Shockwave+1"],"picked":"SKIP","floor":28},{"not_picked":["Twin Strike","Bloodletting"],"picked":"Dual Wield+1","floor":29},{"not_picked":["Combust+1","Clash","Headbutt+1"],"picked":"SKIP","floor":35},{"not_picked":["Heavy Blade+1","Cleave","Second Wind+1"],"picked":"SKIP","floor":37},{"not_picked":["Heavy Blade","Wild Strike"],"picked":"Shrug It Off+1","floor":38}],"player_experience":266824,"relics_obtained":[{"floor":9,"key":"Oddly Smooth Stone"},{"floor":14,"key":"Sundial"},{"floor":25,"key":"Frozen Egg 2"},{"floor":26,"key":"Torii"}],"event_choices":[{"damage_healed":0,"gold_gain":0,"player_choice":"Got Potions","damage_taken":0,"max_hp_gain":0,"max_hp_loss":0,"event_name":"Lab","floor":2,"gold_loss":0},{"damage_healed":0,"gold_gain":0,"player_choice":"Success","damage_taken":12,"relics_obtained":["Pear"],"max_hp_gain":0,"max_hp_loss":0,"event_name":"Scrap Ooze","floor":5,"gold_loss":0},{"damage_healed":0,"gold_gain":0,"player_choice":"Donut","damage_taken":0,"max_hp_gain":5,"max_hp_loss":0,"event_name":"Big Fish","floor":7,"gold_loss":0},{"damage_healed":0,"gold_gain":0,"player_choice":"Entered Light","damage_taken":19,"max_hp_gain":0,"max_hp_loss":0,"event_name":"Shining Light","floor":13,"gold_loss":0,"cards_upgraded":["Defend_R","Defend_R"]},{"cards_removed":["Defend_R"],"damage_healed":0,"gold_gain":0,"player_choice":"Upgrade and Remove","damage_taken":0,"max_hp_gain":0,"max_hp_loss":0,"event_name":"Designer","floor":20,"gold_loss":90,"cards_upgraded":["Strike_R"]},{"damage_healed":0,"gold_gain":0,"player_choice":"Memory 1","damage_taken":0,"max_hp_gain":0,"max_hp_loss":0,"event_name":"SensoryStone","floor":36,"gold_loss":0}],"is_beta":false,"boss_relics":[{"not_picked":["Tiny House","Astrolabe"],"picked":"Empty Cage"},{"not_picked":["White Beast Statue","Cursed Key"],"picked":"Black Star"}],"items_purged_floors":[19,39],"is_endless":false,"potions_floor_spawned":[12,14,16,22,25,38],"killed_by":"Nemesis","ascension_level":0}