{"gold_per_floor":[113,188,208,283,301,327,327,353,353,353,387,189,189,219,219,319,319,331,138,169],"floor_reached":20,"playtime":1533,"items_purged":["Strike_R","Strike_R"],"score":228,"play_id":"94e427c8-c7a8-46e8-8588-90f8dfab107a","local_time":"20190306024533","is_ascension_mode":true,"campfire_choices":[{"data":"Bludgeon","floor":7,"key":"SMITH"},{"data":"Armaments","floor":10,"key":"SMITH"},{"floor":15,"key":"REST"}],"neow_cost":"NONE","seed_source_timestamp":58740313932077,"circlet_count":0,"master_deck":["Strike_R","Strike_R","Strike_R","Defend_R","Defend_R+1","Defend_R","Defend_R+1","Bash","Wild Strike","Armaments+1","Bludgeon+1","Rampage","Iron Wave","Impervious","Metallicize","True Grit","Headbutt","Reaper","Inflame","Shrug It Off","Disarm"],"relics":["Burning Blood","NeowsBlessing","Shuriken","Singing Bowl","Kunai","War Paint","Dodecahedron","Matryoshka","Mark of Pain","Red Mask"],"potions_floor_usage":[6],"damage_taken":[{"damage":0,"enemies":"Jaw Worm","floor":1,"turns":1},{"damage":0,"enemies":"2 Louse","floor":3,"turns":1},{"damage":0,"enemies":"Cultist","floor":5,"turns":1},{"damage":16,"enemies":"Gremlin Nob","floor":6,"turns":3},{"damage":25,"enemies":"3 Sentries","floor":8,"turns":7},{"damage":27,"enemies":"Gremlin Nob","floor":11,"turns":4},{"damage":18,"enemies":"Lagavulin","floor":14,"turns":8},{"damage":24,"enemies":"The Guardian","floor":16,"turns":13},{"damage":4,"enemies":"2 Thieves","floor":18,"turns":4},{"damage":75,"enemies":"Masked Bandits","floor":20,"turns":8}],"seed_played":"-6750818903586071606","potions_obtained":[{"floor":5,"key":"FearPotion"},{"floor":8,"key":"Regen Potion"},{"floor":11,"key":"LiquidBronze"},{"floor":16,"key":"GamblersBrew"},{"floor":18,"key":"Swift Potion"}],"is_trial":false,"path_per_floor":["M","?","M","?","M","E","R","E","T","R","E","$","?","E","R","B",null,"M","$","?"],"character_chosen":"IRONCLAD","items_purchased":["Metallicize","True Grit","Shrug It Off","Disarm"],"campfire_rested":1,"item_purchase_floors":[12,12,19,19],"current_hp_per_floor":[80,69,75,67,73,63,63,44,44,44,23,23,23,11,35,17,80,80,80,21],"gold":169,"neow_bonus":"THREE_ENEMY_KILL","is_prod":false,"is_daily":false,"chose_seed":false,"campfire_upgraded":2,"win_rate":0,"timestamp":1551833133,"path_taken":["M","?","M","?","?","E","R","E","T","R","E","$","?","E","R","BOSS","M","$","?"],"build_version":"2019-01-23","purchased_purges":2,"victory":false,"max_hp_per_floor":[80,80,80,80,80,80,80,80,80,80,80,80,80,80,80,80,80,80,80,80],"card_choices":[{"not_picked":["Perfected Strike","Anger"],"picked":"Wild Strike","floor":1},{"not_picked":["True Grit","Anger"],"picked":"Armaments","floor":3},{"not_picked":["Sever Soul","Clash"],"picked":"Bludgeon","floor":5},{"not_picked":["Battle Trance","Burning Pact"],"picked":"Rampage","floor":6},{"not_picked":["Pummel","Body Slam"],"picked":"Iron Wave","floor":8},{"not_picked":["Warcry","Burning Pact"],"picked":"Impervious","floor":11},{"not_picked":["Hemokinesis","True Grit"],"picked":"Headbutt","floor":14},{"not_picked":["Exhume","Double Tap"],"picked":"Reaper","floor":16},{"not_picked":["Burning Pact","Seeing Red"],"picked":"Inflame","floor":18}],"player_experience":663786,"relics_obtained":[{"floor":6,"key":"Shuriken"},{"floor":8,"key":"Singing Bowl"},{"floor":9,"key":"Kunai"},{"floor":11,"key":"War Paint"},{"floor":14,"key":"Matryoshka"},{"floor":20,"key":"Red Mask"}],"event_choices":[{"damage_healed":0,"gold_gain":75,"player_choice":"Gather Gold","damage_taken":11,"max_hp_gain":0,"max_hp_loss":0,"event_name":"World of Goop","floor":2,"gold_loss":0},{"damage_healed":0,"gold_gain":75,"player_choice":"Touch","damage_taken":8,"max_hp_gain":0,"max_hp_loss":0,"event_name":"FaceTrader","floor":4,"gold_loss":0},{"damage_healed":0,"gold_gain":0,"player_choice":"Gave Potion","damage_taken":0,"relics_obtained":["Dodecahedron"],"max_hp_gain":0,"max_hp_loss":0,"event_name":"WeMeetAgain","floor":13,"gold_loss":0},{"damage_healed":0,"gold_gain":0,"player_choice":"Fought Bandits","damage_taken":0,"max_hp_gain":0,"max_hp_loss":0,"event_name":"Masked Bandits","floor":20,"gold_loss":0}],"is_beta":false,"boss_relics":[{"not_picked":["Snecko Eye","Lizard Tail"],"picked":"Mark of Pain"}],"items_purged_floors":[12,19],"is_endless":false,"potions_floor_spawned":[5,8,11,16,18],"killed_by":"Masked Bandits","ascension_level":3}