{"gold_per_floor":[113,113,131,131,156,194,194,214,214,214,25,39,70,93,93,93],"floor_reached":16,"playtime":1656,"items_purged":["Strike_R"],"score":224,"play_id":"c66ad6e9-763e-4ff2-965c-cbccca05e3f8","local_time":"20190207222119","is_ascension_mode":true,"campfire_choices":[{"data":"Bash","floor":7,"key":"SMITH"},{"data":"Spot Weakness","floor":15,"key":"SMITH"}],"neow_cost":"NONE","seed_source_timestamp":1976119612217544,"circlet_count":0,"master_deck":["AscendersBane","Strike_R","Strike_R","Strike_R","Strike_R","Defend_R","Defend_R","Defend_R","Defend_R","Bash+1","Pummel","Battle Trance","Offering","Shrug It Off","Spot Weakness+1","Corruption","Shrug It Off"],"relics":["Burning Blood","Centennial Puzzle","Lantern","Golden Idol","The Courier","Pen Nib","Art of War","Vajra"],"potions_floor_usage":[6,13,13,13,16],"damage_taken":[{"damage":9,"enemies":"2 Louse","floor":1,"turns":4},{"damage":7,"enemies":"Jaw Worm","floor":3,"turns":3},{"damage":0,"enemies":"Cultist","floor":5,"turns":3},{"damage":32,"enemies":"Gremlin Nob","floor":6,"turns":4},{"damage":11,"enemies":"Blue Slaver","floor":8,"turns":6},{"damage":6,"enemies":"Looter","floor":12,"turns":2},{"damage":8,"enemies":"3 Sentries","floor":13,"turns":3},{"damage":8,"enemies":"Lots of Slimes","floor":14,"turns":3},{"damage":73,"enemies":"Slime Boss","floor":16,"turns":9}],"seed_played":"854452552501099488","potions_obtained":[{"floor":1,"key":"Fire Potion"},{"floor":6,"key":"Explosive Potion"},{"floor":12,"key":"EntropicBrew"},{"floor":13,"key":"Dexterity Potion"}],"is_trial":false,"path_per_floor":["M","?","M","?","M","E","R","M","T","?","$","M","E","M","R","B"],"character_chosen":"IRONCLAD","items_purchased":["Art of War"],"campfire_rested":0,"item_purchase_floors":[11],"current_hp_per_floor":[65,54,53,53,59,33,33,28,28,68,68,68,66,64,64,0],"gold":93,"neow_bonus":"RANDOM_COMMON_RELIC","is_prod":false,"is_daily":false,"chose_seed":false,"campfire_upgraded":2,"win_rate":0,"timestamp":1549574479,"path_taken":["M","?","M","?","M","E","R","M","T","?","$","M","E","M","R","BOSS"],"build_version":"2019-01-23","purchased_purges":1,"victory":false,"max_hp_per_floor":[75,75,75,68,68,68,68,68,68,68,68,68,68,68,68,68],"card_choices":[{"not_picked":["Rage","Havoc"],"picked":"Pummel","floor":1},{"not_picked":["Clash","Shockwave"],"picked":"Pummel","floor":3},{"not_picked":["Havoc","Shrug It Off"],"picked":"Battle Trance","floor":5},{"not_picked":["Metallicize","Perfected Strike"],"picked":"Offering","floor":6},{"not_picked":["Hemokinesis","Iron Wave"],"picked":"Shrug It Off","floor":8},{"not_picked":["Combust","Body Slam"],"picked":"Spot Weakness","floor":12},{"not_picked":["Hemokinesis","Seeing Red"],"picked":"Corruption","floor":13},{"not_picked":["Havoc","Cleave"],"picked":"Shrug It Off","floor":14}],"player_experience":1870811,"relics_obtained":[{"floor":6,"key":"The Courier"},{"floor":9,"key":"Pen Nib"},{"floor":13,"key":"Vajra"}],"event_choices":[{"damage_healed":0,"gold_gain":0,"player_choice":"Success","damage_taken":11,"relics_obtained":["Lantern"],"max_hp_gain":0,"max_hp_loss":0,"event_name":"Scrap Ooze","floor":2,"gold_loss":0},{"damage_healed":0,"gold_gain":0,"player_choice":"Lose Max HP","damage_taken":0,"relics_obtained":["Golden Idol"],"max_hp_gain":0,"max_hp_loss":7,"event_name":"Golden Idol","floor":4,"gold_loss":0},{"cards_removed":["Pummel"],"damage_healed":40,"gold_gain":0,"player_choice":"Offered Uncommon","damage_taken":0,"max_hp_gain":0,"max_hp_loss":0,"event_name":"Bonfire Elementals","floor":10,"gold_loss":0}],"is_beta":false,"boss_relics":[],"items_purged_floors":[11],"is_endless":false,"potions_floor_spawned":[1,6,12,13],"killed_by":"Slime Boss","ascension_level":20}