{"gold_per_floor":[119,119,133,58,76,76,89,89,89,104,104,104,118,138,138,138],"floor_reached":16,"playtime":325,"items_purged":["Defend_R"],"score":94,"play_id":"a2d91f16-0404-444b-a066-1b4002686221","local_time":"20190309064459","is_ascension_mode":false,"campfire_choices":[{"data":"Thunderclap","floor":6,"key":"SMITH"},{"data":"Bash","floor":8,"key":"SMITH"},{"data":"Flex","floor":15,"key":"SMITH"}],"neow_cost":"NONE","seed_source_timestamp":2032558369355,"circlet_count":0,"master_deck":["Strike_R","Strike_R","Strike_R","Strike_R","Strike_R","Defend_R","Defend_R","Defend_R","Bash+1","Thunderclap+1","Warcry","Flex+1"],"relics":["Burning Blood","NeowsBlessing","Singing Bowl"],"potions_floor_usage":[16,16],"damage_taken":[{"damage":0,"enemies":"2 Louse","floor":1,"turns":1},{"damage":0,"enemies":"Cultist","floor":3,"turns":1},{"damage":0,"enemies":"Small Slimes","floor":5,"turns":1},{"damage":15,"enemies":"Looter","floor":7,"turns":3},{"damage":18,"enemies":"Lots of Slimes","floor":10,"turns":3},{"damage":16,"enemies":"Large Slime","floor":13,"turns":5},{"damage":15,"enemies":"Exordium Wildlife","floor":14,"turns":3},{"damage":67,"enemies":"The Guardian","floor":16,"turns":8}],"seed_played":"7452826025957378966","potions_obtained":[{"floor":7,"key":"FearPotion"},{"floor":10,"key":"Block Potion"}],"is_trial":false,"path_per_floor":["M","?","M","$","M","R","M","R","T","M","?","?","M","M","R","B"],"character_chosen":"IRONCLAD","items_purchased":[],"campfire_rested":0,"item_purchase_floors":[],"current_hp_per_floor":[80,80,80,80,80,80,71,71,71,61,81,79,69,60,60,0],"gold":138,"neow_bonus":"THREE_ENEMY_KILL","is_prod":false,"is_daily":false,"chose_seed":false,"campfire_upgraded":3,"win_rate":0,"timestamp":1552081499,"path_taken":["M","?","M","$","?","R","M","R","T","M","?","?","M","M","R","BOSS"],"build_version":"2019-01-23","purchased_purges":1,"victory":false,"max_hp_per_floor":[80,80,80,80,80,80,80,80,80,82,82,79,79,79,79,79],"card_choices":[{"not_picked":["Heavy Blade","Clothesline","Shrug It Off"],"picked":"SKIP","floor":1},{"not_picked":["Shrug It Off","Armaments","Disarm"],"picked":"SKIP","floor":3},{"not_picked":["Iron Wave","Dual Wield"],"picked":"Thunderclap","floor":5},{"not_picked":["Burning Pact","Headbutt","Shrug It Off"],"picked":"SKIP","floor":7},{"not_picked":["Cleave","Anger","Exhume"],"picked":"Singing Bowl","floor":10},{"not_picked":["Searing Blow","Clothesline"],"picked":"Warcry","floor":13},{"not_picked":["Searing Blow","True Grit"],"picked":"Flex","floor":14}],"player_experience":238611,"relics_obtained":[{"floor":9,"key":"Singing Bowl"}],"event_choices":[{"damage_healed":0,"gold_gain":0,"player_choice":"Ignored","damage_taken":0,"max_hp_gain":0,"max_hp_loss":0,"event_name":"NoteForYourself","floor":2,"gold_loss":0},{"damage_healed":20,"gold_gain":0,"player_choice":"Healed and dodged fight","damage_taken":0,"max_hp_gain":0,"max_hp_loss":0,"event_name":"Mushrooms","floor":11,"gold_loss":0,"cards_obtained":["Parasite"]},{"cards_removed":["Parasite"],"damage_healed":0,"gold_gain":0,"player_choice":"Forget","damage_taken":0,"max_hp_gain":0,"max_hp_loss":0,"event_name":"Living Wall","floor":12,"gold_loss":0}],"is_beta":false,"boss_relics":[],"items_purged_floors":[4],"is_endless":false,"potions_floor_spawned":[7,10],"killed_by":"The Guardian","ascension_level":0}