{"gold_per_floor":[117,127,127,127,141,166,166,199,199,219,14,14,14,50,50,50],"floor_reached":16,"playtime":883,"items_purged":["Strike_G"],"score":212,"play_id":"250bb63e-ec0c-48da-98fc-6767d9c604c8","local_time":"20180926214326","is_ascension_mode":true,"campfire_choices":[{"data":"Crippling Poison","floor":12,"key":"SMITH"},{"data":"Dagger Spray","floor":15,"key":"SMITH"}],"neow_cost":"PERCENT_DAMAGE","seed_source_timestamp":606270866463507,"circlet_count":0,"master_deck":["Defend_G","Defend_G","Defend_G","Defend_G","Strike_G","Strike_G","Strike_G","Survivor","Neutralize","AscendersBane","Escape Plan","Dash+1","PiercingWail","Dagger Spray+1","Leg Sweep","PiercingWail","Wraith Form v2","Crippling Poison+1"],"relics":["Ring of the Snake","Darkstone Periapt","Golden Idol","PreservedInsect","Mummified Hand","Potion Belt"],"potions_floor_usage":[8,14,16],"damage_taken":[{"damage":0,"enemies":"2 Louse","floor":1,"turns":3},{"damage":0,"enemies":"Cultist","floor":2,"turns":3},{"damage":0,"enemies":"Small Slimes","floor":5,"turns":5},{"damage":19,"enemies":"Gremlin Nob","floor":6,"turns":5},{"damage":2,"enemies":"3 Sentries","floor":8,"turns":11},{"damage":0,"enemies":"Blue Slaver","floor":10,"turns":6},{"damage":14,"enemies":"Lagavulin","floor":14,"turns":7},{"damage":26,"enemies":"Slime Boss","floor":16,"turns":11}],"seed_played":"-8924519719605681292","potions_obtained":[{"floor":5,"key":"GamblersBrew"},{"floor":6,"key":"SteroidPotion"}],"is_trial":false,"path_per_floor":["M","M","?","?","M","E","?","E","T","M","$","R","?","E","R"],"character_chosen":"THE_SILENT","items_purchased":["Crippling Poison","Regen Potion"],"campfire_rested":0,"item_purchase_floors":[11,11],"current_hp_per_floor":[44,44,44,44,44,25,25,23,23,23,23,23,23,24,24,0],"gold":50,"neow_bonus":"TRANSFORM_TWO_CARDS","is_prod":false,"is_daily":false,"chose_seed":false,"campfire_upgraded":2,"win_rate":0,"timestamp":1537991006,"path_taken":["M","M","?","?","?","E","?","E","T","M","$","R","?","E","R","BOSS"],"build_version":"2018-09-20","purchased_purges":1,"victory":false,"max_hp_per_floor":[66,66,66,66,66,66,60,60,60,60,60,60,60,60,60,60],"card_choices":[{"not_picked":["Poisoned Stab","Outmaneuver"],"picked":"Dash","floor":1},{"not_picked":["Blade Dance","Flying Knee"],"picked":"PiercingWail","floor":2},{"not_picked":["Heel Hook","Slice"],"picked":"Dagger Spray","floor":5},{"not_picked":["Slice","Backflip"],"picked":"Leg Sweep","floor":6},{"not_picked":["Dagger Throw","Flechettes"],"picked":"PiercingWail","floor":8},{"not_picked":["Cloak And Dagger","Catalyst"],"picked":"Wraith Form v2","floor":10},{"not_picked":["Choke","Dagger Spray","Dodge and Roll"],"picked":"SKIP","floor":14}],"player_experience":1250910,"relics_obtained":[{"floor":6,"key":"Darkstone Periapt"},{"floor":8,"key":"PreservedInsect"},{"floor":9,"key":"Mummified Hand"},{"floor":14,"key":"Potion Belt"}],"event_choices":[{"event_name":"Purifier","player_choice":"One Purge","floor":3,"damage_taken":0},{"event_name":"Living Wall","player_choice":"Grow","floor":4,"damage_taken":0},{"event_name":"Golden Idol","player_choice":"Lose Max HP","floor":7,"damage_taken":0},{"event_name":"The Cleric","player_choice":"Leave","floor":13,"damage_taken":0}],"is_beta":false,"boss_relics":[],"items_purged_floors":[11],"is_endless":false,"potions_floor_spawned":[5,6],"killed_by":"Slime Boss","ascension_level":16}