{"gold_per_floor":[116,127,103,103,24,24,24,38,114,133,133,150,75,92,92,189,189,207,207,207,306,321,321,21,31,31,44,44,56,56,74,74,74],"floor_reached":33,"playtime":1697,"items_purged":["Defend_R"],"score":264,"play_id":"aa345ab9-041c-4842-9f40-63311dbba685","local_time":"20190309104427","is_ascension_mode":false,"campfire_choices":[{"data":"Flex","floor":6.0,"key":"SMITH"},{"data":"Rupture","floor":11.0,"key":"SMITH"},{"data":"Armaments","floor":15.0,"key":"SMITH"},{"data":"Limit Break","floor":23.0,"key":"SMITH"},{"floor":32.0,"key":"DIG"}],"neow_cost":"TEN_PERCENT_HP_LOSS","seed_source_timestamp":14953814499018,"circlet_count":0,"master_deck":["Strike_R","Strike_R","Strike_R","Strike_R","Defend_R","Bash","Armaments+1","Flex+1","Headbutt","Battle Trance","Disarm","Rupture+1","Flex","Thunderclap","Limit Break+1","Flex","Ghostly","Ghostly","Ghostly","Ghostly","Ghostly","Warcry+1","Dark Embrace","Whirlwind","Sword Boomerang","Sword Boomerang+1"],"special_seed":0,"relics":["Black Blood","Turnip","Mummified Hand","Shovel","Letter Opener","Thread and Needle"],"potions_floor_usage":[],"damage_taken":[{"damage":11.0,"enemies":"Jaw Worm","floor":1.0,"turns":4.0},{"damage":6.0,"enemies":"Cultist","floor":2.0,"turns":3.0},{"damage":7.0,"enemies":"2 Louse","floor":8.0,"turns":2.0},{"damage":14.0,"enemies":"2 Fungi Beasts","floor":10.0,"turns":3.0},{"damage":11.0,"enemies":"Looter","floor":12.0,"turns":3.0},{"damage":3.0,"enemies":"Large Slime","floor":14.0,"turns":5.0},{"damage":25.0,"enemies":"Hexaghost","floor":16.0,"turns":9.0},{"damage":33.0,"enemies":"2 Thieves","floor":18.0,"turns":3.0},{"damage":10.0,"enemies":"Spheric Guardian","floor":22.0,"turns":6.0},{"damage":28.0,"enemies":"3 Cultists","floor":25.0,"turns":7.0},{"damage":14.0,"enemies":"Centurion and Healer","floor":27.0,"turns":7.0},{"damage":4.0,"enemies":"Snecko","floor":29.0,"turns":7.0},{"damage":15.0,"enemies":"Shelled Parasite and Fungi","floor":31.0,"turns":6.0},{"damage":29,"enemies":"Collector","floor":33,"turns":7}],"seed_played":"-4586161059495081303","potions_obtained":[{"floor":1.0,"key":"Strength Potion"},{"floor":12.0,"key":"SteroidPotion"},{"floor":14.0,"key":"Explosive Potion"},{"floor":16.0,"key":"Explosive Potion"},{"floor":22.0,"key":"Swift Potion"},{"floor":27.0,"key":"Ancient Potion"},{"floor":29.0,"key":"LiquidBronze"}],"is_trial":false,"path_per_floor":["M","M","$","?","$","R","?","M","T","M","R","M","$","M","R","B",null,"M","?","?","?","M","R","$","M","T","M","?","M","?","M","R","B"],"character_chosen":"IRONCLAD","items_purchased":["Headbutt","Battle Trance","Shovel"],"campfire_rested":0,"item_purchase_floors":[3,5,24],"current_hp_per_floor":[67,67,67,60,60,60,60,59,59,51,51,46,46,49,49,30,72,49,36,36,36,36,36,36,18,18,14,14,20,20,15,15,0],"gold":74,"neow_bonus":"ONE_RARE_RELIC","is_prod":false,"is_daily":false,"chose_seed":false,"campfire_upgraded":4,"win_rate":0,"timestamp":1552095867,"path_taken":["M","M","$","?","$","R","?","?","T","M","R","M","$","M","R","BOSS","M","?","?","?","M","R","$","M","T","M","?","?","?","M","R","BOSS"],"build_version":"2019-01-23","purchased_purges":1,"victory":false,"max_hp_per_floor":[72,72,72,72,72,72,72,72,72,72,72,72,72,72,72,72,72,72,36,36,36,36,36,36,36,36,36,36,36,36,36,36,36],"card_choices":[{"not_picked":["Burning Pact","Intimidate"],"picked":"Armaments","floor":1.0},{"not_picked":["Evolve","Headbutt"],"picked":"Flex","floor":2.0},{"not_picked":["Cleave","Twin Strike"],"picked":"Disarm","floor":8.0},{"not_picked":["Dropkick","Brutality"],"picked":"Rupture","floor":10.0},{"not_picked":["Inflame","Warcry"],"picked":"Flex","floor":12.0},{"not_picked":["Reckless Charge","Pommel Strike"],"picked":"Thunderclap","floor":14.0},{"not_picked":["Brutality","Reaper"],"picked":"Limit Break","floor":16.0},{"not_picked":["Sentinel","Hemokinesis+1"],"picked":"Flex","floor":18.0},{"not_picked":["Clothesline+1","Perfected Strike+1"],"picked":"Warcry+1","floor":22.0},{"not_picked":["Dropkick","Armaments"],"picked":"Dark Embrace","floor":25.0},{"not_picked":["Body Slam+1","Heavy Blade"],"picked":"Whirlwind","floor":27.0},{"not_picked":["Wild Strike","Shockwave+1"],"picked":"Sword Boomerang","floor":29.0},{"not_picked":["Thunderclap","Ghostly Armor"],"picked":"Sword Boomerang+1","floor":31.0}],"player_experience":251098,"relics_obtained":[{"floor":9.0,"key":"Mummified Hand"},{"floor":26.0,"key":"Letter Opener"},{"floor":32.0,"key":"Thread and Needle"}],"event_choices":[{"cards_removed":["Strike_R"],"damage_healed":0.0,"max_hp_gain":0.0,"max_hp_loss":0.0,"gold_gain":0.0,"event_name":"Golden Wing","player_choice":"Card Removal","floor":4.0,"gold_loss":0.0,"damage_taken":7.0},{"cards_removed":["Defend_R"],"damage_healed":0.0,"max_hp_gain":0.0,"max_hp_loss":0.0,"gold_gain":0.0,"event_name":"Bonfire Elementals","player_choice":"Offered Basic","floor":7.0,"gold_loss":0.0,"damage_taken":0.0},{"damage_healed":0.0,"max_hp_gain":0.0,"max_hp_loss":36.0,"gold_gain":0.0,"event_name":"Ghosts","player_choice":"Became a Ghost","floor":19.0,"gold_loss":0.0,"damage_taken":0.0,"cards_obtained":["Ghostly","Ghostly","Ghostly","Ghostly","Ghostly"]},{"cards_removed":["Defend_R"],"damage_healed":0.0,"max_hp_gain":0.0,"max_hp_loss":0.0,"gold_gain":0.0,"event_name":"Back to Basics","player_choice":"Elegance","floor":20.0,"gold_loss":0.0,"damage_taken":0.0},{"damage_healed":0.0,"max_hp_gain":0.0,"max_hp_loss":0.0,"gold_gain":99.0,"event_name":"Nest","player_choice":"Stole From Cult","floor":21.0,"gold_loss":0.0,"damage_taken":0.0},{"damage_healed":0.0,"max_hp_gain":0.0,"max_hp_loss":0.0,"gold_gain":0.0,"event_name":"Beggar","player_choice":"Ignored","floor":28.0,"gold_loss":0.0,"damage_taken":0.0},{"damage_healed":0.0,"max_hp_gain":0.0,"max_hp_loss":0.0,"gold_gain":0.0,"event_name":"Vampires","player_choice":"Ignored","floor":30.0,"gold_loss":0.0,"damage_taken":0.0}],"is_beta":false,"boss_relics":[{"not_picked":["Runic Dome","Fusion Hammer"],"picked":"Black Blood"}],"items_purged_floors":[13],"is_endless":false,"potions_floor_spawned":[1,12,14,16,22,27,29],"killed_by":"Collector","ascension_level":0}