{"gold_per_floor":[110,185,185,31,47,47,80,99,99,11,25,25,25,51,51,122,122,137,137,156,172,172,172],"floor_reached":23,"playtime":1148,"items_purged":["Strike_G"],"score":398,"play_id":"d7feb99a-48fe-4005-9d52-b4519057f2a8","local_time":"20190302005059","is_ascension_mode":true,"campfire_choices":[{"data":"Noxious Fumes","floor":6,"key":"SMITH"},{"data":"Skewer","floor":13,"key":"SMITH"},{"data":"A Thousand Cuts","floor":15,"key":"SMITH"}],"neow_cost":"NONE","seed_source_timestamp":1134433493096030,"circlet_count":0,"master_deck":["AscendersBane","Defend_G","Defend_G","Defend_G","Defend_G","Defend_G","Strike_G","Strike_G","Strike_G","Survivor","Neutralize","Doppelganger","Quick Slash","PiercingWail","Noxious Fumes+1","Well Laid Plans","Well Laid Plans","Skewer+1","A Thousand Cuts+1","Wraith Form v2","Caltrops","Wraith Form v2"],"relics":["Ring of the Snake","Bottled Lightning","Strawberry","Pantograph","Fusion Hammer","CultistMask"],"potions_floor_usage":[18,20,23],"damage_taken":[{"damage":0,"enemies":"Cultist","floor":1,"turns":4},{"damage":0,"enemies":"Jaw Worm","floor":5,"turns":6},{"damage":12,"enemies":"Lagavulin","floor":7,"turns":8},{"damage":0,"enemies":"Small Slimes","floor":8,"turns":4},{"damage":0,"enemies":"Red Slaver","floor":11,"turns":6},{"damage":15,"enemies":"3 Sentries","floor":14,"turns":9},{"damage":4,"enemies":"The Guardian","floor":16,"turns":11},{"damage":19,"enemies":"Shell Parasite","floor":18,"turns":7},{"damage":14,"enemies":"2 Thieves","floor":20,"turns":4},{"damage":9,"enemies":"Centurion and Healer","floor":21,"turns":6},{"damage":26,"enemies":"Book of Stabbing","floor":23,"turns":5}],"seed_played":"-4466896934787794954","potions_obtained":[{"floor":7,"key":"Weak Potion"},{"floor":11,"key":"PowerPotion"},{"floor":18,"key":"AttackPotion"}],"is_trial":false,"path_per_floor":["M","?","?","$","M","R","E","M","T","$","M","$","R","E","R","B",null,"M","?","M","M","?","E"],"character_chosen":"THE_SILENT","items_purchased":["Noxious Fumes","Well Laid Plans"],"campfire_rested":0,"item_purchase_floors":[4,10],"current_hp_per_floor":[59,48,48,48,48,48,36,36,43,43,43,43,43,28,28,49,67,48,48,34,25,25,0],"gold":172,"neow_bonus":"ONE_RANDOM_RARE_CARD","is_prod":false,"is_daily":false,"chose_seed":false,"campfire_upgraded":3,"win_rate":0,"timestamp":1551484259,"path_taken":["M","?","?","$","M","R","E","?","T","$","M","?","R","E","R","BOSS","M","?","?","M","?","E"],"build_version":"2019-01-23","purchased_purges":1,"victory":false,"max_hp_per_floor":[66,66,66,66,66,66,66,66,73,73,73,73,73,73,73,73,73,73,73,73,73,73,73],"card_choices":[{"not_picked":["Reflex","Eviscerate"],"picked":"Quick Slash","floor":1},{"not_picked":["Distraction","Poisoned Stab"],"picked":"Well Laid Plans","floor":5},{"not_picked":["Deflect","Reflex","Dagger Throw"],"picked":"SKIP","floor":7},{"not_picked":["All Out Attack","Flechettes","Underhanded Strike"],"picked":"SKIP","floor":8},{"not_picked":["Flechettes","Calculated Gamble"],"picked":"Skewer","floor":11},{"not_picked":["Terror","Blur"],"picked":"A Thousand Cuts","floor":14},{"not_picked":["Storm of Steel","Envenom"],"picked":"Wraith Form v2","floor":16},{"not_picked":["Terror","Poisoned Stab","Expertise"],"picked":"SKIP","floor":18},{"not_picked":["Underhanded Strike","Outmaneuver","Quick Slash"],"picked":"SKIP","floor":20},{"not_picked":["Dagger Spray","Underhanded Strike+1"],"picked":"Caltrops","floor":21}],"player_experience":1953758,"relics_obtained":[{"floor":7,"key":"Bottled Lightning"},{"floor":9,"key":"Strawberry"},{"floor":14,"key":"Pantograph"}],"event_choices":[{"damage_healed":0,"gold_gain":75,"player_choice":"Gather Gold","damage_taken":11,"max_hp_gain":0,"max_hp_loss":0,"event_name":"World of Goop","floor":2,"gold_loss":0},{"damage_healed":0,"gold_gain":0,"cards_transformed":["Strike_G"],"player_choice":"Transformed","damage_taken":0,"max_hp_gain":0,"max_hp_loss":0,"event_name":"Transmorgrifier","floor":3,"gold_loss":0,"cards_obtained":["PiercingWail"]},{"damage_healed":0,"gold_gain":0,"player_choice":"Trade","damage_taken":0,"relics_obtained":["CultistMask"],"max_hp_gain":0,"max_hp_loss":0,"event_name":"FaceTrader","floor":19,"gold_loss":0},{"damage_healed":0,"gold_gain":0,"player_choice":"Copied","damage_taken":0,"max_hp_gain":0,"max_hp_loss":0,"event_name":"Duplicator","floor":22,"gold_loss":0,"cards_obtained":["Wraith Form v2"]}],"is_beta":false,"boss_relics":[{"not_picked":["Empty Cage","Eternal Feather"],"picked":"Fusion Hammer"}],"items_purged_floors":[4],"is_endless":false,"potions_floor_spawned":[7,11,18],"killed_by":"Book of Stabbing","ascension_level":20}