{"gold_per_floor":[114,134,147,72,92,92,121,121,121,134,134,163,174,209,209,285,285,295,345,345,42,60,88,114,149,149,149,164,164,89,119,119,193,193,206,217,57,109,122,122,157,157,157,186,211,245,259,287,287,287,287,287,287,80,111,111],"floor_reached":56,"playtime":3482,"items_purged":["Strike_B","Defend_B"],"score":2282,"play_id":"c3f2d5d7-920d-4311-9048-6093f92d613a","local_time":"20190218051437","is_ascension_mode":true,"campfire_choices":[{"data":"Ball Lightning","floor":6,"key":"SMITH"},{"data":"Self Repair","floor":8,"key":"SMITH"},{"data":"Reboot","floor":15,"key":"SMITH"},{"data":"Electrodynamics","floor":27,"key":"SMITH"},{"data":"Coolheaded","floor":29,"key":"SMITH"},{"data":"Capacitor","floor":32,"key":"SMITH"},{"floor":40,"key":"REST"},{"data":"Buffer","floor":42,"key":"SMITH"},{"floor":49,"key":"RECALL"},{"data":"Turbo","floor":53,"key":"SMITH"}],"neow_cost":"TEN_PERCENT_HP_LOSS","seed_source_timestamp":110976254802360,"circlet_count":0,"master_deck":["AscendersBane","Defend_B","Defend_B","Zap","Ball Lightning+1","Self Repair+1","Chill","Reboot+1","Ball Lightning+1","Glacier","Compile Driver+1","Echo Form","Electrodynamics+1","Capacitor+1","Defragment+1","Coolheaded+1","Buffer+1","All For One+1","Darkness+1","Static Discharge+1","Conserve Battery","Hologram+1","Turbo+1","BootSequence","Chill","Conserve Battery+1","Glacier+1","Defragment+1","Stack+1","Coolheaded+1","Conserve Battery+1"],"relics":["Cracked Core","Pocketwatch","Lantern","PreservedInsect","Kunai","Oddly Smooth Stone","Runic Dome","OrangePellets","Pear","Vajra","Bag of Marbles","Anchor","Omamori","Astrolabe","Potion Belt","Du-Vu Doll","Gremlin Horn","Toxic Egg 2","Blood Vial","Whetstone","Juzu Bracelet","Boot"],"potions_floor_usage":[7,7,22,25,31,55,56,56,56],"damage_taken":[{"damage":0,"enemies":"Cultist","floor":1,"turns":2},{"damage":0,"enemies":"Small Slimes","floor":2,"turns":3},{"damage":2,"enemies":"Jaw Worm","floor":3,"turns":3},{"damage":1,"enemies":"2 Fungi Beasts","floor":5,"turns":3},{"damage":20,"enemies":"Gremlin Nob","floor":7,"turns":4},{"damage":1,"enemies":"Blue Slaver","floor":10,"turns":6},{"damage":5,"enemies":"3 Sentries","floor":12,"turns":5},{"damage":4,"enemies":"Gremlin Gang","floor":13,"turns":5},{"damage":8,"enemies":"Lagavulin","floor":14,"turns":5},{"damage":2,"enemies":"The Guardian","floor":16,"turns":13},{"damage":9,"enemies":"Shell Parasite","floor":18,"turns":6},{"damage":27,"enemies":"2 Thieves","floor":22,"turns":4},{"damage":7,"enemies":"Slavers","floor":23,"turns":2},{"damage":0,"enemies":"Gremlin Leader","floor":25,"turns":4},{"damage":4,"enemies":"Cultist and Chosen","floor":28,"turns":5},{"damage":3,"enemies":"Book of Stabbing","floor":31,"turns":4},{"damage":6,"enemies":"Automaton","floor":33,"turns":11},{"damage":0,"enemies":"3 Darklings","floor":35,"turns":4},{"damage":0,"enemies":"3 Shapes","floor":36,"turns":4},{"damage":45,"enemies":"2 Orb Walkers","floor":38,"turns":5},{"damage":23,"enemies":"Jaw Worm Horde","floor":39,"turns":3},{"damage":0,"enemies":"Giant Head","floor":41,"turns":11},{"damage":19,"enemies":"Reptomancer","floor":44,"turns":5},{"damage":16,"enemies":"Nemesis","floor":46,"turns":9},{"damage":9,"enemies":"Transient","floor":47,"turns":6},{"damage":0,"enemies":"Giant Head","floor":48,"turns":7},{"damage":44,"enemies":"Time Eater","floor":50,"turns":17},{"damage":0,"enemies":"Donu and Deca","floor":51,"turns":15},{"damage":70,"enemies":"Shield and Spear","floor":55,"turns":7},{"damage":49,"enemies":"The Heart","floor":56,"turns":6}],"seed_played":"-2259465978170348573","potions_obtained":[{"floor":1,"key":"Block Potion"},{"floor":2,"key":"AttackPotion"},{"floor":10,"key":"FocusPotion"},{"floor":12,"key":"Weak Potion"},{"floor":23,"key":"Strength Potion"},{"floor":28,"key":"Dexterity Potion"},{"floor":33,"key":"AttackPotion"},{"floor":38,"key":"Strength Potion"},{"floor":44,"key":"Block Potion"},{"floor":47,"key":"EssenceOfSteel"},{"floor":55,"key":"FairyPotion"}],"is_trial":false,"path_per_floor":["M","M","M","?","M","R","E","R","T","M","?","E","M","E","R","B",null,"M","?","?","$","M","E","T","E","T","R","M","R","$","E","R","B",null,"M","M","$","?","M","R","E","R","T","E","T","E","M","E","R","B","B",null,"R","$","E","B"],"character_chosen":"DEFECT","items_purchased":["OrangePellets","Capacitor","Potion Belt","Coolheaded+1","Energy Potion"],"campfire_rested":1,"item_purchase_floors":[21,21,37,54,54],"current_hp_per_floor":[64,64,64,64,64,64,51,51,51,60,53,58,64,64,64,64,64,64,64,47,47,30,33,33,43,43,43,49,49,49,56,56,70,77,79,79,79,44,21,44,64,64,64,65,65,71,74,79,79,45,67,76,76,76,28,0],"gold":111,"neow_bonus":"ONE_RARE_RELIC","is_prod":false,"is_daily":false,"chose_seed":false,"campfire_upgraded":8,"win_rate":0,"timestamp":1550463277,"path_taken":["M","?","M","?","M","R","E","R","T","M","?","E","M","E","R","BOSS","M","?","?","$","M","E","?","E","T","R","M","R","$","E","R","BOSS","M","?","$","?","M","R","E","R","T","E","?","E","?","E","R","BOSS","BOSS","R","$","E","BOSS"],"build_version":"2019-01-23","purchased_purges":2,"victory":false,"max_hp_per_floor":[64,64,64,64,64,64,64,64,64,64,64,64,64,64,64,64,64,64,64,69,69,69,79,79,79,79,79,79,79,79,79,79,79,79,79,79,79,79,79,79,79,79,79,79,79,79,79,79,79,79,79,79,79,79,79,79],"card_choices":[{"not_picked":["BootSequence","Reprogram"],"picked":"Ball Lightning","floor":1},{"not_picked":["Coolheaded","Gash"],"picked":"Self Repair","floor":2},{"not_picked":["Turbo","Barrage","Gash"],"picked":"SKIP","floor":3},{"not_picked":["Stack","Cold Snap"],"picked":"Chill","floor":5},{"not_picked":["Streamline","Steam"],"picked":"Reboot","floor":7},{"not_picked":["Redo","Lockon"],"picked":"Ball Lightning","floor":10},{"not_picked":["Rebound","Barrage"],"picked":"Glacier","floor":12},{"not_picked":["Beam Cell","Leap"],"picked":"Compile Driver","floor":13},{"not_picked":["Rebound","Aggregate"],"picked":"Echo Form","floor":14},{"not_picked":["Echo Form","All For One"],"picked":"Electrodynamics","floor":16},{"not_picked":["Ball Lightning","Stack","Melter"],"picked":"SKIP","floor":18},{"not_picked":["Capacitor","Leap+1"],"picked":"Defragment+1","floor":22},{"not_picked":["Rebound+1","Hologram","Cold Snap"],"picked":"SKIP","floor":23},{"not_picked":["Rainbow","Beam Cell","Storm"],"picked":"SKIP","floor":25},{"not_picked":["Stack","Turbo"],"picked":"Coolheaded","floor":28},{"not_picked":["Cold Snap","Go for the Eyes","Stack"],"picked":"SKIP","floor":31},{"not_picked":["Rainbow","Creative AI"],"picked":"Buffer","floor":33},{"not_picked":["Hello World","Darkness"],"picked":"Conserve Battery","floor":35},{"not_picked":["Rebound","Redo"],"picked":"Hologram+1","floor":36},{"not_picked":["Steam+1","Hello World"],"picked":"Turbo","floor":38},{"not_picked":["Compile Driver+1","Barrage"],"picked":"BootSequence","floor":39},{"not_picked":["Sweeping Beam","Gash"],"picked":"Chill","floor":41},{"not_picked":["Stack","Streamline"],"picked":"Conserve Battery","floor":44},{"not_picked":["Stack+1","Go for the Eyes"],"picked":"Glacier+1","floor":46},{"not_picked":["Consume+1","Hologram+1"],"picked":"Defragment+1","floor":47},{"not_picked":["Leap+1","All For One"],"picked":"Stack+1","floor":48},{"not_picked":["Turbo+1","Rip and Tear+1"],"picked":"Conserve Battery+1","floor":55}],"player_experience":1901320,"relics_obtained":[{"floor":7,"key":"Lantern"},{"floor":9,"key":"PreservedInsect"},{"floor":12,"key":"Kunai"},{"floor":14,"key":"Oddly Smooth Stone"},{"floor":23,"key":"Pear"},{"floor":24,"key":"Vajra"},{"floor":25,"key":"Bag of Marbles"},{"floor":26,"key":"Anchor"},{"floor":31,"key":"Omamori"},{"floor":38,"key":"Du-Vu Doll"},{"floor":41,"key":"Gremlin Horn"},{"floor":44,"key":"Toxic Egg 2"},{"floor":45,"key":"Blood Vial"},{"floor":46,"key":"Whetstone"},{"floor":48,"key":"Juzu Bracelet"},{"floor":55,"key":"Boot"}],"event_choices":[{"cards_removed":["Strike_B"],"damage_healed":0,"gold_gain":0,"player_choice":"Card Removal","damage_taken":0,"max_hp_gain":0,"max_hp_loss":0,"event_name":"The Cleric","floor":4,"gold_loss":75},{"cards_removed":["Strike_B"],"damage_healed":0,"gold_gain":0,"player_choice":"Card Removal","damage_taken":7,"max_hp_gain":0,"max_hp_loss":0,"event_name":"Golden Wing","floor":11,"gold_loss":0},{"damage_healed":0,"gold_gain":50,"player_choice":"Stole From Cult","damage_taken":0,"max_hp_gain":0,"max_hp_loss":0,"event_name":"Nest","floor":19,"gold_loss":0},{"damage_healed":0,"gold_gain":0,"player_choice":"Shed Blood","damage_taken":22,"max_hp_gain":5,"max_hp_loss":0,"event_name":"Forgotten Altar","floor":20,"gold_loss":0},{"damage_healed":0,"gold_gain":0,"player_choice":"Fight","damage_taken":0,"max_hp_gain":0,"max_hp_loss":0,"event_name":"Mysterious Sphere","floor":38,"gold_loss":0}],"is_beta":false,"boss_relics":[{"not_picked":["White Beast Statue","Inserter"],"picked":"Runic Dome"},{"not_picked":["Empty Cage","FrozenCore"],"picked":"Astrolabe"}],"items_purged_floors":[30,54],"is_endless":false,"potions_floor_spawned":[1,2,10,12,23,28,33,38,44,47,55],"killed_by":"The Heart","ascension_level":20}