{"gold_per_floor":[111,129,148,166,178,206,206,238,238,253,253,253,271,301,301,403,453,472,472,484,399,399,427,427,52,52,2,17,42,59,78,78,78],"floor_reached":33,"playtime":1856,"items_purged":["Strike_G","Strike_G"],"score":402,"play_id":"14904f96-d212-43db-b4e1-083b97b9ee3e","local_time":"20190212000442","is_ascension_mode":true,"campfire_choices":[{"data":"Deadly Poison","floor":7.0,"key":"SMITH"},{"floor":11.0,"key":"REST"},{"floor":15.0,"key":"REST"},{"floor":24.0,"key":"REST"},{"floor":32,"key":"REST"}],"neow_cost":"TEN_PERCENT_HP_LOSS","seed_source_timestamp":520149517402400,"circlet_count":0,"master_deck":["Defend_G","Defend_G","Defend_G","Defend_G","Defend_G","Strike_G","Strike_G","Strike_G","Survivor","Neutralize","Deflect","Deadly Poison+1","Dodge and Roll","Cloak And Dagger","Bane","Deadly Poison","Bouncing Flask","Crippling Poison","Noxious Fumes+1","Night Terror","Malaise","Cloak And Dagger","Crippling Poison","Leg Sweep","Catalyst","Blur","Poisoned Stab+1","Footwork+1","Dash","Adrenaline"],"special_seed":0,"relics":["Ring of the Snake","Ginger","Blood Vial","Centennial Puzzle","Happy Flower","Smiling Mask","Question Card","Tiny House","Frozen Egg 2","Enchiridion","Oddly Smooth Stone","ClockworkSouvenir","Bottled Flame","Vajra"],"potions_floor_usage":[33],"damage_taken":[{"damage":0.0,"enemies":"2 Louse","floor":1.0,"turns":3.0},{"damage":0.0,"enemies":"Small Slimes","floor":2.0,"turns":4.0},{"damage":2.0,"enemies":"Jaw Worm","floor":3.0,"turns":5.0},{"damage":4.0,"enemies":"Large Slime","floor":4.0,"turns":7.0},{"damage":5.0,"enemies":"3 Louse","floor":5.0,"turns":5.0},{"damage":12.0,"enemies":"Gremlin Nob","floor":6.0,"turns":4.0},{"damage":25.0,"enemies":"Lagavulin","floor":8.0,"turns":6.0},{"damage":0.0,"enemies":"Exordium Thugs","floor":10.0,"turns":4.0},{"damage":1.0,"enemies":"Large Slime","floor":13.0,"turns":5.0},{"damage":31.0,"enemies":"Gremlin Nob","floor":14.0,"turns":4.0},{"damage":7.0,"enemies":"Hexaghost","floor":16.0,"turns":8.0},{"damage":0.0,"enemies":"Spheric Guardian","floor":18.0,"turns":3.0},{"damage":9.0,"enemies":"Shell Parasite","floor":20.0,"turns":7.0},{"damage":44.0,"enemies":"Slavers","floor":23.0,"turns":7.0},{"damage":12.0,"enemies":"Snake Plant","floor":28.0,"turns":3.0},{"damage":11.0,"enemies":"Book of Stabbing","floor":29.0,"turns":7.0},{"damage":3.0,"enemies":"Snecko","floor":30.0,"turns":5.0},{"damage":0,"enemies":"Shelled Parasite and Fungi","floor":31,"turns":6},{"damage":50,"enemies":"Champ","floor":33,"turns":11}],"seed_played":"-7219640440539582013","potions_obtained":[{"floor":3.0,"key":"Strength Potion"},{"floor":4.0,"key":"Strength Potion"},{"floor":8.0,"key":"Fire Potion"},{"floor":13.0,"key":"Energy Potion"},{"floor":14.0,"key":"SkillPotion"},{"floor":17.0,"key":"Regen Potion"},{"floor":23.0,"key":"Dexterity Potion"},{"floor":28.0,"key":"Dexterity Potion"},{"floor":31,"key":"Swift Potion"}],"is_trial":false,"path_per_floor":["M","M","M","M","M","E","R","E","T","M","R","?","M","E","R","B",null,"M","?","M","?","?","E","R","$","T","$","M","E","M","M","R","B"],"character_chosen":"THE_SILENT","items_purchased":["ClockworkSouvenir","Blur","Block Potion"],"campfire_rested":4,"item_purchase_floors":[25,25,25],"current_hp_per_floor":[63,63,61,57,52,40,40,17,17,19,37,34,35,6,24,19,57,59,59,52,52,36,9,29,29,29,29,19,10,9,11,31,0],"gold":78,"neow_bonus":"ONE_RARE_RELIC","is_prod":false,"is_daily":false,"chose_seed":false,"campfire_upgraded":1,"win_rate":0,"timestamp":1549947882,"path_taken":["M","M","M","M","M","E","R","E","T","M","R","?","M","E","R","BOSS","M","?","M","?","?","E","R","$","T","?","M","E","M","M","R","BOSS"],"build_version":"2019-01-23","purchased_purges":2,"victory":false,"max_hp_per_floor":[63,63,63,63,63,63,63,63,63,63,63,63,63,63,63,63,68,68,68,68,68,68,68,68,68,68,68,68,68,68,68,68,68],"card_choices":[{"not_picked":["Infinite Blades","Concentrate"],"picked":"Deflect","floor":1.0},{"not_picked":["Reflex","Dagger Throw"],"picked":"Deadly Poison","floor":2.0},{"not_picked":["Slice","PiercingWail"],"picked":"Dodge and Roll","floor":3.0},{"not_picked":["Eviscerate","A Thousand Cuts"],"picked":"Cloak And Dagger","floor":4.0},{"not_picked":["Blade Dance","Underhanded Strike"],"picked":"Bane","floor":5.0},{"not_picked":["Acrobatics","Outmaneuver"],"picked":"Deadly Poison","floor":6.0},{"not_picked":["Bane","Dodge and Roll"],"picked":"Bouncing Flask","floor":8.0},{"not_picked":["Bullet Time","Choke"],"picked":"Crippling Poison","floor":10.0},{"not_picked":["Slice","Heel Hook"],"picked":"Noxious Fumes","floor":13.0},{"not_picked":["Accuracy","Blade Dance"],"picked":"Night Terror","floor":14.0},{"not_picked":["Storm of Steel","Venomology","Unload"],"picked":"Malaise","floor":16.0},{"not_picked":["Prepared","Deflect","Deadly Poison"],"picked":"Cloak And Dagger","floor":17.0},{"not_picked":["Prepared","Escape Plan","Outmaneuver"],"picked":"Crippling Poison","floor":18.0},{"not_picked":["Riddle With Holes","Masterful Stab","Infinite Blades"],"picked":"Catalyst","floor":20.0},{"not_picked":["Cloak And Dagger","Underhanded Strike","Infinite Blades+1","Tactician"],"picked":"SKIP","floor":23.0},{"not_picked":["Blur+1","Dash","Acrobatics"],"picked":"Poisoned Stab+1","floor":28.0},{"not_picked":["Choke","PiercingWail","Unload"],"picked":"Footwork+1","floor":29.0},{"not_picked":["All Out Attack","Slice+1","Dagger Spray+1"],"picked":"Dash","floor":30.0},{"not_picked":["Sucker Punch","All Out Attack+1","Underhanded Strike"],"picked":"Adrenaline","floor":31}],"player_experience":216355,"relics_obtained":[{"floor":6.0,"key":"Blood Vial"},{"floor":8.0,"key":"Centennial Puzzle"},{"floor":9.0,"key":"Happy Flower"},{"floor":14.0,"key":"Question Card"},{"floor":22.0,"key":"Enchiridion"},{"floor":23.0,"key":"Oddly Smooth Stone"},{"floor":26.0,"key":"Bottled Flame"},{"floor":29.0,"key":"Vajra"}],"event_choices":[{"damage_healed":0.0,"max_hp_gain":0.0,"max_hp_loss":0.0,"gold_gain":0.0,"event_name":"Scrap Ooze","player_choice":"Success","floor":12.0,"gold_loss":0.0,"damage_taken":3.0,"relics_obtained":["Smiling Mask"]},{"damage_healed":0.0,"max_hp_gain":0.0,"max_hp_loss":0.0,"gold_gain":0.0,"event_name":"The Library","player_choice":"Read","floor":19.0,"gold_loss":0.0,"damage_taken":0.0,"cards_obtained":["Leg Sweep"]},{"damage_healed":0.0,"max_hp_gain":0.0,"max_hp_loss":0.0,"gold_gain":0.0,"event_name":"Addict","player_choice":"Obtained Relic","floor":21.0,"gold_loss":85.0,"damage_taken":0.0,"relics_obtained":["Frozen Egg 2"]},{"damage_healed":0.0,"max_hp_gain":0.0,"max_hp_loss":0.0,"gold_gain":0.0,"event_name":"Cursed Tome","player_choice":"Obtained Book","floor":22.0,"gold_loss":0.0,"damage_taken":16.0}],"is_beta":false,"boss_relics":[{"not_picked":["HoveringKite","Black Star"],"picked":"Tiny House"}],"items_purged_floors":[25,27],"is_endless":false,"potions_floor_spawned":[3,4,8,13,14,23,28,31],"killed_by":"Champ","ascension_level":6}