{"gold_per_floor":[118,133,133,153,173,173,189,189,214,225,225,2,2,19,19,19],"floor_reached":16,"playtime":500,"items_purged":[],"score":188,"play_id":"814e19b3-98b0-443f-85c4-d129f56c47d2","local_time":"20181206234544","is_ascension_mode":true,"campfire_choices":[{"data":"Sweeping Beam","floor":6,"key":"SMITH"},{"data":"Zap","floor":8,"key":"SMITH"},{"data":"Coolheaded","floor":13,"key":"SMITH"},{"data":"Self Repair","floor":15,"key":"SMITH"}],"neow_cost":"NONE","seed_source_timestamp":722109635037201,"circlet_count":0,"master_deck":["AscendersBane","Strike_B","Strike_B","Defend_B","Defend_B","Defend_B","Defend_B","Zap+1","Dualcast","Compile Driver","FTL","Sweeping Beam+1","Coolheaded+1","Ball Lightning","Genetic Algorithm","Self Repair+1"],"relics":["Cracked Core","Bag of Preparation","Happy Flower","Runic Capacitor"],"potions_floor_usage":[],"damage_taken":[{"damage":3,"enemies":"Small Slimes","floor":1,"turns":3},{"damage":0,"enemies":"Cultist","floor":2,"turns":3},{"damage":1,"enemies":"2 Louse","floor":4,"turns":2},{"damage":2,"enemies":"Looter","floor":5,"turns":3},{"damage":10,"enemies":"Exordium Wildlife","floor":7,"turns":4},{"damage":3,"enemies":"Blue Slaver","floor":10,"turns":2},{"damage":0,"enemies":"2 Fungi Beasts","floor":14,"turns":3},{"damage":48,"enemies":"Slime Boss","floor":16,"turns":10}],"seed_played":"-9179836834050823491","potions_obtained":[{"floor":4,"key":"Regen Potion"},{"floor":14,"key":"Ancient Potion"}],"is_trial":false,"path_per_floor":["M","M","?","M","M","R","M","R","T","M","?","$","R","M","R","B"],"character_chosen":"DEFECT","items_purchased":["Runic Capacitor"],"campfire_rested":0,"item_purchase_floors":[12],"current_hp_per_floor":[61,61,61,60,58,58,48,48,48,45,45,45,45,45,45,0],"gold":19,"neow_bonus":"RANDOM_COMMON_RELIC","is_prod":false,"is_daily":false,"chose_seed":false,"campfire_upgraded":4,"win_rate":0,"timestamp":1544136344,"path_taken":["M","M","?","?","M","R","M","R","T","M","?","$","R","?","R","BOSS"],"build_version":"2018-11-15","purchased_purges":0,"victory":false,"max_hp_per_floor":[71,71,71,71,71,71,71,71,71,71,71,71,71,71,71,71],"card_choices":[{"not_picked":["Leap","Aggregate"],"picked":"Compile Driver","floor":1},{"not_picked":["Consume","Redo"],"picked":"FTL","floor":2},{"not_picked":["Stack","Redo"],"picked":"Sweeping Beam","floor":4},{"not_picked":["Barrage","Redo"],"picked":"Coolheaded","floor":5},{"not_picked":["Auto Shields","Beam Cell"],"picked":"Ball Lightning","floor":7},{"not_picked":["Chaos","Compile Driver"],"picked":"Genetic Algorithm","floor":10},{"not_picked":["Go for the Eyes","Redo"],"picked":"Self Repair","floor":14}],"player_experience":1675744,"relics_obtained":[{"floor":9,"key":"Happy Flower"}],"event_choices":[{"cards_removed":["Strike_B"],"damage_healed":0,"gold_gain":0,"player_choice":"Purged","damage_taken":0,"max_hp_gain":0,"max_hp_loss":0,"event_name":"Purifier","floor":3,"gold_loss":0},{"cards_removed":["Strike_B"],"damage_healed":0,"gold_gain":0,"player_choice":"Offered Basic","damage_taken":0,"max_hp_gain":0,"max_hp_loss":0,"event_name":"Bonfire Elementals","floor":11,"gold_loss":0}],"is_beta":false,"boss_relics":[],"items_purged_floors":[],"is_endless":false,"potions_floor_spawned":[4,14],"killed_by":"Slime Boss","ascension_level":20}