{"gold_per_floor":[111,123,141,152,172,172,172,172,196,226,242,269,95,122,134,217,229,259,281,23,23,23,48,48,83,153,153,180,198,209,225,225,225],"floor_reached":33,"playtime":1233,"items_purged":["Strike_R","Strike_R"],"score":599,"play_id":"f91519e9-b907-4272-8c5a-8a1405c683f1","local_time":"20180930034318","is_ascension_mode":true,"campfire_choices":[{"data":"Bash","floor":6,"key":"SMITH"},{"data":"Cleave","floor":8,"key":"SMITH"},{"data":"Headbutt","floor":15,"key":"SMITH"},{"data":"Spot Weakness","floor":24,"key":"SMITH"},{"floor":27,"key":"REST"},{"data":"Inflame","floor":32,"key":"SMITH"}],"neow_cost":"PERCENT_DAMAGE","seed_source_timestamp":886743314226811,"circlet_count":0,"master_deck":["Strike_R","Strike_R","Defend_R","Defend_R","Defend_R","Defend_R","Bash+1","AscendersBane","Twin Strike","Cleave+1","Headbutt+1","Thunderclap","Anger","Spot Weakness+1","Anger","Pummel","Impervious","Uppercut","Cleave+1","Inflame+1"],"relics":["Burning Blood","Turnip","Bag of Marbles","Blood Vial","Bag of Preparation","MawBank","Sozu","Centennial Puzzle","Ornamental Fan","Matryoshka","Pocketwatch","Boot","Bottled Lightning","Red Mask"],"potions_floor_usage":[5,12,14,18],"damage_taken":[{"damage":9,"enemies":"Jaw Worm","floor":1,"turns":4},{"damage":2,"enemies":"Cultist","floor":2,"turns":4},{"damage":1,"enemies":"2 Louse","floor":3,"turns":3},{"damage":7,"enemies":"Lots of Slimes","floor":4,"turns":2},{"damage":3,"enemies":"2 Fungi Beasts","floor":5,"turns":3},{"damage":8,"enemies":"Gremlin Nob","floor":10,"turns":3},{"damage":13,"enemies":"Blue Slaver","floor":11,"turns":3},{"damage":30,"enemies":"Lagavulin","floor":12,"turns":6},{"damage":5,"enemies":"3 Sentries","floor":14,"turns":4},{"damage":26,"enemies":"Hexaghost","floor":16,"turns":7},{"damage":6,"enemies":"Spheric Guardian","floor":18,"turns":3},{"damage":2,"enemies":"Chosen","floor":19,"turns":4},{"damage":20,"enemies":"Gremlin Leader","floor":23,"turns":5},{"damage":42,"enemies":"Book of Stabbing","floor":25,"turns":4},{"damage":7,"enemies":"Masked Bandits","floor":28,"turns":3},{"damage":0,"enemies":"Snake Plant","floor":29,"turns":3},{"damage":3,"enemies":"Centurion and Healer","floor":30,"turns":3},{"damage":0,"enemies":"3 Cultists","floor":31,"turns":2},{"damage":94,"enemies":"Champ","floor":33,"turns":9}],"seed_played":"8840213020565652683","potions_obtained":[{"floor":3,"key":"SkillPotion"},{"floor":4,"key":"FearPotion"},{"floor":5,"key":"Ancient Potion"},{"floor":10,"key":"EntropicBrew"},{"floor":11,"key":"Poison Potion"}],"is_trial":false,"path_per_floor":["M","M","M","M","M","R","?","R","T","E","M","E","$","E","R","B",null,"M","M","$","?","T","E","R","E","T","R","?","M","M","M","R"],"character_chosen":"IRONCLAD","items_purchased":["Poison Potion","Pummel","Centennial Puzzle"],"campfire_rested":1,"item_purchase_floors":[13,13,20],"current_hp_per_floor":[47,51,56,55,58,58,58,58,58,56,51,29,29,32,32,14,60,62,68,68,68,68,56,56,22,22,44,45,53,58,66,66,0],"gold":225,"neow_bonus":"ONE_RARE_RELIC","is_prod":false,"is_daily":false,"chose_seed":false,"campfire_upgraded":5,"win_rate":0,"timestamp":1538271798,"path_taken":["M","M","M","M","M","R","?","R","T","E","M","E","$","E","R","BOSS","M","?","$","?","?","E","R","E","T","R","?","M","M","M","R","BOSS"],"build_version":"2018-09-27","purchased_purges":2,"victory":false,"max_hp_per_floor":[75,75,75,75,75,75,75,75,75,75,75,75,75,75,75,75,75,75,75,75,75,75,75,75,75,75,75,75,75,75,75,75,75],"card_choices":[{"not_picked":["Iron Wave","Headbutt"],"picked":"Twin Strike","floor":1},{"not_picked":["Iron Wave","True Grit"],"picked":"Cleave","floor":2},{"not_picked":["Iron Wave","Brutality"],"picked":"Headbutt","floor":3},{"not_picked":["Havoc","Perfected Strike"],"picked":"Thunderclap","floor":4},{"not_picked":["Sword Boomerang","Pummel"],"picked":"Anger","floor":5},{"not_picked":["Barricade","Shrug It Off"],"picked":"Spot Weakness","floor":10},{"not_picked":["Cleave","Rage","Thunderclap"],"picked":"SKIP","floor":11},{"not_picked":["Burning Pact","Body Slam"],"picked":"Anger","floor":12},{"not_picked":["Intimidate","Flex","Pommel Strike"],"picked":"SKIP","floor":14},{"not_picked":["Immolate","Juggernaut"],"picked":"Impervious","floor":16},{"not_picked":["Havoc","Burning Pact"],"picked":"Uppercut","floor":18},{"not_picked":["Corruption","Iron Wave","Entrench+1"],"picked":"SKIP","floor":19},{"not_picked":["Pommel Strike","Clothesline","Cleave"],"picked":"SKIP","floor":23},{"not_picked":["Sentinel+1","Feel No Pain"],"picked":"Cleave+1","floor":25},{"not_picked":["Clash","Sentinel","Warcry"],"picked":"SKIP","floor":29},{"not_picked":["Armaments","Heavy Blade"],"picked":"Inflame","floor":30},{"not_picked":["Fire Breathing","Metallicize","Sever Soul"],"picked":"SKIP","floor":31}],"player_experience":1296053,"relics_obtained":[{"floor":9,"key":"Bag of Marbles"},{"floor":10,"key":"Blood Vial"},{"floor":12,"key":"Bag of Preparation"},{"floor":14,"key":"MawBank"},{"floor":22,"key":"Ornamental Fan"},{"floor":23,"key":"Matryoshka"},{"floor":25,"key":"Pocketwatch"},{"floor":26,"key":"Boot"},{"floor":26,"key":"Bottled Lightning"},{"floor":28,"key":"Red Mask"}],"event_choices":[{"event_name":"Purifier","player_choice":"One Purge","floor":7,"damage_taken":0},{"event_name":"The Mausoleum","player_choice":"No","floor":21,"damage_taken":0},{"event_name":"Masked Bandits","player_choice":"Fought Bandits","floor":28,"damage_taken":0}],"is_beta":false,"boss_relics":[{"not_picked":["Black Star","Runic Cube"],"picked":"Sozu"}],"items_purged_floors":[13,20],"is_endless":false,"potions_floor_spawned":[3,4,5,10,11,18,28,30],"killed_by":"Champ","ascension_level":19}