{"gold_per_floor":[118,118,130,130,15,15,51,51,51,51,90,40,75,75,75,164,164,189,209,209,225,5,45,45,76,155,155,189,189,189,212,212,310,310,329,347,370,184,209,245,245,281,349,392,19,19,44,44,44,44,44,44,44,16,54,54],"floor_reached":57,"playtime":5019,"items_purged":["Regret","Bite","Flying Knee+1"],"score":3024,"play_id":"d67a4aea-0c93-4b31-a44b-60244d19abf1","local_time":"20190202184745","is_ascension_mode":true,"campfire_choices":[{"data":"Flying Knee","floor":6,"key":"SMITH"},{"data":"Infinite Blades","floor":8,"key":"SMITH"},{"data":"Neutralize","floor":10,"key":"SMITH"},{"data":"Backstab","floor":15,"key":"SMITH"},{"floor":24,"key":"REST"},{"floor":29,"key":"RECALL"},{"floor":32,"key":"REST"},{"floor":41,"key":"REST"},{"floor":46,"key":"REST"},{"floor":49,"key":"REST"},{"floor":53,"key":"REST"}],"neow_cost":"NONE","seed_source_timestamp":1527878388105296,"circlet_count":0,"master_deck":["AscendersBane","Defend_G","Defend_G","Defend_G","Defend_G","Defend_G","Survivor","Neutralize+1","Venomology","PiercingWail","Masterful Stab","Infinite Blades+1","Backstab+1","PiercingWail+1","Prepared+1","Storm of Steel+1","Terror+1","Backflip+1","Dodge and Roll+1","Master of Strategy+1","Infinite Blades+1","Well Laid Plans","Footwork+1","Bite","Bite","Bite","Prepared+1","Crippling Poison+1","Adrenaline+1","Acrobatics+1","Acrobatics+1","Escape Plan+1","Infinite Blades","Dodge and Roll+1","Accuracy+1","After Image","Concentrate+1","Panache","Tactician+1","Prepared+1","Dodge and Roll+1","Footwork"],"relics":["Ring of the Serpent","Kunai","Golden Idol","Tough Bandages","Toxic Egg 2","Ornamental Fan","Fusion Hammer","Snake Skull","Oddly Smooth Stone","Ninja Scroll","Molten Egg 2","Dead Branch","Bag of Preparation","Bottled Tornado","Boot"],"potions_floor_usage":[7,11,13,16,18,21,23,25,28,56],"damage_taken":[{"damage":0,"enemies":"Jaw Worm","floor":1,"turns":7},{"damage":2,"enemies":"2 Louse","floor":3,"turns":5},{"damage":3,"enemies":"Lagavulin","floor":7,"turns":7},{"damage":34,"enemies":"Gremlin Nob","floor":11,"turns":6},{"damage":16,"enemies":"3 Sentries","floor":13,"turns":7},{"damage":11,"enemies":"The Guardian","floor":16,"turns":15},{"damage":1,"enemies":"3 Byrds","floor":18,"turns":7},{"damage":0,"enemies":"2 Thieves","floor":19,"turns":5},{"damage":0,"enemies":"Snecko","floor":21,"turns":4},{"damage":8,"enemies":"Book of Stabbing","floor":23,"turns":5},{"damage":2,"enemies":"Slavers","floor":25,"turns":8},{"damage":12,"enemies":"Gremlin Leader","floor":28,"turns":8},{"damage":0,"enemies":"Shelled Parasite and Fungi","floor":31,"turns":4},{"damage":58,"enemies":"Automaton","floor":33,"turns":15},{"damage":3,"enemies":"Orb Walker","floor":35,"turns":4},{"damage":5,"enemies":"3 Darklings","floor":36,"turns":7},{"damage":8,"enemies":"Writhing Mass","floor":37,"turns":12},{"damage":1,"enemies":"4 Shapes","floor":39,"turns":5},{"damage":0,"enemies":"Giant Head","floor":40,"turns":6},{"damage":0,"enemies":"Reptomancer","floor":42,"turns":3},{"damage":5,"enemies":"Giant Head","floor":44,"turns":3},{"damage":0,"enemies":"Spire Growth","floor":47,"turns":3},{"damage":0,"enemies":"Donu and Deca","floor":50,"turns":7},{"damage":24,"enemies":"Time Eater","floor":51,"turns":11},{"damage":0,"enemies":"Shield and Spear","floor":55,"turns":6},{"damage":20,"enemies":"The Heart","floor":56,"turns":9}],"seed_played":"-3113339293946343697","potions_obtained":[{"floor":3,"key":"PowerPotion"},{"floor":11,"key":"LiquidBronze"},{"floor":21,"key":"Fire Potion"},{"floor":23,"key":"SpeedPotion"}],"is_trial":false,"path_per_floor":["M","?","M","?","$","R","E","R","T","R","E","$","E","?","R","B",null,"M","M","?","M","$","E","R","E","T","?","E","R","?","M","R","B",null,"M","M","M","$","M","E","R","E","T","E","$","R","M","?","R","B","B",null,"R","$","E","B",null],"character_chosen":"THE_SILENT","items_purchased":["Masterful Stab","PiercingWail+1","Master of Strategy+1","Infinite Blades","Infinite Blades","Panache","Tactician+1","Dodge and Roll+1"],"campfire_rested":6,"item_purchase_floors":[5,12,22,22,38,45,45,54],"current_hp_per_floor":[59,59,57,57,57,57,54,54,54,54,34,34,18,18,18,9,47,48,50,50,52,52,46,60,58,58,58,60,60,60,60,60,24,51,56,60,60,60,59,60,60,60,60,59,59,60,60,60,60,60,42,56,60,60,60,44],"gold":54,"neow_bonus":"ONE_RANDOM_RARE_CARD","is_prod":false,"is_daily":false,"chose_seed":false,"campfire_upgraded":4,"win_rate":0,"timestamp":1549129665,"path_taken":["M","?","M","?","$","R","E","R","T","R","E","?","E","?","R","BOSS","M","M","?","M","$","E","R","E","T","?","E","R","?","M","R","BOSS","M","M","M","?","M","E","R","E","T","E","$","R","M","?","R","BOSS","BOSS","R","$","E","BOSS"],"build_version":"2019-01-23","purchased_purges":3,"victory":true,"max_hp_per_floor":[66,66,66,60,60,60,60,60,60,60,60,60,60,60,60,60,60,60,60,60,60,60,60,60,60,60,60,60,60,60,60,60,60,60,60,60,60,60,60,60,60,60,60,60,60,60,60,60,60,60,60,60,60,60,60,60],"card_choices":[{"not_picked":["Sucker Punch","Well Laid Plans"],"picked":"Flying Knee","floor":1},{"not_picked":["Acrobatics","Distraction"],"picked":"PiercingWail","floor":3},{"not_picked":["Accuracy","Blur"],"picked":"Infinite Blades","floor":7},{"not_picked":["Outmaneuver+1","Bane"],"picked":"Backstab","floor":11},{"not_picked":["Quick Slash","Accuracy"],"picked":"Prepared+1","floor":13},{"not_picked":["Bullet Time+1","Glass Knife"],"picked":"Storm of Steel+1","floor":16},{"not_picked":["Poisoned Stab","All Out Attack","Distraction+1"],"picked":"SKIP","floor":18},{"not_picked":["Eviscerate","PiercingWail+1"],"picked":"Terror+1","floor":19},{"not_picked":["Footwork","Poisoned Stab"],"picked":"Dodge and Roll+1","floor":21},{"not_picked":["Footwork","Dagger Spray"],"picked":"Well Laid Plans","floor":23},{"not_picked":["Flechettes+1","Choke"],"picked":"Footwork+1","floor":25},{"not_picked":["Deflect+1","Die Die Die"],"picked":"Prepared+1","floor":28},{"not_picked":["Leg Sweep+1","PiercingWail+1"],"picked":"Crippling Poison+1","floor":31},{"not_picked":["Burst+1","Die Die Die+1"],"picked":"Adrenaline+1","floor":33},{"not_picked":["Tactician+1","Terror+1"],"picked":"Acrobatics+1","floor":35},{"not_picked":["Sucker Punch+1","Prepared+1"],"picked":"Acrobatics+1","floor":36},{"not_picked":["Bane+1","Outmaneuver+1"],"picked":"Escape Plan+1","floor":37},{"not_picked":["Setup+1","Underhanded Strike+1"],"picked":"Dodge and Roll+1","floor":39},{"not_picked":["Caltrops","Quick Slash+1"],"picked":"Accuracy+1","floor":40},{"not_picked":["Blade Dance+1","Poisoned Stab+1"],"picked":"After Image","floor":42},{"not_picked":["Terror+1","Backflip+1"],"picked":"Concentrate+1","floor":44},{"not_picked":["Riddle With Holes+1","Slice+1"],"picked":"Prepared+1","floor":47},{"not_picked":["Crippling Poison+1","Deflect+1"],"picked":"Footwork","floor":55}],"player_experience":1836772,"relics_obtained":[{"floor":7,"key":"Tough Bandages"},{"floor":9,"key":"Toxic Egg 2"},{"floor":11,"key":"Ornamental Fan"},{"floor":13,"key":"Blood Vial"},{"floor":23,"key":"Snake Skull"},{"floor":25,"key":"Oddly Smooth Stone"},{"floor":26,"key":"Ninja Scroll"},{"floor":28,"key":"Molten Egg 2"},{"floor":40,"key":"Dead Branch"},{"floor":42,"key":"Bag of Preparation"},{"floor":44,"key":"Bottled Tornado"},{"floor":55,"key":"Boot"}],"event_choices":[{"damage_healed":0,"gold_gain":0,"player_choice":"Box","damage_taken":0,"relics_obtained":["Kunai"],"max_hp_gain":0,"max_hp_loss":0,"event_name":"Big Fish","floor":2,"gold_loss":0,"cards_obtained":["Regret"]},{"damage_healed":0,"gold_gain":0,"player_choice":"Lose Max HP","damage_taken":0,"relics_obtained":["Golden Idol"],"max_hp_gain":0,"max_hp_loss":6,"event_name":"Golden Idol","floor":4,"gold_loss":0},{"damage_healed":0,"gold_gain":0,"player_choice":"Ignored","damage_taken":0,"max_hp_gain":0,"max_hp_loss":0,"event_name":"Liars Game","floor":14,"gold_loss":0},{"damage_healed":0,"gold_gain":0,"player_choice":"Read","damage_taken":0,"max_hp_gain":0,"max_hp_loss":0,"event_name":"The Library","floor":20,"gold_loss":0,"cards_obtained":["Backflip"]},{"damage_healed":0,"gold_gain":0,"player_choice":"Became a vampire (Vial)","damage_taken":0,"max_hp_gain":0,"max_hp_loss":0,"event_name":"Vampires","floor":27,"relics_lost":["Blood Vial"],"gold_loss":0,"cards_obtained":["Bite","Bite","Bite","Bite","Bite"]},{"damage_healed":0,"gold_gain":0,"player_choice":"Upgraded","damage_taken":0,"max_hp_gain":0,"max_hp_loss":0,"event_name":"Upgrade Shrine","floor":30,"gold_loss":0,"cards_upgraded":["Infinite Blades"]},{"cards_removed":["Bite"],"damage_healed":0,"gold_gain":0,"player_choice":"Removed Attack","damage_taken":0,"max_hp_gain":0,"max_hp_loss":0,"event_name":"Falling","floor":48,"gold_loss":0}],"is_beta":false,"boss_relics":[{"not_picked":["White Beast Statue","Calling Bell"],"picked":"Fusion Hammer"},{"not_picked":["Philosopher\u0027s Stone","Runic Dome"],"picked":"Ring of the Serpent"}],"items_purged_floors":[5,38,45],"is_endless":false,"potions_floor_spawned":[3,7,11,16,21,23,31,33,35,39,40,44,55],"ascension_level":20}