{"gold_per_floor":[111,111,123,123,123,154,154,188,188,188,25,40,67,84,84,162,162,172,16,33,33,52,52],"floor_reached":23,"playtime":1048,"items_purged":["Strike_R","Strike_R"],"score":468,"play_id":"4151db62-9c58-479a-b817-e49b3a646df3","local_time":"20190123132847","is_ascension_mode":true,"campfire_choices":[{"data":"Bash","floor":7,"key":"SMITH"},{"data":"Sword Boomerang","floor":10,"key":"SMITH"},{"data":"Clothesline","floor":15,"key":"SMITH"}],"neow_cost":"NONE","seed_source_timestamp":648580852295921,"circlet_count":0,"master_deck":["AscendersBane","Strike_R","Strike_R","Strike_R","Defend_R","Defend_R","Defend_R","Bash+1","Iron Wave","Feel No Pain","Sword Boomerang+1","Anger","Corruption","Reaper","Impervious","Clothesline+1","Feed","Rage+1","Power Through","Shrug It Off","Feed"],"relics":["Burning Blood","NeowsBlessing","Letter Opener","Question Card","Incense Burner","Frozen Egg 2","Fusion Hammer"],"potions_floor_usage":[8,8,16,22,23],"damage_taken":[{"damage":0,"enemies":"2 Louse","floor":1,"turns":1},{"damage":0,"enemies":"Jaw Worm","floor":3,"turns":1},{"damage":0,"enemies":"Lagavulin","floor":6,"turns":1},{"damage":24,"enemies":"Gremlin Nob","floor":8,"turns":5},{"damage":0,"enemies":"Cultist","floor":12,"turns":2},{"damage":32,"enemies":"3 Sentries","floor":13,"turns":15},{"damage":0,"enemies":"2 Fungi Beasts","floor":14,"turns":4},{"damage":67,"enemies":"Slime Boss","floor":16,"turns":15},{"damage":38,"enemies":"3 Byrds","floor":18,"turns":7},{"damage":22,"enemies":"Chosen","floor":20,"turns":6},{"damage":26,"enemies":"Centurion and Healer","floor":22,"turns":16},{"damage":42,"enemies":"Slavers","floor":23,"turns":8}],"seed_played":"505647018801986094","potions_obtained":[{"floor":3,"key":"EssenceOfSteel"},{"floor":6,"key":"EssenceOfSteel"},{"floor":13,"key":"Strength Potion"},{"floor":16,"key":"SpeedPotion"},{"floor":20,"key":"BloodPotion"},{"floor":22,"key":"SpeedPotion"}],"is_trial":false,"path_per_floor":["M","?","M","?","T","E","R","E","T","R","$","M","E","M","R","B",null,"M","$","M","?","M","E"],"character_chosen":"IRONCLAD","items_purchased":["Corruption","SkillPotion"],"campfire_rested":0,"item_purchase_floors":[11,19],"current_hp_per_floor":[74,67,73,78,78,80,80,62,62,62,62,68,54,68,68,13,63,36,36,27,27,26,0],"gold":52,"neow_bonus":"THREE_ENEMY_KILL","is_prod":false,"is_daily":false,"chose_seed":false,"campfire_upgraded":3,"win_rate":0,"timestamp":1548246527,"path_taken":["M","?","M","?","?","E","R","E","T","R","$","M","E","M","R","BOSS","M","?","M","?","M","E"],"build_version":"2019-01-17v2","purchased_purges":2,"victory":false,"max_hp_per_floor":[75,75,75,80,80,80,80,80,80,80,80,80,80,80,80,80,80,83,83,86,86,89,92],"card_choices":[{"not_picked":["Headbutt","Thunderclap"],"picked":"Iron Wave","floor":1},{"not_picked":["Fire Breathing","True Grit"],"picked":"Feel No Pain","floor":3},{"not_picked":["Clash","Heavy Blade"],"picked":"Sword Boomerang","floor":6},{"not_picked":["Warcry","Seeing Red","Burning Pact"],"picked":"Anger","floor":8},{"not_picked":["Perfected Strike","Flex","Second Wind"],"picked":"Reaper","floor":12},{"not_picked":["Spot Weakness","Heavy Blade","Combust"],"picked":"Impervious","floor":13},{"not_picked":["Sword Boomerang","Cleave","Wild Strike"],"picked":"Clothesline","floor":14},{"not_picked":["Immolate","Exhume","Berserk+1"],"picked":"Feed","floor":16},{"not_picked":["Anger","Clothesline","Intimidate"],"picked":"Rage+1","floor":18},{"not_picked":["Flex","Burning Pact","Entrench"],"picked":"Power Through","floor":20},{"not_picked":["Clash","Armaments","Wild Strike"],"picked":"Feed","floor":22}],"player_experience":1808702,"relics_obtained":[{"floor":5,"key":"Letter Opener"},{"floor":6,"key":"Question Card"},{"floor":8,"key":"Incense Burner"},{"floor":13,"key":"Frozen Egg 2"}],"event_choices":[{"cards_removed":["Defend_R"],"damage_healed":0,"gold_gain":0,"player_choice":"Card Removal","damage_taken":7,"max_hp_gain":0,"max_hp_loss":0,"event_name":"Golden Wing","floor":2,"gold_loss":0},{"damage_healed":0,"gold_gain":0,"player_choice":"Donut","damage_taken":0,"max_hp_gain":5,"max_hp_loss":0,"event_name":"Big Fish","floor":4,"gold_loss":0},{"damage_healed":0,"gold_gain":0,"player_choice":"Read","damage_taken":0,"max_hp_gain":0,"max_hp_loss":0,"event_name":"The Library","floor":21,"gold_loss":0,"cards_obtained":["Shrug It Off"]}],"is_beta":false,"boss_relics":[{"not_picked":["Runic Cube","Orrery"],"picked":"Fusion Hammer"}],"items_purged_floors":[11,19],"is_endless":false,"potions_floor_spawned":[3,6,13,16,20,22],"killed_by":"Slavers","ascension_level":20}