{"gold_per_floor":[367,42,42,67,67,67,82,82,155,190,214,249,214,43,43,43],"floor_reached":16,"playtime":867,"items_purged":["Regret","Strike_G"],"score":162,"play_id":"5ac41d06-204e-4083-b849-bcf2833c4877","local_time":"20190309170357","is_ascension_mode":true,"campfire_choices":[{"data":"Neutralize","floor":6,"key":"SMITH"},{"data":"Dodge and Roll","floor":8,"key":"SMITH"},{"floor":15,"key":"REST"}],"neow_cost":"CURSE","seed_source_timestamp":2038243447971300,"circlet_count":0,"master_deck":["AscendersBane","Defend_G","Defend_G","Defend_G","Defend_G","Defend_G","Strike_G","Strike_G","Strike_G","Strike_G","Survivor","Neutralize+1","Quick Slash","Dodge and Roll+1","Well Laid Plans","Dagger Throw","Crippling Poison","Backstab"],"relics":["Ring of the Snake","Ornamental Fan","Golden Idol","Gremlin Horn","Ancient Tea Set","Letter Opener"],"potions_floor_usage":[10,16,16,16],"damage_taken":[{"damage":8,"enemies":"Jaw Worm","floor":1,"turns":8},{"damage":0,"enemies":"2 Louse","floor":4,"turns":4},{"damage":0,"enemies":"Cultist","floor":7,"turns":3},{"damage":28,"enemies":"Gremlin Nob","floor":10,"turns":6},{"damage":5,"enemies":"Blue Slaver","floor":11,"turns":5},{"damage":12,"enemies":"3 Sentries","floor":12,"turns":12},{"damage":35,"enemies":"Slime Boss","floor":16,"turns":10}],"seed_played":"-9047391468425768074","potions_obtained":[{"floor":5,"key":"Block Potion"},{"floor":5,"key":"AttackPotion"},{"floor":5,"key":"Block Potion"},{"floor":12,"key":"SpeedPotion"}],"is_trial":false,"path_per_floor":["M","$","?","M","?","R","M","R","T","E","M","E","?","$","R","B"],"character_chosen":"THE_SILENT","items_purchased":["Ornamental Fan","Backstab"],"campfire_rested":1,"item_purchase_floors":[2,14],"current_hp_per_floor":[55,55,55,55,55,55,55,55,55,27,22,10,10,10,29,0],"gold":43,"neow_bonus":"TWO_FIFTY_GOLD","is_prod":false,"is_daily":false,"chose_seed":false,"campfire_upgraded":2,"win_rate":0,"timestamp":1552169037,"path_taken":["M","$","?","M","?","R","M","R","T","E","?","E","?","$","R","BOSS"],"build_version":"2019-01-23","purchased_purges":2,"victory":false,"max_hp_per_floor":[70,70,65,65,65,65,65,65,65,65,65,65,65,65,65,65],"card_choices":[{"not_picked":["Catalyst","Concentrate"],"picked":"Quick Slash","floor":1},{"not_picked":["Catalyst","Slice","Flying Knee"],"picked":"SKIP","floor":4},{"not_picked":["Outmaneuver","Prepared"],"picked":"Dodge and Roll","floor":7},{"not_picked":["After Image","Distraction"],"picked":"Well Laid Plans","floor":10},{"not_picked":["Heel Hook","Deadly Poison"],"picked":"Dagger Throw","floor":11},{"not_picked":["Poisoned Stab","Infinite Blades"],"picked":"Crippling Poison","floor":12}],"player_experience":375604,"relics_obtained":[{"floor":9,"key":"Gremlin Horn"},{"floor":10,"key":"Ancient Tea Set"},{"floor":12,"key":"Letter Opener"}],"event_choices":[{"damage_healed":0,"gold_gain":0,"player_choice":"Lose Max HP","damage_taken":0,"relics_obtained":["Golden Idol"],"max_hp_gain":0,"max_hp_loss":5,"event_name":"Golden Idol","floor":3,"gold_loss":0},{"damage_healed":0,"gold_gain":0,"player_choice":"Got Potions","damage_taken":0,"max_hp_gain":0,"max_hp_loss":0,"event_name":"Lab","floor":5,"gold_loss":0},{"damage_healed":0,"gold_gain":0,"player_choice":"Left Gold","damage_taken":0,"max_hp_gain":0,"max_hp_loss":0,"event_name":"World of Goop","floor":13,"gold_loss":35}],"is_beta":false,"boss_relics":[],"items_purged_floors":[2,14],"is_endless":false,"potions_floor_spawned":[7,12],"killed_by":"Slime Boss","ascension_level":10}