{"gold_per_floor":[110,60,79,79,79,79,104,104,104,132,149,99,126,144,144,240,240,254,354,365,365,365],"floor_reached":22,"playtime":1162,"items_purged":["Strike_R"],"score":303,"play_id":"21a5988c-da9b-4cae-885e-ddc697175a16","local_time":"20190228005412","is_ascension_mode":true,"campfire_choices":[{"data":"Anger","floor":6.0,"key":"SMITH"},{"data":"Shrug It Off","floor":8.0,"key":"SMITH"},{"floor":15.0,"key":"REST"}],"neow_cost":"NONE","seed_source_timestamp":1202104142388200,"circlet_count":0,"master_deck":["AscendersBane","Defend_R","Defend_R","Defend_R","Bash+1","Anger+1","Shrug It Off+1","Rampage","Inflame","Armaments+1","Limit Break","Warcry+1","Whirlwind+1","Bloodletting+1","Battle Trance","Power Through+1","True Grit+1"],"special_seed":0,"relics":["Burning Blood","Smiling Mask","Shuriken","Orichalcum","Darkstone Periapt","Astrolabe","Turnip","Kunai"],"potions_floor_usage":[19],"damage_taken":[{"damage":6.0,"enemies":"Cultist","floor":1.0,"turns":4.0},{"damage":6.0,"enemies":"Jaw Worm","floor":3.0,"turns":4.0},{"damage":29.0,"enemies":"Gremlin Nob","floor":7.0,"turns":4.0},{"damage":36.0,"enemies":"3 Sentries","floor":10.0,"turns":8.0},{"damage":7.0,"enemies":"Small Slimes","floor":11.0,"turns":4.0},{"damage":24.0,"enemies":"Lagavulin","floor":13.0,"turns":6.0},{"damage":0.0,"enemies":"Exordium Wildlife","floor":14.0,"turns":4.0},{"damage":21.0,"enemies":"The Guardian","floor":16.0,"turns":8.0},{"damage":12,"enemies":"Chosen","floor":18,"turns":5},{"damage":19,"enemies":"Colosseum Slavers","floor":19,"turns":2},{"damage":30,"enemies":"Colosseum Nobs","floor":19,"turns":5},{"damage":19,"enemies":"2 Thieves","floor":20,"turns":3},{"damage":18,"enemies":"Cultist and Chosen","floor":22,"turns":4}],"seed_played":"2160696779652385797","potions_obtained":[{"floor":1.0,"key":"Regen Potion"},{"floor":3.0,"key":"PowerPotion"},{"floor":11.0,"key":"Energy Potion"},{"floor":13.0,"key":"PowerPotion"},{"floor":19,"key":"Explosive Potion"}],"is_trial":false,"path_per_floor":["M","?","M","?","?","R","E","R","T","E","M","$","E","M","R","B",null,"M","?","M","?","M"],"character_chosen":"IRONCLAD","items_purchased":[],"campfire_rested":1,"item_purchase_floors":[],"current_hp_per_floor":[72,72,72,65,70,70,47,47,47,32,31,31,13,19,44,29,71,65,28,15,15,0],"gold":365,"neow_bonus":"UPGRADE_CARD","is_prod":false,"is_daily":false,"chose_seed":false,"campfire_upgraded":2,"win_rate":0,"timestamp":1551333252,"path_taken":["M","?","M","?","?","R","E","R","T","E","M","$","E","M","R","BOSS","M","?","M","?","?"],"build_version":"2019-01-23","purchased_purges":1,"victory":false,"max_hp_per_floor":[80,80,80,80,85,85,85,85,85,85,85,85,85,85,85,85,85,85,85,85,85,85],"card_choices":[{"not_picked":["True Grit","Rage"],"picked":"Anger","floor":1.0},{"not_picked":["Flex","Combust"],"picked":"Shrug It Off","floor":3.0},{"not_picked":["Perfected Strike","Cleave","Hemokinesis"],"picked":"SKIP","floor":7.0},{"not_picked":["Iron Wave","Entrench"],"picked":"Rampage","floor":10.0},{"not_picked":["Sentinel","Twin Strike","Anger"],"picked":"SKIP","floor":11.0},{"not_picked":["Pommel Strike","Demon Form"],"picked":"Inflame","floor":13.0},{"not_picked":["Hemokinesis","Flex"],"picked":"Armaments","floor":14.0},{"not_picked":["Dark Embrace","Brutality"],"picked":"Limit Break","floor":16.0},{"not_picked":["Fire Breathing","Cleave"],"picked":"Battle Trance","floor":18},{"not_picked":["Corruption","Hemokinesis"],"picked":"Power Through+1","floor":19},{"not_picked":["Anger+1","Whirlwind"],"picked":"True Grit+1","floor":20}],"player_experience":317695,"relics_obtained":[{"floor":7.0,"key":"Smiling Mask"},{"floor":9.0,"key":"Shuriken"},{"floor":10.0,"key":"Orichalcum"},{"floor":13.0,"key":"Darkstone Periapt"},{"floor":19,"key":"Turnip"},{"floor":19,"key":"Kunai"}],"event_choices":[{"cards_removed":["Strike_R"],"damage_healed":0.0,"max_hp_gain":0.0,"max_hp_loss":0.0,"gold_gain":0.0,"event_name":"The Cleric","player_choice":"Card Removal","floor":2.0,"gold_loss":50.0,"damage_taken":0.0},{"cards_removed":["Strike_R"],"damage_healed":0.0,"max_hp_gain":0.0,"max_hp_loss":0.0,"gold_gain":0.0,"event_name":"Golden Wing","player_choice":"Card Removal","floor":4.0,"gold_loss":0.0,"damage_taken":7.0},{"damage_healed":0.0,"max_hp_gain":5.0,"max_hp_loss":0.0,"gold_gain":0.0,"event_name":"Big Fish","player_choice":"Donut","floor":5.0,"gold_loss":0.0,"damage_taken":0.0},{"damage_healed":0,"gold_gain":0,"player_choice":"Fight","damage_taken":0,"max_hp_gain":0,"max_hp_loss":0,"event_name":"Colosseum","floor":19,"gold_loss":0},{"damage_healed":0,"gold_gain":0,"player_choice":"Fought Nobs","damage_taken":0,"max_hp_gain":0,"max_hp_loss":0,"event_name":"Colosseum","floor":19,"gold_loss":0},{"damage_healed":0,"gold_gain":0,"player_choice":"Forge","damage_taken":0,"max_hp_gain":0,"max_hp_loss":0,"event_name":"Accursed Blacksmith","floor":21,"gold_loss":0,"cards_upgraded":["Armaments"]}],"is_beta":false,"boss_relics":[{"not_picked":["Orrery","Runic Dome"],"picked":"Astrolabe"}],"items_purged_floors":[12],"is_endless":false,"potions_floor_spawned":[1,3,11,13,19],"killed_by":"Cultist and Chosen","ascension_level":10}