{"gold_per_floor":[117,135,155,125,125,125,184,184,237,237,251,262,295,307,307,307],"floor_reached":16,"playtime":868,"items_purged":[],"score":224,"play_id":"7d346af0-d502-41a1-95ae-cebc84d22106","local_time":"20190211221935","is_ascension_mode":true,"campfire_choices":[{"data":"Poisoned Stab","floor":6,"key":"SMITH"},{"data":"Deadly Poison","floor":8,"key":"SMITH"},{"floor":10,"key":"REST"},{"floor":15,"key":"REST"}],"neow_cost":"NONE","seed_source_timestamp":2322426191351893,"circlet_count":0,"master_deck":["AscendersBane","Defend_G","Defend_G","Defend_G","Defend_G","Defend_G","Strike_G","Strike_G","Strike_G","Strike_G","Strike_G","Survivor","Neutralize","Tools of the Trade","Poisoned Stab+1","Deadly Poison+1","Deadly Poison","Backflip","Deadly Poison","Noxious Fumes","Malaise"],"relics":["Ring of the Snake","Gremlin Horn","Tiny Chest","PreservedInsect","Bottled Tornado"],"potions_floor_usage":[7,16],"damage_taken":[{"damage":3,"enemies":"Cultist","floor":1,"turns":6},{"damage":0,"enemies":"Jaw Worm","floor":2,"turns":5},{"damage":7,"enemies":"Small Slimes","floor":3,"turns":5},{"damage":36,"enemies":"3 Sentries","floor":7,"turns":11},{"damage":4,"enemies":"Looter","floor":11,"turns":4},{"damage":13,"enemies":"3 Louse","floor":12,"turns":2},{"damage":12,"enemies":"Lagavulin","floor":13,"turns":7},{"damage":1,"enemies":"Large Slime","floor":14,"turns":6},{"damage":24,"enemies":"Slime Boss","floor":16,"turns":10}],"seed_played":"-6706106520273013555","potions_obtained":[{"floor":2,"key":"Block Potion"},{"floor":12,"key":"Ancient Potion"},{"floor":13,"key":"GhostInAJar"}],"is_trial":false,"path_per_floor":["M","M","M","$","T","R","E","R","T","R","M","M","E","M","R","B"],"character_chosen":"THE_SILENT","items_purchased":["Deadly Poison"],"campfire_rested":2,"item_purchase_floors":[4],"current_hp_per_floor":[56,56,49,49,49,49,13,13,13,32,28,15,3,2,21,0],"gold":307,"neow_bonus":"ONE_RANDOM_RARE_CARD","is_prod":false,"is_daily":false,"chose_seed":false,"campfire_upgraded":2,"win_rate":0,"timestamp":1549919975,"path_taken":["M","?","M","?","?","R","E","R","T","R","M","M","E","M","R","BOSS"],"build_version":"2019-01-23","purchased_purges":0,"victory":false,"max_hp_per_floor":[66,66,66,66,66,66,66,66,66,66,66,66,66,66,66,66],"card_choices":[{"not_picked":["Cloak And Dagger","Backflip"],"picked":"Poisoned Stab","floor":1},{"not_picked":["Underhanded Strike","Cloak And Dagger"],"picked":"Deadly Poison","floor":2},{"not_picked":["Slice","Dagger Throw","Choke"],"picked":"SKIP","floor":3},{"not_picked":["Dash","Dagger Spray"],"picked":"Backflip","floor":7},{"not_picked":["Backstab","Choke"],"picked":"Deadly Poison","floor":11},{"not_picked":["Deflect","Distraction","Blade Dance"],"picked":"SKIP","floor":12},{"not_picked":["Bouncing Flask","Endless Agony"],"picked":"Noxious Fumes","floor":13},{"not_picked":["Dash","Acrobatics"],"picked":"Malaise","floor":14}],"player_experience":1879581,"relics_obtained":[{"floor":5,"key":"Gremlin Horn"},{"floor":7,"key":"Tiny Chest"},{"floor":9,"key":"PreservedInsect"},{"floor":13,"key":"Bottled Tornado"}],"event_choices":[],"is_beta":false,"boss_relics":[],"items_purged_floors":[],"is_endless":false,"potions_floor_spawned":[2,12,13],"killed_by":"Slime Boss","ascension_level":20}