{"gold_per_floor":[116,136,136,29,29,29,64,82,82,109,34,34,34,48,48,48],"floor_reached":16,"playtime":921,"items_purged":["Strike_R"],"score":216,"play_id":"a908ea9a-935f-4520-ba15-1aca033dc8f1","local_time":"20181223115731","is_ascension_mode":true,"campfire_choices":[{"data":"Carnage","floor":6,"key":"SMITH"},{"data":"Inflame","floor":12,"key":"SMITH"},{"data":"Sword Boomerang","floor":15,"key":"SMITH"}],"neow_cost":"NONE","seed_source_timestamp":606811141345245,"circlet_count":0,"master_deck":["AscendersBane","Strike_R","Strike_R","Strike_R+1","Defend_R","Defend_R","Defend_R","Defend_R","Bash+1","Double Tap","Carnage+1","Shrug It Off","Inflame+1","Shrug It Off","Sword Boomerang+1","Battle Trance","Inflame+1","Headbutt"],"relics":["Burning Blood","Darkstone Periapt","Red Skull","Frozen Egg 2"],"potions_floor_usage":[16],"damage_taken":[{"damage":3,"enemies":"2 Louse","floor":1,"turns":4},{"damage":6,"enemies":"Cultist","floor":2,"turns":3},{"damage":34,"enemies":"3 Sentries","floor":7,"turns":11},{"damage":1,"enemies":"Small Slimes","floor":8,"turns":4},{"damage":19,"enemies":"Lagavulin","floor":10,"turns":6},{"damage":0,"enemies":"Exordium Wildlife","floor":14,"turns":3},{"damage":17,"enemies":"The Guardian","floor":16,"turns":10}],"seed_played":"-6519585522638878883","potions_obtained":[{"floor":1,"key":"FairyPotion"},{"floor":7,"key":"GamblersBrew"}],"is_trial":false,"path_per_floor":["M","M","?","$","?","R","E","M","T","E","$","R","?","M","R","B"],"character_chosen":"IRONCLAD","items_purchased":["Inflame","Shrug It Off"],"campfire_rested":0,"item_purchase_floors":[4,4],"current_hp_per_floor":[71,71,71,71,48,48,20,25,25,12,12,12,7,13,13,0],"gold":48,"neow_bonus":"ONE_RANDOM_RARE_CARD","is_prod":false,"is_daily":false,"chose_seed":false,"campfire_upgraded":3,"win_rate":0,"timestamp":1545562651,"path_taken":["M","M","?","?","?","R","E","M","T","E","$","R","?","?","R","BOSS"],"build_version":"2018-12-20","purchased_purges":1,"victory":false,"max_hp_per_floor":[75,75,75,75,75,75,75,75,75,75,75,75,75,75,75,75],"card_choices":[{"not_picked":["Wild Strike","Disarm"],"picked":"Carnage","floor":1},{"not_picked":["Heavy Blade","Infernal Blade"],"picked":"Shrug It Off","floor":2},{"not_picked":["Shrug It Off","True Grit"],"picked":"Sword Boomerang","floor":7},{"not_picked":["Warcry","Perfected Strike"],"picked":"Battle Trance","floor":8},{"not_picked":["Wild Strike","Reckless Charge"],"picked":"Inflame","floor":10},{"not_picked":["Iron Wave","Dual Wield"],"picked":"Headbutt","floor":14}],"player_experience":1691514,"relics_obtained":[{"floor":7,"key":"Darkstone Periapt"},{"floor":9,"key":"Red Skull"},{"floor":10,"key":"Frozen Egg 2"}],"event_choices":[{"cards_removed":["Strike_R"],"damage_healed":0,"gold_gain":0,"player_choice":"Purged","damage_taken":0,"max_hp_gain":0,"max_hp_loss":0,"event_name":"Purifier","floor":3,"gold_loss":0},{"damage_healed":0,"gold_gain":0,"player_choice":"Entered Light","damage_taken":23,"max_hp_gain":0,"max_hp_loss":0,"event_name":"Shining Light","floor":5,"gold_loss":0,"cards_upgraded":["Strike_R","Bash"]},{"damage_healed":0,"gold_gain":0,"player_choice":"Fled","damage_taken":18,"max_hp_gain":0,"max_hp_loss":0,"event_name":"Scrap Ooze","floor":13,"gold_loss":0}],"is_beta":false,"boss_relics":[],"items_purged_floors":[11],"is_endless":false,"potions_floor_spawned":[1,7,10],"killed_by":"The Guardian","ascension_level":20}