{"gold_per_floor":[368,386,7,7,20,48,48,80,80,91,91,121,135,166,166,239,239,253,269,283,295,34,34,48,59,59,59,9,9,59,76,76,149,149,160,160,177,177,177],"floor_reached":39,"playtime":2739,"items_purged":["Strike_B","Strike_B","Defend_B"],"score":826,"play_id":"6c3674d8-0770-4b2a-a336-94607a3fff8d","local_time":"20190223173528","is_ascension_mode":true,"campfire_choices":[{"data":"Streamline","floor":7,"key":"SMITH"},{"floor":11,"key":"REST"},{"data":"Defragment","floor":15,"key":"SMITH"},{"floor":23,"key":"REST"},{"data":"Capacitor","floor":27,"key":"SMITH"},{"data":"Amplify","floor":29,"key":"SMITH"},{"floor":32,"key":"REST"}],"neow_cost":"TEN_PERCENT_HP_LOSS","seed_source_timestamp":660865811650168,"circlet_count":0,"master_deck":["AscendersBane","Strike_B","Defend_B+1","Defend_B","Defend_B","Zap","Dualcast+1","Leap","Defragment+1","FTL","Storm","Seek","Loop","Core Surge","Conserve Battery","Cold Snap","Amplify+1","Sweeping Beam+1","Cold Snap+1","Compile Driver+1","Capacitor+1","Core Surge","Doom and Gloom+1","FTL","Electrodynamics","Finesse","Skim"],"relics":["FrozenCore","Toolbox","War Paint","Darkstone Periapt","Oddly Smooth Stone","Smiling Mask","Bag of Preparation","OrangePellets","Dodecahedron","Sozu"],"potions_floor_usage":[6,18,21,33,39],"damage_taken":[{"damage":2,"enemies":"Jaw Worm","floor":1,"turns":3},{"damage":1,"enemies":"Cultist","floor":2,"turns":4},{"damage":0,"enemies":"Small Slimes","floor":5,"turns":3},{"damage":27,"enemies":"Lagavulin","floor":6,"turns":8},{"damage":8,"enemies":"Gremlin Nob","floor":8,"turns":3},{"damage":0,"enemies":"Exordium Thugs","floor":10,"turns":4},{"damage":4,"enemies":"Lagavulin","floor":12,"turns":5},{"damage":0,"enemies":"3 Louse","floor":13,"turns":4},{"damage":15,"enemies":"Gremlin Nob","floor":14,"turns":4},{"damage":24,"enemies":"The Guardian","floor":16,"turns":9},{"damage":10,"enemies":"3 Byrds","floor":18,"turns":6},{"damage":1,"enemies":"Chosen","floor":19,"turns":6},{"damage":0,"enemies":"Centurion and Healer","floor":20,"turns":7},{"damage":17,"enemies":"Snake Plant","floor":21,"turns":5},{"damage":0,"enemies":"Snecko","floor":24,"turns":5},{"damage":4,"enemies":"Chosen and Byrds","floor":25,"turns":7},{"damage":0,"enemies":"Centurion and Healer","floor":31,"turns":8},{"damage":20,"enemies":"Collector","floor":33,"turns":10},{"damage":2,"enemies":"3 Shapes","floor":35,"turns":3},{"damage":30,"enemies":"3 Darklings","floor":37,"turns":5},{"damage":33,"enemies":"Maw","floor":39,"turns":8}],"seed_played":"4774023333187383453","potions_obtained":[{"floor":5,"key":"Regen Potion"},{"floor":12,"key":"Weak Potion"},{"floor":13,"key":"GamblersBrew"},{"floor":14,"key":"AttackPotion"},{"floor":16,"key":"Dexterity Potion"},{"floor":18,"key":"GamblersBrew"},{"floor":19,"key":"Block Potion"},{"floor":21,"key":"Block Potion"}],"is_trial":false,"path_per_floor":["M","M","$","?","M","E","R","E","T","M","R","E","M","E","R","B",null,"M","M","M","M","$","R","M","M","T","R","$","R","?","M","R","B",null,"M","?","M","?","M"],"character_chosen":"DEFECT","items_purchased":["Defragment","Toolbox","OrangePellets"],"campfire_rested":3,"item_purchase_floors":[3,3,22],"current_hp_per_floor":[62,61,61,61,61,46,46,38,38,38,57,53,53,38,38,14,52,42,41,41,24,24,43,43,39,39,39,39,39,39,39,58,38,58,56,56,26,26,0],"gold":177,"neow_bonus":"TWO_FIFTY_GOLD","is_prod":false,"is_daily":false,"chose_seed":false,"campfire_upgraded":4,"win_rate":0,"timestamp":1550936128,"path_taken":["M","M","$","?","M","E","R","E","T","?","R","E","M","E","R","BOSS","M","M","M","M","$","R","M","M","T","R","$","R","?","M","R","BOSS","M","?","M","?","M"],"build_version":"2019-01-23","purchased_purges":3,"victory":false,"max_hp_per_floor":[64,64,64,64,64,64,64,64,64,64,64,64,64,64,64,64,64,64,64,64,64,64,64,64,64,64,64,64,64,64,64,64,64,64,64,64,64,64,64],"card_choices":[{"not_picked":["Compile Driver","Chaos"],"picked":"Leap","floor":1},{"not_picked":["Go for the Eyes","Sweeping Beam"],"picked":"Streamline","floor":2},{"not_picked":["Aggregate","Scrape"],"picked":"FTL","floor":5},{"not_picked":["Gash","Turbo"],"picked":"Storm","floor":6},{"not_picked":["Genetic Algorithm","Barrage"],"picked":"Seek","floor":8},{"not_picked":["Beam Cell","Chill"],"picked":"Loop","floor":10},{"not_picked":["Storm","Rebound"],"picked":"Core Surge","floor":12},{"not_picked":["Gash","Stack"],"picked":"Conserve Battery","floor":13},{"not_picked":["Hello World","Coolheaded"],"picked":"Cold Snap","floor":14},{"not_picked":["All For One","Thunder Strike"],"picked":"Amplify","floor":16},{"not_picked":["Rebound","Undo"],"picked":"Sweeping Beam+1","floor":18},{"not_picked":["Rebound","Go for the Eyes"],"picked":"Cold Snap+1","floor":19},{"not_picked":["Conserve Battery","Self Repair"],"picked":"Compile Driver+1","floor":20},{"not_picked":["Go for the Eyes","Rebound+1"],"picked":"Capacitor","floor":21},{"not_picked":["Barrage","Gash"],"picked":"Core Surge","floor":24},{"not_picked":["Leap","Streamline"],"picked":"Doom and Gloom+1","floor":25},{"not_picked":["Sweeping Beam","Leap"],"picked":"FTL","floor":31},{"not_picked":["Reboot","All For One"],"picked":"Electrodynamics","floor":33},{"not_picked":["Redo","Gash+1","Rebound+1"],"picked":"SKIP","floor":35},{"not_picked":["Violence","Dramatic Entrance"],"picked":"Finesse","floor":36},{"not_picked":["Go for the Eyes","Undo"],"picked":"Skim","floor":37}],"player_experience":1545431,"relics_obtained":[{"floor":6,"key":"War Paint"},{"floor":8,"key":"Darkstone Periapt"},{"floor":9,"key":"Oddly Smooth Stone"},{"floor":12,"key":"Smiling Mask"},{"floor":14,"key":"Bag of Preparation"},{"floor":26,"key":"Dodecahedron"}],"event_choices":[{"cards_removed":["Strike_B"],"damage_healed":0,"gold_gain":0,"player_choice":"Purged","damage_taken":0,"max_hp_gain":0,"max_hp_loss":0,"event_name":"Purifier","floor":4,"gold_loss":0},{"damage_healed":0,"gold_gain":50,"player_choice":"Pray","damage_taken":0,"max_hp_gain":0,"max_hp_loss":0,"event_name":"Golden Shrine","floor":30,"gold_loss":0},{"damage_healed":0,"gold_gain":0,"player_choice":"Memory 1","damage_taken":0,"max_hp_gain":0,"max_hp_loss":0,"event_name":"SensoryStone","floor":36,"gold_loss":0},{"cards_removed":["Streamline"],"damage_healed":0,"gold_gain":0,"player_choice":"Removed Attack","damage_taken":0,"max_hp_gain":0,"max_hp_loss":0,"event_name":"Falling","floor":38,"gold_loss":0}],"is_beta":false,"boss_relics":[{"not_picked":["Philosopher\u0027s Stone","Fusion Hammer"],"picked":"FrozenCore"},{"not_picked":["Runic Pyramid","Coffee Dripper"],"picked":"Sozu"}],"items_purged_floors":[3,22,28],"is_endless":false,"potions_floor_spawned":[5,12,13,14,16,18,19,21,25,35],"killed_by":"Maw","ascension_level":20}