{"gold_per_floor":[110,110,120,120,139,139,155,175,202,235,235,291,304,304,304,304],"floor_reached":16,"playtime":673,"items_purged":[],"score":123,"play_id":"b3deb2f4-057b-4ba9-a2ad-e8e5e55042e0","local_time":"20190310162052","is_ascension_mode":true,"campfire_choices":[{"data":"Wild Strike","floor":6,"key":"SMITH"},{"data":"True Grit","floor":11,"key":"SMITH"},{"floor":15,"key":"REST"}],"neow_cost":"NONE","seed_source_timestamp":19892017554117,"circlet_count":0,"master_deck":["Strike_R+1","Strike_R","Strike_R","Defend_R","Defend_R","Defend_R","Defend_R","Bash+1","Wild Strike+1","Thunderclap","Power Through","True Grit+1","Power Through","True Grit"],"relics":["Empty Cage","FaceOfCleric","Pen Nib","Anchor","Tiny Chest","Happy Flower"],"potions_floor_usage":[10,16],"damage_taken":[{"damage":15,"enemies":"Small Slimes","floor":1,"turns":5},{"damage":10,"enemies":"2 Louse","floor":3,"turns":4},{"damage":0,"enemies":"Cultist","floor":5,"turns":4},{"damage":0,"enemies":"Exordium Wildlife","floor":7,"turns":3},{"damage":0,"enemies":"Red Slaver","floor":8,"turns":3},{"damage":14,"enemies":"Gremlin Nob","floor":10,"turns":3},{"damage":7,"enemies":"Lagavulin","floor":12,"turns":6},{"damage":0,"enemies":"Looter","floor":13,"turns":2},{"damage":38,"enemies":"Slime Boss","floor":16,"turns":8}],"seed_played":"2108818692061794876","potions_obtained":[{"floor":5,"key":"Poison Potion"},{"floor":7,"key":"SteroidPotion"},{"floor":10,"key":"Explosive Potion"}],"is_trial":false,"path_per_floor":["M","?","M","?","M","R","M","M","T","E","R","E","M","T","R","B"],"character_chosen":"IRONCLAD","items_purchased":[],"campfire_rested":1,"item_purchase_floors":[],"current_hp_per_floor":[65,49,39,39,40,40,41,42,42,29,29,23,24,24,49,11],"gold":304,"neow_bonus":"BOSS_RELIC","is_prod":false,"is_daily":false,"chose_seed":false,"campfire_upgraded":2,"win_rate":0,"timestamp":1552202452,"path_taken":["M","?","M","?","M","R","M","M","T","E","R","E","?","?","R","BOSS"],"build_version":"2019-01-23","purchased_purges":0,"victory":false,"max_hp_per_floor":[80,80,80,80,81,81,82,83,83,84,84,85,86,86,86,86],"card_choices":[{"not_picked":["Heavy Blade","Clash","Carnage"],"picked":"SKIP","floor":1},{"not_picked":["Sword Boomerang","Sever Soul"],"picked":"Wild Strike","floor":3},{"not_picked":["Carnage","Havoc"],"picked":"Thunderclap","floor":5},{"not_picked":["Headbutt","Twin Strike"],"picked":"Power Through","floor":7},{"not_picked":["Hemokinesis","Clothesline","Pommel Strike"],"picked":"SKIP","floor":8},{"not_picked":["Exhume","Cleave"],"picked":"True Grit","floor":10},{"not_picked":["Corruption","Dual Wield"],"picked":"Power Through","floor":12},{"not_picked":["Cleave","Heavy Blade"],"picked":"True Grit","floor":13}],"player_experience":278855,"relics_obtained":[{"floor":9,"key":"Pen Nib"},{"floor":10,"key":"Anchor"},{"floor":12,"key":"Tiny Chest"},{"floor":14,"key":"Happy Flower"}],"event_choices":[{"damage_healed":0,"gold_gain":0,"player_choice":"Entered Light","damage_taken":16,"max_hp_gain":0,"max_hp_loss":0,"event_name":"Shining Light","floor":2,"gold_loss":0,"cards_upgraded":["Bash","Strike_R"]},{"damage_healed":0,"gold_gain":0,"player_choice":"Trade","damage_taken":0,"relics_obtained":["FaceOfCleric"],"max_hp_gain":0,"max_hp_loss":0,"event_name":"FaceTrader","floor":4,"gold_loss":0}],"is_beta":false,"boss_relics":[],"items_purged_floors":[],"is_endless":false,"potions_floor_spawned":[5,7,10],"killed_by":"Slime Boss","ascension_level":2}