{"gold_per_floor":[110,110,110,110,35,35,100,112,124,136,182,194,219,259,271,360,372,394,425,125,139,139,139,139],"floor_reached":24,"playtime":892,"items_purged":["Strike_R","Strike_R"],"score":360,"play_id":"3eb960a4-84f5-4e9f-a6ac-3037cd5f2005","local_time":"20180925205400","is_ascension_mode":true,"campfire_choices":[{"data":"Defend_R","floor":6,"key":"SMITH"},{"data":"Uppercut","floor":10,"key":"SMITH"},{"data":"Inflame","floor":12,"key":"SMITH"},{"data":"Defend_R","floor":15,"key":"SMITH"},{"data":"Demon Form","floor":23,"key":"SMITH"}],"neow_cost":"NONE","seed_source_timestamp":516887634946820,"circlet_count":0,"master_deck":["Strike_R+1","Defend_R+1","Defend_R+1","Defend_R+1","Defend_R+1","Bash+1","AscendersBane","Headbutt+1","Uppercut+1","Inflame+1","Demon Form+1","Reaper","Anger"],"relics":["Burning Blood","Pantograph","MawBank","Dodecahedron","StoneCalendar","War Paint","The Courier","Empty Cage","Singing Bowl"],"potions_floor_usage":[11,24],"damage_taken":[{"damage":7,"enemies":"2 Louse","floor":1,"turns":4},{"damage":27,"enemies":"Gremlin Nob","floor":7,"turns":4},{"damage":14,"enemies":"3 Sentries","floor":11,"turns":7},{"damage":1,"enemies":"Jaw Worm","floor":13,"turns":3},{"damage":8,"enemies":"Lagavulin","floor":14,"turns":7},{"damage":32,"enemies":"Hexaghost","floor":16,"turns":9},{"damage":19,"enemies":"Spheric Guardian","floor":18,"turns":7},{"damage":25,"enemies":"Shell Parasite","floor":19,"turns":8},{"damage":20,"enemies":"Chosen and Byrds","floor":21,"turns":6},{"damage":34,"enemies":"Book of Stabbing","floor":24,"turns":4}],"seed_played":"878321053257564561","potions_obtained":[{"floor":7,"key":"SteroidPotion"},{"floor":7,"key":"SkillPotion"},{"floor":11,"key":"Fire Potion"},{"floor":18,"key":"EssenceOfSteel"}],"is_trial":false,"path_per_floor":["M","?","?","?","$","R","?","T","T","R","E","R","M","E","R","B",null,"M","M","$","M","?","R"],"character_chosen":"IRONCLAD","items_purchased":["Singing Bowl"],"campfire_rested":0,"item_purchase_floors":[20],"current_hp_per_floor":[67,44,33,58,58,58,37,37,37,37,29,29,34,32,32,31,64,67,52,52,52,30,30,0],"gold":139,"neow_bonus":"UPGRADE_CARD","is_prod":false,"is_daily":false,"chose_seed":false,"campfire_upgraded":5,"win_rate":0,"timestamp":1537901640,"path_taken":["M","?","?","?","$","R","?","?","T","R","E","R","M","E","R","BOSS","M","M","$","M","?","R","E"],"build_version":"2018-09-20","purchased_purges":2,"victory":false,"max_hp_per_floor":[75,75,75,75,75,75,75,75,75,75,75,75,75,75,75,75,75,75,75,75,77,82,82,82],"card_choices":[{"not_picked":["Cleave","Sword Boomerang"],"picked":"Headbutt","floor":1},{"not_picked":["Combust","Perfected Strike"],"picked":"Uppercut","floor":7},{"not_picked":["Warcry","True Grit"],"picked":"Inflame","floor":11},{"not_picked":["Armaments","Pommel Strike","Entrench"],"picked":"SKIP","floor":13},{"not_picked":["Sword Boomerang","Cleave"],"picked":"Demon Form","floor":14},{"not_picked":["Immolate","Fiend Fire"],"picked":"Reaper","floor":16},{"not_picked":["Searing Blow","Body Slam"],"picked":"Anger","floor":18},{"not_picked":["Heavy Blade","Clash","Reckless Charge+1"],"picked":"SKIP","floor":19},{"not_picked":["Evolve","Perfected Strike","Thunderclap"],"picked":"Singing Bowl","floor":21}],"player_experience":1237653,"relics_obtained":[{"floor":7,"key":"MawBank"},{"floor":8,"key":"Dodecahedron"},{"floor":9,"key":"StoneCalendar"},{"floor":11,"key":"War Paint"},{"floor":14,"key":"The Courier"}],"event_choices":[{"event_name":"Shining Light","player_choice":"Entered Light","floor":2,"damage_taken":0},{"event_name":"Scrap Ooze","player_choice":"success","floor":3,"damage_taken":11},{"event_name":"Big Fish","player_choice":"Banana","floor":4,"damage_taken":0},{"event_name":"Dead Adventurer","player_choice":"Searched \u00271\u0027 times","floor":7,"damage_taken":0},{"event_name":"Forgotten Altar","player_choice":"Shed Blood","floor":22,"damage_taken":0}],"is_beta":false,"boss_relics":[{"not_picked":["Eternal Feather","Coffee Dripper"],"picked":"Empty Cage"}],"items_purged_floors":[5,20],"is_endless":false,"potions_floor_spawned":[7,7,11,13,18],"killed_by":"Book of Stabbing","ascension_level":16}