{"gold_per_floor":[20,20,32,132,151,177,189,162,188,188,188,218,293,305,305,404,404,417,417,434,144,158,188,188,198,225,225],"floor_reached":27,"playtime":1279,"items_purged":[],"score":253,"play_id":"586d40cb-04c3-4f2d-b69e-348c0bf0fd2d","local_time":"20190310022232","is_ascension_mode":true,"campfire_choices":[{"data":"Armaments","floor":7.0,"key":"SMITH"},{"data":"Fiend Fire","floor":15.0,"key":"SMITH"},{"data":"Dark Embrace","floor":24.0,"key":"SMITH"}],"neow_cost":"NO_GOLD","seed_source_timestamp":71533340783728,"circlet_count":0,"master_deck":["Strike_R+1","Strike_R","Strike_R","Strike_R","Defend_R+1","Defend_R","Defend_R","Defend_R","Bash","Fiend Fire+1","Armaments+1","Juggernaut+1","Feel No Pain","Second Wind","Impervious","Corruption+1","Wild Strike","Dark Embrace+1"],"special_seed":0,"relics":["Burning Blood","MawBank","Pen Nib","Orichalcum","Potion Belt","Runic Cube","Prayer Wheel","Happy Flower","Juzu Bracelet"],"potions_floor_usage":[27,27],"damage_taken":[{"damage":10.0,"enemies":"Small Slimes","floor":1.0,"turns":3.0},{"damage":6.0,"enemies":"Jaw Worm","floor":3.0,"turns":2.0},{"damage":0.0,"enemies":"Cultist","floor":5.0,"turns":2.0},{"damage":39.0,"enemies":"3 Sentries","floor":6.0,"turns":10.0},{"damage":2.0,"enemies":"Lagavulin","floor":12.0,"turns":7.0},{"damage":5.0,"enemies":"Looter","floor":14.0,"turns":3.0},{"damage":10.0,"enemies":"The Guardian","floor":16.0,"turns":13.0},{"damage":7.0,"enemies":"Chosen","floor":18.0,"turns":6.0},{"damage":17.0,"enemies":"Shell Parasite","floor":20.0,"turns":4.0},{"damage":31.0,"enemies":"Snake Plant","floor":22.0,"turns":3.0},{"damage":22.0,"enemies":"Book of Stabbing","floor":23.0,"turns":6.0},{"damage":9.0,"enemies":"Cultist and Chosen","floor":25.0,"turns":6.0},{"damage":29,"enemies":"Slavers","floor":27,"turns":3}],"seed_played":"-9053384978731140253","potions_obtained":[{"floor":5.0,"key":"Ancient Potion"},{"floor":6.0,"key":"Dexterity Potion"},{"floor":16.0,"key":"Energy Potion"},{"floor":18.0,"key":"LiquidBronze"},{"floor":20.0,"key":"Weak Potion"}],"is_trial":false,"path_per_floor":["M","?","M","?","M","E","R","$","T","?","?","E","?","M","R","B",null,"M","?","M","$","M","E","R","M","T","E"],"character_chosen":"IRONCLAD","items_purchased":["Feel No Pain","Prayer Wheel"],"campfire_rested":0,"item_purchase_floors":[8,21],"current_hp_per_floor":[76,60,60,60,66,33,33,33,33,33,26,30,19,20,20,16,80,79,79,68,68,43,27,27,24,24,0],"gold":225,"neow_bonus":"THREE_RARE_CARDS","is_prod":false,"is_daily":false,"chose_seed":false,"campfire_upgraded":3,"win_rate":0,"timestamp":1552152152,"path_taken":["M","?","M","?","?","E","R","$","T","?","?","E","?","M","R","BOSS","M","?","M","$","M","E","R","?","T","E"],"build_version":"2019-01-23","purchased_purges":0,"victory":false,"max_hp_per_floor":[80,80,80,80,80,80,80,80,80,80,80,80,80,80,80,80,80,80,80,80,80,80,80,80,80,80,80],"card_choices":[{"not_picked":["Limit Break","Berserk"],"picked":"Fiend Fire","floor":0.0},{"not_picked":["Warcry","Shrug It Off"],"picked":"Armaments","floor":1.0},{"not_picked":["Flex","Clothesline","Rampage"],"picked":"SKIP","floor":3.0},{"not_picked":["Dual Wield","Carnage","Pommel Strike"],"picked":"SKIP","floor":5.0},{"not_picked":["Headbutt","Clothesline"],"picked":"Juggernaut","floor":6.0},{"not_picked":["Anger","Flex"],"picked":"Second Wind","floor":12.0},{"not_picked":["Headbutt","Anger","Perfected Strike"],"picked":"SKIP","floor":14.0},{"not_picked":["Juggernaut","Offering"],"picked":"Impervious","floor":16.0},{"not_picked":["Combust+1","Headbutt+1","Searing Blow"],"picked":"SKIP","floor":18.0},{"not_picked":["Havoc","Flex"],"picked":"Corruption+1","floor":20.0},{"not_picked":["Cleave","Perfected Strike"],"picked":"Wild Strike","floor":22.0},{"not_picked":["Uppercut+1","Clash","Havoc"],"picked":"SKIP","floor":22.0},{"not_picked":["Sever Soul","Body Slam"],"picked":"Dark Embrace","floor":23.0},{"not_picked":["Rupture+1","Perfected Strike","Heavy Blade"],"picked":"SKIP","floor":25.0},{"not_picked":["Sword Boomerang","Sever Soul","Heavy Blade+1"],"picked":"SKIP","floor":25.0}],"player_experience":270827,"relics_obtained":[{"floor":6.0,"key":"MawBank"},{"floor":9.0,"key":"Pen Nib"},{"floor":12.0,"key":"Potion Belt"},{"floor":23.0,"key":"Happy Flower"},{"floor":26.0,"key":"Juzu Bracelet"}],"event_choices":[{"damage_healed":0.0,"max_hp_gain":0.0,"max_hp_loss":0.0,"gold_gain":0.0,"event_name":"Shining Light","player_choice":"Entered Light","floor":2.0,"gold_loss":0.0,"damage_taken":16.0,"cards_upgraded":["Strike_R","Defend_R"]},{"damage_healed":0.0,"max_hp_gain":0.0,"max_hp_loss":0.0,"gold_gain":100.0,"event_name":"Golden Shrine","player_choice":"Pray","floor":4.0,"gold_loss":0.0,"damage_taken":0.0},{"cards_removed":["Strike_R"],"damage_healed":0.0,"max_hp_gain":0.0,"max_hp_loss":0.0,"gold_gain":0.0,"event_name":"Living Wall","player_choice":"Forget","floor":10.0,"gold_loss":0.0,"damage_taken":0.0},{"damage_healed":0.0,"max_hp_gain":0.0,"max_hp_loss":0.0,"gold_gain":0.0,"event_name":"Scrap Ooze","player_choice":"Success","floor":11.0,"gold_loss":0.0,"damage_taken":7.0,"relics_obtained":["Orichalcum"]},{"damage_healed":0.0,"max_hp_gain":0.0,"max_hp_loss":0.0,"gold_gain":75.0,"event_name":"World of Goop","player_choice":"Gather Gold","floor":13.0,"gold_loss":0.0,"damage_taken":11.0},{"damage_healed":0.0,"max_hp_gain":0.0,"max_hp_loss":0.0,"gold_gain":0.0,"event_name":"Upgrade Shrine","player_choice":"Upgraded","floor":19.0,"gold_loss":0.0,"damage_taken":0.0,"cards_upgraded":["Juggernaut"]}],"is_beta":false,"boss_relics":[{"not_picked":["White Beast Statue","Busted Crown"],"picked":"Runic Cube"}],"items_purged_floors":[],"is_endless":false,"potions_floor_spawned":[5,6,16,18,20],"killed_by":"Slavers","ascension_level":1}