{"gold_per_floor":[18,33,45,45,45,45,71,128,128,140,140],"floor_reached":11,"playtime":525,"items_purged":[],"score":146,"play_id":"b385e870-5ef8-47f1-8e2a-022852d4bdcb","local_time":"20190302152931","is_ascension_mode":true,"campfire_choices":[{"data":"Deadly Poison","floor":6,"key":"SMITH"}],"neow_cost":"NO_GOLD","seed_source_timestamp":1187832867644019,"circlet_count":0,"master_deck":["AscendersBane","Defend_G","Defend_G","Defend_G","Defend_G","Defend_G","Strike_G","Strike_G","Strike_G","Strike_G","Strike_G","Survivor","Neutralize","After Image","Backstab","PiercingWail","Deadly Poison+1","Catalyst","Crippling Poison","Footwork+1"],"relics":["Ring of the Snake","Frozen Egg 2","Torii","Pen Nib"],"potions_floor_usage":[7,8],"damage_taken":[{"damage":3,"enemies":"2 Louse","floor":1,"turns":6},{"damage":0,"enemies":"Jaw Worm","floor":2,"turns":5},{"damage":1,"enemies":"Small Slimes","floor":3,"turns":5},{"damage":23,"enemies":"Gremlin Nob","floor":7,"turns":4},{"damage":25,"enemies":"Gremlin Nob","floor":8,"turns":4},{"damage":0,"enemies":"2 Fungi Beasts","floor":10,"turns":4},{"damage":31,"enemies":"Lagavulin","floor":11,"turns":11}],"seed_played":"-3520517749403929163","potions_obtained":[{"floor":2,"key":"FearPotion"},{"floor":3,"key":"SkillPotion"}],"is_trial":false,"path_per_floor":["M","M","M","?","?","R","E","?","T","M","E"],"character_chosen":"THE_SILENT","items_purchased":[],"campfire_rested":0,"item_purchase_floors":[],"current_hp_per_floor":[56,56,55,60,60,60,37,12,12,12,0],"gold":140,"neow_bonus":"THREE_RARE_CARDS","is_prod":false,"is_daily":false,"chose_seed":false,"campfire_upgraded":1,"win_rate":0,"timestamp":1551536971,"path_taken":["M","M","M","?","?","R","E","?","T","M","E"],"build_version":"2019-01-23","purchased_purges":0,"victory":false,"max_hp_per_floor":[66,66,66,71,71,71,71,71,71,71,71],"card_choices":[{"not_picked":["Grand Finale","Phantasmal Killer"],"picked":"After Image","floor":0},{"not_picked":["Poisoned Stab","Heel Hook"],"picked":"Backstab","floor":1},{"not_picked":["Slice","Prepared"],"picked":"PiercingWail","floor":2},{"not_picked":["Sucker Punch","Acrobatics"],"picked":"Deadly Poison","floor":3},{"not_picked":["Quick Slash","Outmaneuver"],"picked":"Catalyst","floor":7},{"not_picked":["Terror","Outmaneuver"],"picked":"Crippling Poison","floor":8},{"not_picked":["Deadly Poison","Calculated Gamble"],"picked":"Footwork+1","floor":10}],"player_experience":1957562,"relics_obtained":[{"floor":7,"key":"Frozen Egg 2"},{"floor":8,"key":"Torii"},{"floor":9,"key":"Pen Nib"}],"event_choices":[{"damage_healed":0,"gold_gain":0,"player_choice":"Donut","damage_taken":0,"max_hp_gain":5,"max_hp_loss":0,"event_name":"Big Fish","floor":4,"gold_loss":0},{"damage_healed":0,"gold_gain":0,"player_choice":"Ignored","damage_taken":0,"max_hp_gain":0,"max_hp_loss":0,"event_name":"Liars Game","floor":5,"gold_loss":0},{"damage_healed":0,"gold_gain":0,"player_choice":"Searched \u00272\u0027 times","damage_taken":0,"max_hp_gain":0,"max_hp_loss":0,"event_name":"Dead Adventurer","floor":8,"gold_loss":0}],"is_beta":false,"boss_relics":[],"items_purged_floors":[],"is_endless":false,"potions_floor_spawned":[2,3],"killed_by":"Lagavulin","ascension_level":20}