{"gold_per_floor":[363,12,24,24,24,57,67,77,77,77,97,97,172,185,185,185],"floor_reached":16,"playtime":536,"items_purged":["Pain"],"score":158,"play_id":"b6785b9e-a3cb-4d65-b9f6-199015e5947a","local_time":"20190306173335","is_ascension_mode":true,"campfire_choices":[{"data":"Bash","floor":10,"key":"SMITH"},{"data":"Armaments","floor":12,"key":"SMITH"},{"data":"Shrug It Off","floor":15,"key":"SMITH"}],"neow_cost":"CURSE","seed_source_timestamp":1781155282364300,"circlet_count":0,"master_deck":["AscendersBane","Strike_R+1","Strike_R","Strike_R","Strike_R","Strike_R","Defend_R","Defend_R","Defend_R","Defend_R","Bash+1","Combust+1","Spot Weakness","Shrug It Off+1","Armaments+1","Feel No Pain","Limit Break"],"relics":["Burning Blood","Gremlin Horn","Juzu Bracelet","Letter Opener"],"potions_floor_usage":[16],"damage_taken":[{"damage":9,"enemies":"Cultist","floor":1,"turns":4},{"damage":8,"enemies":"Jaw Worm","floor":3,"turns":4},{"damage":24,"enemies":"Gremlin Nob","floor":6,"turns":4},{"damage":2,"enemies":"Small Slimes","floor":7,"turns":3},{"damage":10,"enemies":"Exordium Wildlife","floor":8,"turns":3},{"damage":5,"enemies":"2 Fungi Beasts","floor":11,"turns":5},{"damage":5,"enemies":"Red Slaver","floor":14,"turns":4},{"damage":25,"enemies":"Hexaghost","floor":16,"turns":9}],"seed_played":"4676693948853141009","potions_obtained":[{"floor":1,"key":"Strength Potion"},{"floor":3,"key":"LiquidBronze"}],"is_trial":false,"path_per_floor":["M","$","M","?","?","E","M","M","T","R","M","R","?","M","R","B"],"character_chosen":"IRONCLAD","items_purchased":["Gremlin Horn","Spot Weakness"],"campfire_rested":0,"item_purchase_floors":[2,2],"current_hp_per_floor":[69,69,67,51,51,33,37,33,33,33,34,34,23,24,24,0],"gold":185,"neow_bonus":"TWO_FIFTY_GOLD","is_prod":false,"is_daily":false,"chose_seed":false,"campfire_upgraded":3,"win_rate":0,"timestamp":1551911615,"path_taken":["M","$","M","?","?","E","M","M","T","R","M","R","?","M","R","BOSS"],"build_version":"2019-01-23","purchased_purges":1,"victory":false,"max_hp_per_floor":[80,80,80,80,80,80,80,80,80,80,80,80,80,80,80,80],"card_choices":[{"not_picked":["Searing Blow","Body Slam"],"picked":"Combust","floor":1},{"not_picked":["Power Through","Cleave"],"picked":"Shrug It Off","floor":3},{"not_picked":["Power Through","Combust","Infernal Blade"],"picked":"SKIP","floor":6},{"not_picked":["Cleave","Dual Wield"],"picked":"Armaments","floor":7},{"not_picked":["Entrench","Thunderclap"],"picked":"Feel No Pain","floor":8},{"not_picked":["Clash","Wild Strike","Armaments"],"picked":"SKIP","floor":11},{"not_picked":["Shrug It Off","Clothesline"],"picked":"Limit Break","floor":14}],"player_experience":356645,"relics_obtained":[{"floor":6,"key":"Juzu Bracelet"},{"floor":9,"key":"Letter Opener"}],"event_choices":[{"damage_healed":0,"gold_gain":0,"player_choice":"Entered Light","damage_taken":16,"max_hp_gain":0,"max_hp_loss":0,"event_name":"Shining Light","floor":4,"gold_loss":0,"cards_upgraded":["Strike_R","Combust"]},{"damage_healed":0,"gold_gain":0,"player_choice":"0 cards matched","damage_taken":0,"max_hp_gain":0,"max_hp_loss":0,"event_name":"Match and Keep!","floor":5,"gold_loss":0,"cards_obtained":[]},{"damage_healed":0,"gold_gain":75,"player_choice":"Gather Gold","damage_taken":11,"max_hp_gain":0,"max_hp_loss":0,"event_name":"World of Goop","floor":13,"gold_loss":0}],"is_beta":false,"boss_relics":[],"items_purged_floors":[2],"is_endless":false,"potions_floor_spawned":[1,3,11,14],"killed_by":"Hexaghost","ascension_level":11}