{"gold_per_floor":[113,129,143,161,176,176,208,208,231,231,231,244,264,296,296,396,396,414,414,428,446,446],"floor_reached":22,"playtime":1143,"items_purged":[],"score":240,"play_id":"022726a0-4bf5-46ca-88fa-b7c62e57b8df","local_time":"20190209130827","is_ascension_mode":true,"campfire_choices":[{"data":"Bash","floor":6,"key":"SMITH"},{"data":"Spot Weakness","floor":8,"key":"SMITH"},{"floor":15,"key":"REST"}],"neow_cost":"NONE","seed_source_timestamp":308856937214800,"circlet_count":0,"master_deck":["Defend_R","Defend_R","Defend_R","Defend_R","Bash+1","Carnage","Clash","Headbutt","Thunderclap","Hemokinesis","Spot Weakness+1","Second Wind","Power Through","Offering","Brutality+1","Twin Strike+1","Rupture+1","Havoc","Shrug It Off","True Grit"],"relics":["Burning Blood","Dodecahedron","Ancient Tea Set","Lantern","Astrolabe","MutagenicStrength"],"potions_floor_usage":[14,16,16],"damage_taken":[{"damage":0,"enemies":"Small Slimes","floor":1,"turns":5},{"damage":0,"enemies":"2 Louse","floor":2,"turns":2},{"damage":2,"enemies":"Jaw Worm","floor":3,"turns":3},{"damage":0,"enemies":"3 Louse","floor":4,"turns":3},{"damage":1,"enemies":"Exordium Wildlife","floor":5,"turns":2},{"damage":39,"enemies":"Lagavulin","floor":7,"turns":5},{"damage":5,"enemies":"Looter","floor":12,"turns":3},{"damage":18,"enemies":"Red Slaver","floor":13,"turns":4},{"damage":10,"enemies":"3 Sentries","floor":14,"turns":4},{"damage":43,"enemies":"Hexaghost","floor":16,"turns":9},{"damage":26,"enemies":"Shell Parasite","floor":18,"turns":3},{"damage":23,"enemies":"Chosen","floor":20,"turns":3},{"damage":37,"enemies":"Sentry and Sphere","floor":21,"turns":5},{"damage":23,"enemies":"Cultist and Chosen","floor":22,"turns":5}],"seed_played":"-3851174620838123897","potions_obtained":[{"floor":1,"key":"Fire Potion"},{"floor":3,"key":"SkillPotion"},{"floor":14,"key":"Regen Potion"},{"floor":16,"key":"Poison Potion"},{"floor":20,"key":"Dexterity Potion"}],"is_trial":false,"path_per_floor":["M","M","M","M","M","R","E","R","T","?","?","M","M","E","R","B",null,"M","?","M","M","M"],"character_chosen":"IRONCLAD","items_purchased":[],"campfire_rested":1,"item_purchase_floors":[],"current_hp_per_floor":[80,80,80,80,80,80,47,47,47,40,40,41,29,25,49,27,80,60,60,43,12,0],"gold":446,"neow_bonus":"REMOVE_CARD","is_prod":false,"is_daily":false,"chose_seed":false,"campfire_upgraded":2,"win_rate":0,"timestamp":1549735707,"path_taken":["M","M","M","M","M","R","E","R","T","?","?","M","M","E","R","BOSS","M","?","M","M","M"],"build_version":"2019-01-23","purchased_purges":0,"victory":false,"max_hp_per_floor":[80,80,80,80,80,80,80,80,80,80,80,80,80,80,80,80,80,80,80,80,80,80],"card_choices":[{"not_picked":["Hemokinesis","Shockwave"],"picked":"Carnage","floor":1},{"not_picked":["Rage","Warcry"],"picked":"Clash","floor":2},{"not_picked":["True Grit","Sentinel"],"picked":"Headbutt","floor":3},{"not_picked":["Pummel","Shockwave"],"picked":"Thunderclap","floor":4},{"not_picked":["Reckless Charge","Wild Strike"],"picked":"Hemokinesis","floor":5},{"not_picked":["Power Through","Limit Break"],"picked":"Spot Weakness","floor":7},{"not_picked":["Searing Blow","Heavy Blade"],"picked":"Second Wind","floor":12},{"not_picked":["Clash","Cleave"],"picked":"Power Through","floor":13},{"not_picked":["Wild Strike","Twin Strike","Reckless Charge"],"picked":"SKIP","floor":14},{"not_picked":["Immolate","Dark Embrace"],"picked":"Offering","floor":16},{"not_picked":["Anger+1","Body Slam"],"picked":"Havoc","floor":18},{"not_picked":["Corruption+1","Offering"],"picked":"Shrug It Off","floor":20},{"not_picked":["Pommel Strike","Flex"],"picked":"True Grit","floor":21}],"player_experience":171698,"relics_obtained":[{"floor":7,"key":"Dodecahedron"},{"floor":9,"key":"Ancient Tea Set"},{"floor":14,"key":"Lantern"}],"event_choices":[{"cards_removed":["Strike_R"],"damage_healed":0,"gold_gain":0,"player_choice":"Card Removal","damage_taken":7,"max_hp_gain":0,"max_hp_loss":0,"event_name":"Golden Wing","floor":10,"gold_loss":0},{"damage_healed":0,"gold_gain":0,"player_choice":"Ignored","damage_taken":0,"max_hp_gain":0,"max_hp_loss":0,"event_name":"Liars Game","floor":11,"gold_loss":0},{"damage_healed":0,"gold_gain":0,"player_choice":"Inject Mutagens","damage_taken":0,"relics_obtained":["MutagenicStrength"],"max_hp_gain":0,"max_hp_loss":0,"event_name":"Drug Dealer","floor":19,"gold_loss":0}],"is_beta":false,"boss_relics":[{"not_picked":["Snecko Eye","Cursed Key"],"picked":"Astrolabe"}],"items_purged_floors":[],"is_endless":false,"potions_floor_spawned":[1,3,14,16,20],"killed_by":"Cultist and Chosen","ascension_level":4}