{"gold_per_floor":[114,129,29,29,49,24,24,57,57,83,83,115,115,141,141,212,212,232,232,244,257,269,294,209,241,329,365,377,405,417,461,473,564,576,605,631,659,403,421,421,456,456,536,562,562,593,593,114,114,114,114,114,114,1,34,34],"floor_reached":56,"playtime":3116,"items_purged":["Strike_R","Strike_R","Strike_R"],"score":2273,"play_id":"49fc6103-e649-4c46-a6ab-9a20737bb83b","local_time":"20181221192834","is_ascension_mode":true,"campfire_choices":[{"floor":11,"key":"REST"},{"data":"Immolate","floor":13,"key":"SMITH"},{"data":"True Grit","floor":15,"key":"SMITH"},{"data":"Fiend Fire","floor":28,"key":"SMITH"},{"data":"Flame Barrier","floor":30,"key":"SMITH"},{"data":"Flame Barrier","floor":32,"key":"SMITH"},{"data":"Shrug It Off","floor":40,"key":"SMITH"},{"data":"Double Tap","floor":42,"key":"SMITH"},{"floor":49,"key":"RECALL"},{"floor":53,"key":"REST"}],"neow_cost":"NONE","seed_source_timestamp":458864085460758,"circlet_count":0,"master_deck":["AscendersBane","Strike_R","Defend_R","Defend_R","Defend_R","Defend_R","Bash+1","Twin Strike","Shrug It Off+1","Flame Barrier+1","True Grit+1","Immolate+1","Brutality","Power Through","Clothesline+1","Impervious","Spot Weakness+1","Rage","Fiend Fire+1","Pummel+1","Flame Barrier+1","Reaper","Clothesline+1","Fiend Fire+1","Feel No Pain+1","Clothesline+1","Heavy Blade+1","Double Tap+1","Mayhem","Feel No Pain"],"relics":["Burning Blood","WingedGreaves","Regal Pillow","Paper Frog","Question Card","Matryoshka","Pear","Vajra","Snecko Eye","Calipers","Bag of Marbles","MawBank","Anchor","Sundial","Molten Egg 2","Centennial Puzzle","Whetstone","Busted Crown","PreservedInsect","Pen Nib","Oddly Smooth Stone","Bronze Scales","Bag of Preparation","Charon\u0027s Ashes"],"potions_floor_usage":[10,20,56,56,56,56],"damage_taken":[{"damage":7,"enemies":"Jaw Worm","floor":1,"turns":3},{"damage":1,"enemies":"Cultist","floor":2,"turns":4},{"damage":0,"enemies":"Small Slimes","floor":5,"turns":3},{"damage":55,"enemies":"Gremlin Nob","floor":8,"turns":5},{"damage":27,"enemies":"Lagavulin","floor":10,"turns":7},{"damage":13,"enemies":"3 Sentries","floor":12,"turns":4},{"damage":11,"enemies":"Lagavulin","floor":14,"turns":5},{"damage":41,"enemies":"The Guardian","floor":16,"turns":13},{"damage":3,"enemies":"Spheric Guardian","floor":18,"turns":4},{"damage":0,"enemies":"2 Thieves","floor":20,"turns":3},{"damage":0,"enemies":"Shelled Parasite and Fungi","floor":21,"turns":1},{"damage":2,"enemies":"3 Cultists","floor":22,"turns":4},{"damage":0,"enemies":"Book of Stabbing","floor":23,"turns":2},{"damage":14,"enemies":"Slavers","floor":25,"turns":3},{"damage":0,"enemies":"Cultist and Chosen","floor":29,"turns":4},{"damage":1,"enemies":"Gremlin Leader","floor":31,"turns":4},{"damage":59,"enemies":"Champ","floor":33,"turns":7},{"damage":0,"enemies":"3 Darklings","floor":35,"turns":3},{"damage":10,"enemies":"3 Shapes","floor":36,"turns":4},{"damage":4,"enemies":"Maw","floor":37,"turns":5},{"damage":0,"enemies":"3 Darklings","floor":39,"turns":1},{"damage":36,"enemies":"Reptomancer","floor":41,"turns":3},{"damage":0,"enemies":"Giant Head","floor":44,"turns":5},{"damage":0,"enemies":"Reptomancer","floor":46,"turns":4},{"damage":11,"enemies":"Time Eater","floor":50,"turns":8},{"damage":75,"enemies":"Awakened One","floor":51,"turns":9},{"damage":23,"enemies":"Shield and Spear","floor":55,"turns":3},{"damage":92,"enemies":"The Heart","floor":56,"turns":6}],"seed_played":"6147621977530654160","potions_obtained":[{"floor":2,"key":"Swift Potion"},{"floor":5,"key":"BloodPotion"},{"floor":16,"key":"Fire Potion"},{"floor":20,"key":"Swift Potion"},{"floor":25,"key":"PowerPotion"},{"floor":37,"key":"Swift Potion"}],"is_trial":false,"path_per_floor":["M","M","$","?","M","$","?","E","T","E","R","E","R","E","R","B",null,"M","?","M","M","M","E","?","E","T","T","R","M","R","E","R","B",null,"M","M","M","$","M","R","E","R","T","E","?","E","?","$","R","B","B",null,"R","$","E","B"],"character_chosen":"IRONCLAD","items_purchased":["Shrug It Off","True Grit","PreservedInsect","Bag of Preparation","Mayhem","EntropicBrew"],"campfire_rested":2,"item_purchase_floors":[3,6,38,48,48,54],"current_hp_per_floor":[74,79,79,79,82,82,71,22,22,9,48,51,51,46,46,11,72,75,75,81,87,91,92,92,84,84,84,84,92,92,92,92,54,83,92,92,92,92,92,92,62,62,62,89,79,92,92,92,92,92,23,75,92,92,75,0],"gold":34,"neow_bonus":"TEN_PERCENT_HP_BONUS","is_prod":false,"is_daily":false,"chose_seed":false,"campfire_upgraded":7,"win_rate":0,"timestamp":1545416914,"path_taken":["M","M","$","?","?","?","?","E","T","E","R","E","R","E","R","BOSS","M","?","M","M","M","E","?","E","T","?","R","?","R","E","R","BOSS","M","M","M","$","M","R","E","R","T","E","?","E","?","$","R","BOSS","BOSS","R","$","E","BOSS"],"build_version":"2018-12-20","purchased_purges":3,"victory":false,"max_hp_per_floor":[82,82,82,82,82,82,82,82,82,82,82,92,92,92,92,92,92,92,92,92,92,92,92,92,92,92,92,92,92,92,92,92,92,92,92,92,92,92,92,92,92,92,92,92,92,92,92,92,92,92,92,92,92,92,92,92],"card_choices":[{"not_picked":["Evolve","Perfected Strike"],"picked":"Twin Strike","floor":1},{"not_picked":["Sword Boomerang","Thunderclap"],"picked":"Anger","floor":2},{"not_picked":["Warcry","Wild Strike"],"picked":"Flame Barrier","floor":5},{"not_picked":["Wild Strike","Sentinel"],"picked":"Immolate","floor":8},{"not_picked":["Perfected Strike","Cleave","Havoc"],"picked":"Brutality","floor":10},{"not_picked":["Perfected Strike","Headbutt","Cleave"],"picked":"Power Through","floor":12},{"not_picked":["Twin Strike","Bloodletting","Rupture"],"picked":"Clothesline","floor":14},{"not_picked":["Brutality","Dark Embrace","Juggernaut"],"picked":"Impervious","floor":16},{"not_picked":["Shrug It Off","Uppercut","Hemokinesis"],"picked":"Spot Weakness+1","floor":18},{"not_picked":["Armaments","Flex+1","Warcry"],"picked":"Pummel+1","floor":20},{"not_picked":["Havoc","Body Slam","Power Through","Heavy Blade"],"picked":"SKIP","floor":21},{"not_picked":["Havoc","Pommel Strike","Clash"],"picked":"Flame Barrier","floor":22},{"not_picked":["Twin Strike","Rampage","Second Wind","Havoc"],"picked":"SKIP","floor":23},{"not_picked":["Shrug It Off","Spot Weakness","Body Slam"],"picked":"Reaper","floor":25},{"not_picked":["Flex","Wild Strike+1","Armaments+1"],"picked":"Clothesline+1","floor":29},{"not_picked":["Dropkick+1","Sword Boomerang+1","Cleave+1","Armaments"],"picked":"SKIP","floor":31},{"not_picked":["Berserk","Bludgeon+1","Dark Embrace"],"picked":"Fiend Fire+1","floor":33},{"not_picked":["Power Through+1"],"picked":"Feel No Pain+1","floor":35},{"not_picked":["Dual Wield"],"picked":"Clothesline+1","floor":36},{"not_picked":["Wild Strike+1","Armaments"],"picked":"SKIP","floor":37},{"not_picked":["Armaments+1"],"picked":"Heavy Blade+1","floor":39},{"not_picked":["Thunderclap+1"],"picked":"Double Tap","floor":41},{"not_picked":["Armaments","Ghostly Armor"],"picked":"SKIP","floor":44},{"not_picked":["Mind Blast+1"],"picked":"Mayhem","floor":45},{"not_picked":["Cleave+1","Double Tap"],"picked":"SKIP","floor":46},{"not_picked":["Headbutt+1"],"picked":"Feel No Pain","floor":55}],"player_experience":1684932,"relics_obtained":[{"floor":8,"key":"Paper Frog"},{"floor":9,"key":"Question Card"},{"floor":10,"key":"Matryoshka"},{"floor":12,"key":"Pear"},{"floor":14,"key":"Vajra"},{"floor":23,"key":"Calipers"},{"floor":25,"key":"MawBank"},{"floor":26,"key":"Anchor"},{"floor":26,"key":"Sundial"},{"floor":27,"key":"Molten Egg 2"},{"floor":27,"key":"Centennial Puzzle"},{"floor":31,"key":"Whetstone"},{"floor":41,"key":"Pen Nib"},{"floor":44,"key":"Oddly Smooth Stone"},{"floor":46,"key":"Bronze Scales"},{"floor":55,"key":"Charon\u0027s Ashes"}],"event_choices":[{"damage_healed":0,"gold_gain":0,"player_choice":"Gave Potion","damage_taken":0,"relics_obtained":["WingedGreaves"],"max_hp_gain":0,"max_hp_loss":0,"event_name":"WeMeetAgain","floor":4,"gold_loss":0},{"damage_healed":0,"gold_gain":0,"player_choice":"Success","damage_taken":11,"relics_obtained":["Regal Pillow"],"max_hp_gain":0,"max_hp_loss":0,"event_name":"Scrap Ooze","floor":7,"gold_loss":0},{"damage_healed":0,"gold_gain":0,"cards_transformed":["Anger","Strike_R"],"player_choice":"Became Test Subject","damage_taken":0,"max_hp_gain":0,"max_hp_loss":0,"event_name":"Drug Dealer","floor":19,"gold_loss":0,"cards_obtained":["Rage","Fiend Fire"]},{"damage_healed":0,"gold_gain":0,"player_choice":"Obtained Relic","damage_taken":0,"relics_obtained":["Bag of Marbles"],"max_hp_gain":0,"max_hp_loss":0,"event_name":"Addict","floor":24,"gold_loss":85},{"damage_healed":0,"gold_gain":0,"player_choice":"Memory 3","damage_taken":10,"max_hp_gain":0,"max_hp_loss":0,"event_name":"SensoryStone","floor":45,"gold_loss":0},{"cards_removed":["Mayhem"],"damage_healed":0,"gold_gain":0,"player_choice":"Removed Power","damage_taken":0,"max_hp_gain":0,"max_hp_loss":0,"event_name":"Falling","floor":47,"gold_loss":0}],"is_beta":false,"boss_relics":[{"not_picked":["Runic Dome","Runic Cube"],"picked":"Snecko Eye"},{"not_picked":["Black Star","Calling Bell"],"picked":"Busted Crown"}],"items_purged_floors":[3,38,48],"is_endless":false,"potions_floor_spawned":[2,5,16,20,25,31,33,37,39,41,44],"killed_by":"The Heart","ascension_level":20}