{"gold_per_floor":[110,35,55,65,84,113,113,142,224,224,224,96,96,96,96,96],"floor_reached":16,"playtime":651,"items_purged":[],"score":220,"play_id":"6787f7b9-0ed9-4cc1-a48a-da042a9dffae","local_time":"20190104190301","is_ascension_mode":true,"campfire_choices":[{"floor":7,"key":"REST"},{"floor":10,"key":"REST"},{"floor":11,"key":"REST"},{"floor":15,"key":"REST"}],"neow_cost":"NONE","seed_source_timestamp":934514348197040,"circlet_count":0,"master_deck":["AscendersBane","Strike_R","Strike_R","Strike_R+1","Defend_R","Defend_R","Defend_R","Defend_R","Bash","Berserk","Headbutt","Ghostly Armor","Ghostly Armor","Anger","Iron Wave","Twin Strike","Carnage+1"],"relics":["Burning Blood","Mercury Hourglass","WingedGreaves","The Courier","Whetstone","Bag of Marbles"],"potions_floor_usage":[6],"damage_taken":[{"damage":16,"enemies":"Jaw Worm","floor":1,"turns":6},{"damage":13,"enemies":"2 Louse","floor":3,"turns":4},{"damage":11,"enemies":"Cultist","floor":4,"turns":4},{"damage":1,"enemies":"2 Fungi Beasts","floor":5,"turns":6},{"damage":40,"enemies":"Gremlin Nob","floor":6,"turns":5},{"damage":5,"enemies":"3 Sentries","floor":8,"turns":7},{"damage":1,"enemies":"Exordium Wildlife","floor":14,"turns":2},{"damage":118,"enemies":"The Guardian","floor":16,"turns":6}],"seed_played":"4906343447264855226","potions_obtained":[{"floor":3,"key":"GamblersBrew"},{"floor":8,"key":"SkillPotion"}],"is_trial":false,"path_per_floor":["M","?","M","M","M","E","R","E","T","R","R","$","?","M","R","B"],"character_chosen":"IRONCLAD","items_purchased":["Whetstone"],"campfire_rested":4,"item_purchase_floors":[12],"current_hp_per_floor":[58,58,51,46,51,17,39,40,40,62,75,75,75,75,75,0],"gold":96,"neow_bonus":"TRANSFORM_CARD","is_prod":false,"is_daily":false,"chose_seed":false,"campfire_upgraded":0,"win_rate":0,"timestamp":1546624981,"path_taken":["M","?","M","M","M","E","R","E","T","R","R","$","?","M","R","BOSS"],"build_version":"2019-01-03v3","purchased_purges":0,"victory":false,"max_hp_per_floor":[75,75,75,75,75,75,75,75,75,75,75,75,75,75,75,75],"card_choices":[{"not_picked":["Armaments","Wild Strike"],"picked":"Headbutt","floor":1},{"not_picked":["Flex","Evolve"],"picked":"Ghostly Armor","floor":3},{"not_picked":["Flex","Evolve"],"picked":"Ghostly Armor","floor":3},{"not_picked":["True Grit","Limit Break"],"picked":"Anger","floor":4},{"not_picked":["Burning Pact","Second Wind"],"picked":"Iron Wave","floor":5},{"not_picked":["Thunderclap","Entrench"],"picked":"Twin Strike","floor":6},{"not_picked":["Sentinel","Perfected Strike"],"picked":"Carnage","floor":8},{"not_picked":["Seeing Red","Anger","Uppercut"],"picked":"SKIP","floor":14}],"player_experience":1766685,"relics_obtained":[{"floor":6,"key":"Mercury Hourglass"},{"floor":8,"key":"WingedGreaves"},{"floor":9,"key":"The Courier"},{"floor":13,"key":"Bag of Marbles"}],"event_choices":[{"cards_removed":["Strike_R"],"damage_healed":0,"gold_gain":0,"player_choice":"Card Removal","damage_taken":0,"max_hp_gain":0,"max_hp_loss":0,"event_name":"The Cleric","floor":2,"gold_loss":75},{"damage_healed":0,"gold_gain":0,"player_choice":"Relic","damage_taken":0,"max_hp_gain":0,"max_hp_loss":0,"event_name":"Wheel of Change","floor":13,"gold_loss":0}],"is_beta":false,"boss_relics":[],"items_purged_floors":[],"is_endless":false,"potions_floor_spawned":[3,8,14],"killed_by":"The Guardian","ascension_level":20}