{"gold_per_floor":[109,109,109,109,119,119,145,145,199,219,99,99,117,146,146,247,247,260,270,270],"floor_reached":20,"playtime":769,"items_purged":["Strike_B"],"score":269,"play_id":"a29bf65f-f6e1-49b3-abd3-8e94a074b36b","local_time":"20190308130336","is_ascension_mode":true,"campfire_choices":[{"data":"Zap","floor":6,"key":"SMITH"},{"data":"Dualcast","floor":8,"key":"SMITH"},{"data":"Defragment","floor":12,"key":"SMITH"},{"floor":15,"key":"REST"}],"neow_cost":"NONE","seed_source_timestamp":4305864466417,"circlet_count":0,"master_deck":["Strike_B","Strike_B","Defend_B","Defend_B","Defend_B","Defend_B","Zap+1","Dualcast+1","Buffer","Gash+1","Gash","Go for the Eyes+1","Defragment+1","All For One","Cold Snap+1","Barrage+1"],"relics":["Cracked Core","NeowsBlessing","Ice Cream","Smiling Mask","Whetstone","Eternal Feather"],"potions_floor_usage":[13,16,19],"damage_taken":[{"damage":0,"enemies":"Jaw Worm","floor":1,"turns":1},{"damage":0,"enemies":"Small Slimes","floor":5,"turns":1},{"damage":0,"enemies":"Lagavulin","floor":7,"turns":1},{"damage":0,"enemies":"Cultist","floor":10,"turns":3},{"damage":16,"enemies":"Exordium Thugs","floor":13,"turns":4},{"damage":32,"enemies":"3 Sentries","floor":14,"turns":7},{"damage":21,"enemies":"Slime Boss","floor":16,"turns":8},{"damage":7,"enemies":"3 Byrds","floor":18,"turns":4},{"damage":10,"enemies":"2 Thieves","floor":19,"turns":4}],"seed_played":"-5099606294044893604","potions_obtained":[{"floor":1,"key":"Fire Potion"},{"floor":7,"key":"FocusPotion"},{"floor":16,"key":"Poison Potion"},{"floor":18,"key":"Weak Potion"},{"floor":19,"key":"Swift Potion"}],"is_trial":false,"path_per_floor":["M","?","?","?","M","R","E","R","T","M","$","R","M","E","R","B",null,"M","M","$"],"character_chosen":"DEFECT","items_purchased":["Defragment"],"campfire_rested":1,"item_purchase_floors":[11],"current_hp_per_floor":[68,68,68,68,68,68,68,68,68,68,68,68,52,20,42,21,62,55,45,45],"gold":270,"neow_bonus":"THREE_ENEMY_KILL","is_prod":false,"is_daily":false,"chose_seed":false,"campfire_upgraded":3,"win_rate":0,"timestamp":1552079016,"path_taken":["M","?","?","?","M","R","E","R","T","M","$","R","M","E","R","BOSS","M","M","$"],"build_version":"2019-01-23","purchased_purges":1,"victory":false,"max_hp_per_floor":[75,75,75,75,75,75,75,75,75,75,75,75,75,75,75,75,75,75,75,75],"card_choices":[{"not_picked":["Stack","Recycle","Static Discharge"],"picked":"SKIP","floor":1},{"not_picked":["Auto Shields","Compile Driver"],"picked":"Gash","floor":5},{"not_picked":["Storm","Ball Lightning"],"picked":"Gash","floor":7},{"not_picked":["Stack","Conserve Battery"],"picked":"Go for the Eyes","floor":10},{"not_picked":["Rip and Tear","Beam Cell","Storm"],"picked":"SKIP","floor":13},{"not_picked":["Double Energy","Genetic Algorithm","Stack"],"picked":"SKIP","floor":14},{"not_picked":["Reboot","Machine Learning"],"picked":"All For One","floor":16},{"not_picked":["Beam Cell+1","Capacitor"],"picked":"Cold Snap+1","floor":18},{"not_picked":["Rebound","Rip and Tear"],"picked":"Barrage+1","floor":19}],"player_experience":368778,"relics_obtained":[{"floor":7,"key":"Ice Cream"},{"floor":9,"key":"Smiling Mask"},{"floor":14,"key":"Whetstone"}],"event_choices":[{"damage_healed":0,"gold_gain":0,"player_choice":"Ignored","damage_taken":0,"max_hp_gain":0,"max_hp_loss":0,"event_name":"Shining Light","floor":2,"gold_loss":0},{"damage_healed":0,"gold_gain":0,"player_choice":"Ignored","damage_taken":0,"max_hp_gain":0,"max_hp_loss":0,"event_name":"Golden Idol","floor":3,"gold_loss":0},{"damage_healed":0,"gold_gain":0,"cards_transformed":["Strike_B"],"player_choice":"Transformed","damage_taken":0,"max_hp_gain":0,"max_hp_loss":0,"event_name":"Transmorgrifier","floor":4,"gold_loss":0,"cards_obtained":["Buffer"]}],"is_beta":false,"boss_relics":[{"not_picked":["Velvet Choker","Nuclear Battery"],"picked":"Eternal Feather"}],"items_purged_floors":[11],"is_endless":false,"potions_floor_spawned":[1,7,16,18,19],"ascension_level":6}