{"gold_per_floor":[114,114,127,127,127,127,153,153,177,47,65,85,85,103,103,103],"floor_reached":16,"playtime":613,"items_purged":[],"score":200,"play_id":"860a5d7c-0110-4a92-88d8-9d9e1052a86d","local_time":"20190223190044","is_ascension_mode":true,"campfire_choices":[{"data":"Leap","floor":8,"key":"SMITH"},{"data":"Blizzard","floor":13,"key":"SMITH"},{"data":"Seek","floor":15,"key":"SMITH"}],"neow_cost":"NONE","seed_source_timestamp":668108535846071,"circlet_count":0,"master_deck":["AscendersBane","Strike_B","Strike_B+1","Strike_B+1","Defend_B","Defend_B","Defend_B","Defend_B","Zap","Dualcast","Fission+1","Chill","Leap+1","Genetic Algorithm","Turbo","Chill","Blizzard+1","Seek+1"],"relics":["Cracked Core","Whetstone","Blood Vial"],"potions_floor_usage":[7,14],"damage_taken":[{"damage":0,"enemies":"2 Louse","floor":1,"turns":1},{"damage":2,"enemies":"Jaw Worm","floor":3,"turns":4},{"damage":45,"enemies":"3 Sentries","floor":7,"turns":17},{"damage":0,"enemies":"Small Slimes","floor":11,"turns":2},{"damage":0,"enemies":"Exordium Wildlife","floor":12,"turns":3},{"damage":0,"enemies":"Red Slaver","floor":14,"turns":3},{"damage":45,"enemies":"Hexaghost","floor":16,"turns":9}],"seed_played":"-4017751799459397943","potions_obtained":[{"floor":3,"key":"Regen Potion"},{"floor":12,"key":"Explosive Potion"},{"floor":14,"key":"Ancient Potion"}],"is_trial":false,"path_per_floor":["M","?","M","?","?","?","E","R","T","$","M","M","R","M","R","B"],"character_chosen":"DEFECT","items_purchased":["Chill","Blizzard"],"campfire_rested":0,"item_purchase_floors":[10,10],"current_hp_per_floor":[64,64,62,62,62,62,32,32,32,32,34,36,36,38,38,0],"gold":103,"neow_bonus":"ONE_RANDOM_RARE_CARD","is_prod":false,"is_daily":false,"chose_seed":false,"campfire_upgraded":3,"win_rate":0,"timestamp":1550941244,"path_taken":["M","?","M","?","?","?","E","R","T","$","M","M","R","M","R","BOSS"],"build_version":"2019-01-23","purchased_purges":0,"victory":false,"max_hp_per_floor":[71,71,71,71,71,71,71,71,71,71,71,71,71,71,71,71],"card_choices":[{"not_picked":["Rebound","Steam"],"picked":"Chill","floor":1},{"not_picked":["Go for the Eyes","Aggregate"],"picked":"Leap","floor":3},{"not_picked":["Steam Power","Heatsinks"],"picked":"Turbo","floor":7},{"not_picked":["Sweeping Beam","Turbo","Compile Driver"],"picked":"SKIP","floor":11},{"not_picked":["Turbo","Gash"],"picked":"Seek","floor":12},{"not_picked":["Beam Cell","Leap","Conserve Battery"],"picked":"SKIP","floor":14}],"player_experience":1552617,"relics_obtained":[{"floor":7,"key":"Whetstone"},{"floor":9,"key":"Blood Vial"}],"event_choices":[{"damage_healed":0,"gold_gain":0,"player_choice":"Grow","damage_taken":0,"max_hp_gain":0,"max_hp_loss":0,"event_name":"Living Wall","floor":2,"gold_loss":0,"cards_upgraded":["Fission"]},{"damage_healed":0,"gold_gain":0,"player_choice":"Ignored","damage_taken":0,"max_hp_gain":0,"max_hp_loss":0,"event_name":"Liars Game","floor":4,"gold_loss":0},{"damage_healed":0,"gold_gain":0,"player_choice":"Ignored","damage_taken":0,"max_hp_gain":0,"max_hp_loss":0,"event_name":"Golden Idol","floor":5,"gold_loss":0},{"damage_healed":0,"gold_gain":0,"cards_transformed":["Strike_B"],"player_choice":"Transformed","damage_taken":0,"max_hp_gain":0,"max_hp_loss":0,"event_name":"Transmorgrifier","floor":6,"gold_loss":0,"cards_obtained":["Genetic Algorithm"]}],"is_beta":false,"boss_relics":[],"items_purged_floors":[],"is_endless":false,"potions_floor_spawned":[3,12,14],"killed_by":"Hexaghost","ascension_level":20}