{"gold_per_floor":[114,132,132,143,156,156,331,347,370,370,59,59,73,73],"floor_reached":14,"playtime":519,"items_purged":["Wild Strike"],"score":86,"play_id":"88ff0399-ce79-48ea-a131-44ed0dfc315a","local_time":"20190309070826","is_ascension_mode":true,"campfire_choices":[{"data":"Corruption","floor":6,"key":"SMITH"}],"neow_cost":"NONE","seed_source_timestamp":3245466601563,"circlet_count":0,"master_deck":["Strike_R","Strike_R","Strike_R","Strike_R","Strike_R","Defend_R","Defend_R","Defend_R","Defend_R","Bash+1","Corruption+1","Disarm","Flame Barrier","Offering","Metallicize","Burning Pact"],"relics":["Calling Bell","Blood Vial","Letter Opener","Unceasing Top","Bronze Scales"],"potions_floor_usage":[14],"damage_taken":[{"damage":11,"enemies":"Small Slimes","floor":1,"turns":4},{"damage":9,"enemies":"Cultist","floor":2,"turns":4},{"damage":6,"enemies":"2 Louse","floor":4,"turns":2},{"damage":19,"enemies":"Exordium Thugs","floor":5,"turns":5},{"damage":13,"enemies":"Looter","floor":8,"turns":3},{"damage":19,"enemies":"Red Slaver","floor":13,"turns":3},{"damage":27,"enemies":"3 Sentries","floor":14,"turns":2}],"seed_played":"-1064872682357513656","potions_obtained":[{"floor":5,"key":"FairyPotion"},{"floor":13,"key":"GamblersBrew"}],"is_trial":false,"path_per_floor":["M","M","?","M","M","R","?","M","T","?","$","?","M","E"],"character_chosen":"IRONCLAD","items_purchased":["Offering","Metallicize"],"campfire_rested":0,"item_purchase_floors":[11,11],"current_hp_per_floor":[69,62,62,58,41,41,41,30,30,23,23,23,6,0],"gold":73,"neow_bonus":"BOSS_RELIC","is_prod":false,"is_daily":false,"chose_seed":false,"campfire_upgraded":1,"win_rate":0,"timestamp":1552082906,"path_taken":["M","M","?","M","?","R","?","M","T","?","$","?","M","E"],"build_version":"2019-01-23","purchased_purges":1,"victory":false,"max_hp_per_floor":[80,80,80,80,80,80,80,80,80,80,80,80,80,80],"card_choices":[{"not_picked":["Twin Strike","Pommel Strike","Thunderclap"],"picked":"SKIP","floor":1},{"not_picked":["Sword Boomerang","Body Slam"],"picked":"Wild Strike","floor":2},{"not_picked":["Sword Boomerang","Flex"],"picked":"Corruption","floor":4},{"not_picked":["Clothesline","Thunderclap"],"picked":"Disarm","floor":5},{"not_picked":["Headbutt","Clothesline"],"picked":"Flame Barrier","floor":8},{"not_picked":["Clothesline","Clash"],"picked":"Burning Pact","floor":13}],"player_experience":239777,"relics_obtained":[{"floor":0,"key":"Blood Vial"},{"floor":0,"key":"Letter Opener"},{"floor":0,"key":"Unceasing Top"},{"floor":9,"key":"Bronze Scales"}],"event_choices":[{"cards_removed":["Pain","Decay","Doubt"],"damage_healed":0,"gold_gain":0,"player_choice":"Removed Curses","damage_taken":0,"max_hp_gain":0,"max_hp_loss":0,"event_name":"Fountain of Cleansing","floor":3,"gold_loss":0},{"damage_healed":0,"gold_gain":175,"player_choice":"AGREE","damage_taken":0,"max_hp_gain":0,"max_hp_loss":0,"event_name":"Liars Game","floor":7,"gold_loss":0,"cards_obtained":["Doubt"]},{"cards_removed":["Doubt"],"damage_healed":0,"gold_gain":0,"player_choice":"Card Removal","damage_taken":7,"max_hp_gain":0,"max_hp_loss":0,"event_name":"Golden Wing","floor":10,"gold_loss":0},{"damage_healed":0,"gold_gain":0,"player_choice":"Upgraded","damage_taken":0,"max_hp_gain":0,"max_hp_loss":0,"event_name":"Upgrade Shrine","floor":12,"gold_loss":0,"cards_upgraded":["Bash"]}],"is_beta":false,"boss_relics":[],"items_purged_floors":[11],"is_endless":false,"potions_floor_spawned":[5,13],"killed_by":"3 Sentries","ascension_level":1}