{"gold_per_floor":[111,111,111,132,156,156,32,32,83,121,46,89,109,147,147,240,240,263,276,33,33,33,33,33],"floor_reached":24,"playtime":876,"items_purged":["Amplify+1"],"score":424,"play_id":"bc25d613-73a2-4d76-8dc2-bc64a37b06d9","local_time":"20190113161635","is_ascension_mode":true,"campfire_choices":[{"data":"Zap","floor":6,"key":"SMITH"},{"data":"Undo","floor":8,"key":"SMITH"},{"data":"Consume","floor":15,"key":"SMITH"},{"data":"Fission","floor":23,"key":"SMITH"}],"neow_cost":"NONE","seed_source_timestamp":15261199960904,"circlet_count":0,"master_deck":["AscendersBane","Defend_B","Defend_B","Defend_B","Defend_B","Zap+1","Dualcast","Sunder+1","Ball Lightning","Cold Snap","Capacitor","Undo+1","Ball Lightning","Echo Form","Consume+1","Fission+1","Core Surge+1","Creative AI+1","Loop+1"],"relics":["Cracked Core","NeowsBlessing","Bloody Idol","Regal Pillow","Thread and Needle","Lantern","Astrolabe","Orichalcum"],"potions_floor_usage":[10,12,24],"damage_taken":[{"damage":0,"enemies":"Small Slimes","floor":1,"turns":1},{"damage":0,"enemies":"Cultist","floor":4,"turns":1},{"damage":0,"enemies":"2 Louse","floor":5,"turns":1},{"damage":11,"enemies":"Lagavulin","floor":10,"turns":6},{"damage":11,"enemies":"3 Sentries","floor":12,"turns":5},{"damage":0,"enemies":"Exordium Wildlife","floor":13,"turns":1},{"damage":1,"enemies":"Lagavulin","floor":14,"turns":7},{"damage":10,"enemies":"Hexaghost","floor":16,"turns":9},{"damage":18,"enemies":"Spheric Guardian","floor":18,"turns":4},{"damage":9,"enemies":"Shell Parasite","floor":19,"turns":5},{"damage":50,"enemies":"Slavers","floor":24,"turns":4}],"seed_played":"8213449108360489635","potions_obtained":[{"floor":5,"key":"Swift Potion"},{"floor":10,"key":"AttackPotion"},{"floor":14,"key":"Ancient Potion"},{"floor":18,"key":"Fire Potion"}],"is_trial":false,"path_per_floor":["M","?","?","M","M","R","$","R","T","E","?","E","M","E","R","B",null,"M","M","$","?","?","R","E"],"character_chosen":"DEFECT","items_purchased":["Capacitor","Undo","Orichalcum"],"campfire_rested":0,"item_purchase_floors":[7,7,20],"current_hp_per_floor":[64,64,64,64,64,64,64,64,64,53,53,42,42,41,41,31,56,38,29,29,29,42,42,0],"gold":33,"neow_bonus":"THREE_ENEMY_KILL","is_prod":false,"is_daily":false,"chose_seed":false,"campfire_upgraded":4,"win_rate":0,"timestamp":1547392595,"path_taken":["M","?","?","?","?","R","$","R","T","E","?","E","M","E","R","BOSS","M","M","$","?","?","R","E"],"build_version":"2019-01-10","purchased_purges":1,"victory":false,"max_hp_per_floor":[71,64,64,64,64,64,64,64,64,64,64,64,64,64,64,64,64,64,64,64,64,64,64,64],"card_choices":[{"not_picked":["Steam","Static Discharge"],"picked":"Sunder","floor":1},{"not_picked":["Streamline","Turbo"],"picked":"Ball Lightning","floor":4},{"not_picked":["Beam Cell","Ball Lightning"],"picked":"Cold Snap","floor":5},{"not_picked":["Hyperbeam","Sweeping Beam"],"picked":"Ball Lightning","floor":10},{"not_picked":["Chaos","Rebound"],"picked":"Echo Form","floor":12},{"not_picked":["Scrape","Aggregate","Turbo"],"picked":"SKIP","floor":13},{"not_picked":["Force Field","Go for the Eyes"],"picked":"Consume","floor":14},{"not_picked":["Machine Learning","All For One"],"picked":"Fission","floor":16},{"not_picked":["Barrage","Hello World","Sweeping Beam"],"picked":"SKIP","floor":18},{"not_picked":["Steam","Leap"],"picked":"Loop+1","floor":19}],"player_experience":1780967,"relics_obtained":[{"floor":9,"key":"Regal Pillow"},{"floor":10,"key":"Thread and Needle"},{"floor":14,"key":"Lantern"}],"event_choices":[{"damage_healed":0,"gold_gain":0,"player_choice":"Lose Max HP","damage_taken":0,"relics_obtained":["Golden Idol"],"max_hp_gain":0,"max_hp_loss":7,"event_name":"Golden Idol","floor":2,"gold_loss":0},{"damage_healed":0,"gold_gain":0,"player_choice":"Upgraded","damage_taken":0,"max_hp_gain":0,"max_hp_loss":0,"event_name":"Upgrade Shrine","floor":3,"gold_loss":0,"cards_upgraded":["Sunder"]},{"cards_removed":["Strike_B"],"damage_healed":0,"gold_gain":0,"player_choice":"Card Removal","damage_taken":0,"max_hp_gain":0,"max_hp_loss":0,"event_name":"The Cleric","floor":11,"gold_loss":75},{"damage_healed":0,"gold_gain":0,"player_choice":"Gave Idol","damage_taken":0,"relics_obtained":["Bloody Idol"],"max_hp_gain":0,"max_hp_loss":0,"event_name":"Forgotten Altar","floor":21,"relics_lost":["Golden Idol"],"gold_loss":0},{"damage_healed":13,"gold_gain":0,"player_choice":"Heal","damage_taken":0,"max_hp_gain":0,"max_hp_loss":0,"event_name":"The Library","floor":22,"gold_loss":0}],"is_beta":false,"boss_relics":[{"not_picked":["Pandora\u0027s Box","FrozenCore"],"picked":"Astrolabe"}],"items_purged_floors":[20],"is_endless":false,"potions_floor_spawned":[5,10,14,18],"killed_by":"Slavers","ascension_level":20}