{"gold_per_floor":[116,116,116,41,59,91,91,125,125,155,185,185,185,202,202,275,275,275,275,275,275,7,7,7,7,7,7,7,7,7,7,7,7,7,7,7,7,7,7,7,7,7,7,7,7,7,7,7,7,7,7],"floor_reached":52,"playtime":2816,"items_purged":["Regret","Strike_B"],"score":2187,"play_id":"13cad43e-a744-41bc-a8b2-42ed2dcaa09b","local_time":"20181104161615","is_ascension_mode":true,"campfire_choices":[{"floor":7,"key":"REST"},{"floor":13,"key":"REST"},{"data":"Fission","floor":15,"key":"SMITH"},{"data":"Conserve Battery","floor":23,"key":"SMITH"},{"data":"Conserve Battery","floor":29,"key":"SMITH"},{"data":"Conserve Battery","floor":32,"key":"SMITH"},{"data":"Sunder","floor":40,"key":"SMITH"},{"floor":42,"key":"REST"},{"floor":45,"key":"REST"},{"data":"Skim","floor":49,"key":"SMITH"}],"neow_cost":"NONE","seed_source_timestamp":1628637482546365,"circlet_count":0,"master_deck":["AscendersBane","Strike_B","Strike_B","Strike_B","Defend_B+1","Defend_B","Defend_B","Defend_B+1","Zap+1","Dualcast","Tempest+1","Ball Lightning","FTL","Fission+1","Defragment+1","Cold Snap+1","Compile Driver","Buffer+1","Conserve Battery+1","FTL","Compile Driver","RitualDagger+1","Conserve Battery+1","FTL","Shame","Conserve Battery+1","FTL+1","Writhe","Electrodynamics+1","Pain","Clumsy","Doubt","Writhe","Sunder+1","Pain","Electrodynamics+1","Coolheaded+1","Hologram+1","Undo+1","Defragment+1","Hologram","Skim+1","Sweeping Beam"],"relics":["Cracked Core","Kunai","Frozen Egg 2","Dodecahedron","Anchor","Cables","Darkstone Periapt","Gremlin Horn","Ectoplasm","Strawberry","Blue Candle","Whetstone","Centennial Puzzle","Vajra","War Paint","Sundial","Calling Bell","Bag of Marbles","Mercury Hourglass","FossilizedHelix","Mango","WarpedTongs","Dream Catcher","Prayer Wheel"],"potions_floor_usage":[8,11,28,33,37,51,51],"damage_taken":[{"damage":2,"enemies":"Jaw Worm","floor":1,"turns":3},{"damage":3,"enemies":"2 Louse","floor":5,"turns":2},{"damage":16,"enemies":"Lagavulin","floor":6,"turns":6},{"damage":33,"enemies":"3 Sentries","floor":8,"turns":6},{"damage":8,"enemies":"3 Sentries","floor":10,"turns":6},{"damage":5,"enemies":"Gremlin Nob","floor":11,"turns":3},{"damage":0,"enemies":"Small Slimes","floor":14,"turns":2},{"damage":0,"enemies":"Slime Boss","floor":16,"turns":4},{"damage":0,"enemies":"Chosen","floor":18,"turns":4},{"damage":6,"enemies":"Spheric Guardian","floor":19,"turns":3},{"damage":0,"enemies":"Chosen and Byrds","floor":20,"turns":4},{"damage":2,"enemies":"Snake Plant","floor":24,"turns":3},{"damage":0,"enemies":"Gremlin Leader","floor":25,"turns":5},{"damage":1,"enemies":"Slavers","floor":28,"turns":4},{"damage":15,"enemies":"Book of Stabbing","floor":30,"turns":3},{"damage":28,"enemies":"Automaton","floor":33,"turns":10},{"damage":0,"enemies":"Orb Walker","floor":35,"turns":2},{"damage":20,"enemies":"2 Orb Walkers","floor":37,"turns":4},{"damage":26,"enemies":"3 Darklings","floor":39,"turns":4},{"damage":15,"enemies":"Maw","floor":41,"turns":7},{"damage":7,"enemies":"Nemesis","floor":44,"turns":4},{"damage":0,"enemies":"Jaw Worm Horde","floor":46,"turns":2},{"damage":0,"enemies":"4 Shapes","floor":47,"turns":5},{"damage":1,"enemies":"Maw","floor":48,"turns":6},{"damage":56,"enemies":"Donu and Deca","floor":50,"turns":8},{"damage":18,"enemies":"Awakened One","floor":51,"turns":16}],"seed_played":"-7041814019645536405","potions_obtained":[{"floor":1,"key":"Dexterity Potion"},{"floor":10,"key":"Swift Potion"},{"floor":19,"key":"Explosive Potion"},{"floor":20,"key":"Dexterity Potion"},{"floor":28,"key":"SkillPotion"},{"floor":33,"key":"Dexterity Potion"},{"floor":37,"key":"Explosive Potion"},{"floor":41,"key":"Strength Potion"},{"floor":44,"key":"GamblersBrew"},{"floor":48,"key":"FocusPotion"}],"is_trial":false,"path_per_floor":["M","?","?","$","M","E","R","E","T","?","E","?","R","M","R","B",null,"M","M","M","?","$","R","M","E","T","?","E","R","E","?","R","B",null,"M","?","?","?","M","R","M","R","T","E","R","M","M","M","R","B","B",null],"character_chosen":"DEFECT","items_purchased":["Strawberry"],"campfire_rested":4,"item_purchase_floors":[22],"current_hp_per_floor":[62,57,57,57,54,38,59,26,26,18,13,13,34,34,34,34,62,62,56,56,50,57,57,55,55,55,61,60,60,45,51,51,23,91,91,114,108,114,88,88,73,113,113,106,134,134,134,133,133,77,59],"gold":7,"neow_bonus":"UPGRADE_CARD","is_prod":false,"is_daily":false,"chose_seed":false,"campfire_upgraded":6,"win_rate":0,"timestamp":1541344575,"path_taken":["M","?","?","$","M","E","R","E","T","?","E","?","R","M","R","BOSS","M","M","M","?","$","R","M","E","T","?","E","R","E","?","R","BOSS","M","?","?","?","M","R","M","R","T","E","R","?","M","M","R","BOSS","BOSS"],"build_version":"2018-11-01","purchased_purges":2,"victory":true,"max_hp_per_floor":[71,71,71,71,71,71,71,71,71,71,71,71,71,71,71,71,71,71,71,71,71,78,78,78,78,78,84,84,84,84,90,90,90,108,108,114,128,134,134,134,134,134,134,134,134,134,134,134,134,134,134],"card_choices":[{"not_picked":["Double Energy","Rebound"],"picked":"Tempest","floor":1},{"not_picked":["Tempest","Darkness"],"picked":"Ball Lightning","floor":5},{"not_picked":["Coolheaded","Lockon"],"picked":"FTL","floor":6},{"not_picked":["Lockon","Barrage"],"picked":"Fission","floor":8},{"not_picked":["Turbo","Streamline"],"picked":"Defragment+1","floor":10},{"not_picked":["Blizzard","Leap"],"picked":"Cold Snap","floor":11},{"not_picked":["Reprogram","Gash"],"picked":"Compile Driver","floor":14},{"not_picked":["Reboot","All For One"],"picked":"Buffer+1","floor":16},{"not_picked":["Streamline","Redo"],"picked":"Conserve Battery","floor":18},{"not_picked":["Hyperbeam","Leap"],"picked":"FTL","floor":19},{"not_picked":["Sweeping Beam","Turbo"],"picked":"Compile Driver","floor":20},{"not_picked":["Redo","Streamline"],"picked":"Conserve Battery","floor":24},{"not_picked":["Ball Lightning","Hologram"],"picked":"FTL","floor":25},{"not_picked":["Gash","Barrage"],"picked":"Conserve Battery","floor":28},{"not_picked":["Thunder Strike","Leap"],"picked":"FTL+1","floor":30},{"not_picked":["All For One","Machine Learning+1"],"picked":"Electrodynamics+1","floor":33},{"not_picked":["Force Field","Blizzard","Reprogram"],"picked":"SKIP","floor":35},{"not_picked":["Redo","Auto Shields"],"picked":"Sunder","floor":37},{"not_picked":["Force Field","Beam Cell","Streamline"],"picked":"SKIP","floor":39},{"not_picked":["BootSequence","White Noise+1"],"picked":"Electrodynamics+1","floor":41},{"not_picked":["Cold Snap","Leap"],"picked":"Coolheaded+1","floor":44},{"not_picked":["Beam Cell+1","Hello World+1"],"picked":"Hologram+1","floor":46},{"not_picked":["Compile Driver","BootSequence+1"],"picked":"Undo+1","floor":46},{"not_picked":["Double Energy","Darkness"],"picked":"Defragment+1","floor":47},{"not_picked":["Barrage+1","Leap"],"picked":"Hologram","floor":47},{"not_picked":["Stack","Chaos"],"picked":"Skim","floor":48},{"not_picked":["Leap","Steam"],"picked":"Sweeping Beam","floor":48}],"player_experience":1550509,"relics_obtained":[{"floor":6,"key":"Dodecahedron"},{"floor":8,"key":"Anchor"},{"floor":9,"key":"Cables"},{"floor":10,"key":"Darkstone Periapt"},{"floor":11,"key":"Gremlin Horn"},{"floor":25,"key":"Blue Candle"},{"floor":26,"key":"Whetstone"},{"floor":28,"key":"Vajra"},{"floor":30,"key":"War Paint"},{"floor":34,"key":"Bag of Marbles"},{"floor":34,"key":"Mercury Hourglass"},{"floor":34,"key":"FossilizedHelix"},{"floor":37,"key":"Mango"},{"floor":43,"key":"Dream Catcher"},{"floor":44,"key":"Prayer Wheel"}],"event_choices":[{"damage_healed":0,"gold_gain":0,"player_choice":"Success","damage_taken":5,"relics_obtained":["Kunai"],"max_hp_gain":0,"max_hp_loss":0,"event_name":"Scrap Ooze","floor":2,"gold_loss":0},{"damage_healed":0,"gold_gain":0,"player_choice":"Box","damage_taken":0,"relics_obtained":["Frozen Egg 2"],"max_hp_gain":0,"max_hp_loss":0,"event_name":"Big Fish","floor":3,"gold_loss":0,"cards_obtained":["Regret"]},{"damage_healed":0,"gold_gain":30,"player_choice":"Searched \u00272\u0027 times","damage_taken":0,"max_hp_gain":0,"max_hp_loss":0,"event_name":"Dead Adventurer","floor":10,"gold_loss":0},{"damage_healed":0,"gold_gain":0,"player_choice":"Grow","damage_taken":0,"max_hp_gain":0,"max_hp_loss":0,"event_name":"Living Wall","floor":12,"gold_loss":0,"cards_upgraded":["Tempest"]},{"damage_healed":0,"gold_gain":0,"player_choice":"Joined the Cult","damage_taken":6,"max_hp_gain":0,"max_hp_loss":0,"event_name":"Nest","floor":21,"gold_loss":0,"cards_obtained":["RitualDagger"]},{"damage_healed":0,"gold_gain":0,"player_choice":"Stole Relic","damage_taken":0,"relics_obtained":["Centennial Puzzle"],"max_hp_gain":0,"max_hp_loss":0,"event_name":"Addict","floor":27,"gold_loss":0,"cards_obtained":["Shame"]},{"damage_healed":0,"gold_gain":0,"player_choice":"Opened","damage_taken":0,"relics_obtained":["Sundial"],"max_hp_gain":0,"max_hp_loss":0,"event_name":"The Mausoleum","floor":31,"gold_loss":0,"cards_obtained":["Writhe"]},{"damage_healed":22,"gold_gain":0,"player_choice":"Writhe","damage_taken":0,"max_hp_gain":0,"max_hp_loss":0,"event_name":"Winding Halls","floor":36,"gold_loss":0,"cards_obtained":["Writhe"]},{"damage_healed":0,"gold_gain":0,"player_choice":"Fight","damage_taken":0,"max_hp_gain":0,"max_hp_loss":0,"event_name":"Mysterious Sphere","floor":37,"gold_loss":0},{"damage_healed":0,"gold_gain":0,"player_choice":"Rummage","damage_taken":0,"relics_obtained":["WarpedTongs"],"max_hp_gain":0,"max_hp_loss":0,"event_name":"Accursed Blacksmith","floor":38,"gold_loss":0,"cards_obtained":["Pain"]}],"is_beta":false,"boss_relics":[{"not_picked":["Pandora\u0027s Box","Cursed Key"],"picked":"Ectoplasm"},{"not_picked":["Velvet Choker","Tiny House"],"picked":"Calling Bell"}],"items_purged_floors":[4,22],"is_endless":false,"potions_floor_spawned":[1,10,19,20,28,33,37,41,44,48],"ascension_level":20}