{"gold_per_floor":[111,123,48,223,237,237,271,271,298,298,315,49,82,98,98,195,245,264,276,294,294],"floor_reached":21,"playtime":1315,"items_purged":["Defend_R","Doubt"],"score":220,"play_id":"ad238067-494e-4098-843c-f6c05e1a65a5","local_time":"20190310231016","is_ascension_mode":true,"campfire_choices":[{"data":"Dual Wield","floor":6,"key":"SMITH"},{"data":"Armaments","floor":8,"key":"SMITH"},{"floor":15,"key":"REST"}],"neow_cost":"NONE","seed_source_timestamp":43815377641881,"circlet_count":0,"master_deck":["Strike_R","Strike_R","Defend_R","Defend_R","Defend_R","Bash","Rage+1","Infernal Blade+1","Reckless Charge+1","Ghostly Armor","Metallicize","Dual Wield+1","Armaments+1","Sentinel","Chrysalis+1","Shrug It Off","Inflame","Bludgeon","Feel No Pain","Seeing Red","Sentinel","Burning Pact+1"],"relics":["Astrolabe","Ancient Tea Set","Anchor","GremlinMask","Happy Flower","Tiny House"],"potions_floor_usage":[14,16,16,20,20,20,20],"damage_taken":[{"damage":0,"enemies":"Cultist","floor":1,"turns":3},{"damage":2,"enemies":"Jaw Worm","floor":2,"turns":4},{"damage":4,"enemies":"Small Slimes","floor":5,"turns":4},{"damage":16,"enemies":"Lagavulin","floor":7,"turns":6},{"damage":0,"enemies":"Exordium Thugs","floor":11,"turns":3},{"damage":14,"enemies":"Gremlin Nob","floor":13,"turns":5},{"damage":13,"enemies":"Lots of Slimes","floor":14,"turns":6},{"damage":41,"enemies":"The Guardian","floor":16,"turns":14},{"damage":23,"enemies":"Shell Parasite","floor":18,"turns":3},{"damage":17,"enemies":"Chosen","floor":19,"turns":5},{"damage":39,"enemies":"3 Cultists","floor":20,"turns":5},{"damage":12,"enemies":"Snake Plant","floor":21,"turns":2}],"seed_played":"-8419246362494038539","potions_obtained":[{"floor":1,"key":"Weak Potion"},{"floor":5,"key":"Weak Potion"},{"floor":13,"key":"SkillPotion"},{"floor":14,"key":"Swift Potion"},{"floor":17,"key":"EntropicBrew"},{"floor":19,"key":"PowerPotion"}],"is_trial":false,"path_per_floor":["M","M","$","?","M","R","E","R","T","?","M","$","E","M","R","B",null,"M","M","M","M"],"character_chosen":"IRONCLAD","items_purchased":["Chrysalis"],"campfire_rested":1,"item_purchase_floors":[12],"current_hp_per_floor":[80,78,78,78,74,74,58,58,58,58,58,58,44,31,55,14,85,62,45,6,0],"gold":294,"neow_bonus":"BOSS_RELIC","is_prod":false,"is_daily":false,"chose_seed":false,"campfire_upgraded":2,"win_rate":0,"timestamp":1552227016,"path_taken":["M","?","$","?","M","R","E","R","T","?","M","$","E","M","R","BOSS","M","?","M","M"],"build_version":"2019-01-23","purchased_purges":2,"victory":false,"max_hp_per_floor":[80,80,80,80,80,80,80,80,80,80,80,80,80,80,80,80,85,85,85,85,85],"card_choices":[{"not_picked":["Perfected Strike","Metallicize"],"picked":"Ghostly Armor","floor":1},{"not_picked":["Twin Strike","Flex"],"picked":"Metallicize","floor":2},{"not_picked":["Havoc","Headbutt"],"picked":"Dual Wield","floor":5},{"not_picked":["Disarm","Sword Boomerang"],"picked":"Armaments","floor":7},{"not_picked":["Dropkick","Cleave"],"picked":"Sentinel","floor":11},{"not_picked":["Ghostly Armor","Limit Break"],"picked":"Shrug It Off","floor":13},{"not_picked":["Headbutt","Armaments"],"picked":"Inflame","floor":14},{"not_picked":["Limit Break","Brutality"],"picked":"Bludgeon","floor":16},{"not_picked":["Reckless Charge","Clothesline"],"picked":"Feel No Pain","floor":17},{"not_picked":["Fire Breathing","Sword Boomerang+1"],"picked":"Seeing Red","floor":18},{"not_picked":["Clash","Perfected Strike+1"],"picked":"Sentinel","floor":19},{"not_picked":["Iron Wave","Havoc"],"picked":"Burning Pact+1","floor":20}],"player_experience":288112,"relics_obtained":[{"floor":7,"key":"Ancient Tea Set"},{"floor":9,"key":"Anchor"},{"floor":13,"key":"Happy Flower"}],"event_choices":[{"damage_healed":0,"gold_gain":175,"player_choice":"AGREE","damage_taken":0,"max_hp_gain":0,"max_hp_loss":0,"event_name":"Liars Game","floor":4,"gold_loss":0,"cards_obtained":["Doubt"]},{"damage_healed":0,"gold_gain":0,"player_choice":"Trade","damage_taken":0,"relics_obtained":["GremlinMask"],"max_hp_gain":0,"max_hp_loss":0,"event_name":"FaceTrader","floor":10,"gold_loss":0}],"is_beta":false,"boss_relics":[{"not_picked":["Runic Dome","Black Star"],"picked":"Tiny House"}],"items_purged_floors":[3,12],"is_endless":false,"potions_floor_spawned":[1,5,13,14,19],"killed_by":"Snake Plant","ascension_level":3}