{"gold_per_floor":[211,221,221,396,408,408,436,450,496,30,41,41,60,79,79,180,180,194,213,213,245,26,26,3,102,102,102,117,143,154,172,172,275,275,292,309,54,54,154,154,173,185,209,54,66,66,28,28,28,28],"floor_reached":51,"playtime":2730,"items_purged":["Doubt","Rage"],"score":699,"play_id":"62806ede-10a5-4c35-b923-481ddc1bf579","local_time":"20190309132326","is_ascension_mode":false,"campfire_choices":[{"data":"Uppercut","floor":6,"key":"SMITH"},{"data":"Limit Break","floor":12,"key":"SMITH"},{"floor":15,"key":"REST"},{"data":"Mayhem","floor":23,"key":"SMITH"},{"data":"Corruption","floor":27,"key":"SMITH"},{"floor":32,"key":"REST"},{"data":"Dark Embrace","floor":40,"key":"SMITH"},{"floor":46,"key":"REST"},{"floor":49,"key":"REST"}],"neow_cost":"NONE","seed_source_timestamp":23524779328037,"circlet_count":0,"master_deck":["Bash+1","Flame Barrier","Sword Boomerang","Uppercut+1","Spot Weakness","True Grit","Limit Break+1","Inflame","Mayhem+1","Second Wind","Power Through","Feel No Pain","Demon Form","True Grit+1","Corruption+1","Battle Trance+1","Feel No Pain","Sword Boomerang","Barricade","Armaments","Heavy Blade+1","Demon Form","Dark Embrace+1","Disarm","Spot Weakness","Blood for Blood","Seeing Red","Armaments","Disarm","Wild Strike+1","Wild Strike+1","Wild Strike+1","Second Wind+1","Inflame+1","Shrug It Off+1","Feel No Pain+1","Sever Soul","Warcry"],"relics":["Burning Blood","Mummified Hand","Art of War","Mark of Pain","Nilry\u0027s Codex","Red Mask","Lantern","Magic Flower","Boot","Pandora\u0027s Box","Juzu Bracelet","Question Card","Dead Branch","Bronze Scales","Dream Catcher"],"potions_floor_usage":[14,14,16,16,33,50,50,50],"damage_taken":[{"damage":6,"enemies":"Cultist","floor":1,"turns":4},{"damage":2,"enemies":"Small Slimes","floor":2,"turns":5},{"damage":4,"enemies":"Jaw Worm","floor":5,"turns":5},{"damage":44,"enemies":"Lagavulin","floor":7,"turns":6},{"damage":13,"enemies":"2 Fungi Beasts","floor":8,"turns":4},{"damage":9,"enemies":"Blue Slaver","floor":11,"turns":3},{"damage":13,"enemies":"Looter","floor":13,"turns":3},{"damage":8,"enemies":"Lots of Slimes","floor":14,"turns":5},{"damage":16,"enemies":"The Guardian","floor":16,"turns":7},{"damage":9,"enemies":"Chosen","floor":18,"turns":4},{"damage":12,"enemies":"Shell Parasite","floor":19,"turns":5},{"damage":36,"enemies":"Masked Bandits","floor":21,"turns":4},{"damage":5,"enemies":"3 Cultists","floor":28,"turns":5},{"damage":7,"enemies":"Cultist and Chosen","floor":30,"turns":5},{"damage":15,"enemies":"Snecko","floor":31,"turns":5},{"damage":6,"enemies":"Champ","floor":33,"turns":6},{"damage":20,"enemies":"3 Darklings","floor":35,"turns":4},{"damage":20,"enemies":"3 Shapes","floor":36,"turns":4},{"damage":21,"enemies":"Mind Bloom Boss Battle","floor":39,"turns":8},{"damage":27,"enemies":"3 Darklings","floor":41,"turns":3},{"damage":4,"enemies":"Jaw Worm Horde","floor":42,"turns":3},{"damage":4,"enemies":"Spire Growth","floor":45,"turns":3},{"damage":66,"enemies":"Awakened One","floor":50,"turns":8}],"seed_played":"-4264277708889982880","potions_obtained":[{"floor":1,"key":"PowerPotion"},{"floor":2,"key":"Fire Potion"},{"floor":5,"key":"Swift Potion"},{"floor":14,"key":"BloodPotion"},{"floor":28,"key":"Strength Potion"},{"floor":30,"key":"PowerPotion"},{"floor":33,"key":"SpeedPotion"},{"floor":39,"key":"Weak Potion"},{"floor":42,"key":"Strength Potion"}],"is_trial":false,"path_per_floor":["M","M","?","?","M","R","E","M","T","$","M","R","M","M","R","B",null,"M","M","?","?","$","R","$","?","T","R","M","T","M","M","R","B",null,"M","M","$","T","?","R","M","M","T","$","M","R","$","?","R","B",null],"character_chosen":"IRONCLAD","items_purchased":["Limit Break","Inflame","Mayhem","Feel No Pain","Lantern","Sword Boomerang","Juzu Bracelet","Dream Catcher","Sever Soul"],"campfire_rested":4,"item_purchase_floors":[10,10,10,22,22,24,37,44,47],"current_hp_per_floor":[80,80,64,64,66,66,28,21,21,21,18,18,11,9,33,31,80,77,71,55,25,25,25,25,25,25,25,29,29,31,25,49,52,80,69,58,58,58,46,46,28,33,33,33,38,62,62,62,80,23],"gold":28,"neow_bonus":"HUNDRED_GOLD","is_prod":false,"is_daily":false,"chose_seed":false,"campfire_upgraded":5,"win_rate":0,"timestamp":1552105406,"path_taken":["M","M","?","?","M","R","E","M","T","$","M","R","M","M","R","BOSS","M","M","?","?","$","R","$","?","T","R","M","?","M","?","R","BOSS","M","M","$","?","?","R","M","M","T","?","M","R","$","?","R","BOSS"],"build_version":"2019-01-23","purchased_purges":2,"victory":true,"max_hp_per_floor":[80,80,80,80,80,80,80,80,80,80,80,80,80,80,80,80,80,80,80,80,80,80,80,80,80,80,80,80,80,80,80,80,80,80,80,80,80,80,80,80,80,80,80,80,80,80,80,80,80,80],"card_choices":[{"not_picked":["Combust","Disarm"],"picked":"Flame Barrier","floor":1},{"not_picked":["Dropkick","Pommel Strike"],"picked":"Sword Boomerang","floor":2},{"not_picked":["Headbutt","Heavy Blade"],"picked":"Uppercut","floor":5},{"not_picked":["Clash","Headbutt"],"picked":"Spot Weakness","floor":7},{"not_picked":["Power Through","Clothesline"],"picked":"True Grit","floor":8},{"not_picked":["Reckless Charge","Twin Strike"],"picked":"Second Wind","floor":11},{"not_picked":["Perfected Strike","Body Slam"],"picked":"Power Through","floor":13},{"not_picked":["Twin Strike","Rampage"],"picked":"Feel No Pain","floor":14},{"not_picked":["Impervious","Limit Break"],"picked":"Demon Form","floor":16},{"not_picked":["Heavy Blade","Havoc"],"picked":"True Grit+1","floor":18},{"not_picked":["Perfected Strike","Wild Strike"],"picked":"Corruption","floor":19},{"not_picked":["Heavy Blade","Pummel"],"picked":"Battle Trance+1","floor":21},{"not_picked":["Infernal Blade","Heavy Blade"],"picked":"Barricade","floor":28},{"not_picked":["Flex","Headbutt"],"picked":"Armaments","floor":30},{"not_picked":["Sword Boomerang","Iron Wave+1"],"picked":"Heavy Blade+1","floor":31},{"not_picked":["Exhume","Impervious"],"picked":"Demon Form","floor":33},{"not_picked":["Battle Trance+1","Body Slam"],"picked":"Wild Strike+1","floor":35},{"not_picked":["Twin Strike+1","Clothesline"],"picked":"Wild Strike+1","floor":36},{"not_picked":["Pommel Strike","Headbutt","Reckless Charge+1"],"picked":"Wild Strike+1","floor":39},{"not_picked":["Pommel Strike","Pummel+1","Impervious"],"picked":"Second Wind+1","floor":41},{"not_picked":["Pommel Strike","Thunderclap+1","Iron Wave"],"picked":"Inflame+1","floor":42},{"not_picked":["Havoc","Twin Strike+1","Perfected Strike"],"picked":"Shrug It Off+1","floor":45},{"not_picked":["Headbutt+1","Entrench","Flex"],"picked":"Feel No Pain+1","floor":46},{"not_picked":["Clash","Corruption+1","Rupture+1"],"picked":"Warcry","floor":49}],"player_experience":252795,"relics_obtained":[{"floor":7,"key":"Mummified Hand"},{"floor":9,"key":"Art of War"},{"floor":20,"key":"Nilry\u0027s Codex"},{"floor":21,"key":"Red Mask"},{"floor":26,"key":"Magic Flower"},{"floor":29,"key":"Boot"},{"floor":38,"key":"Question Card"},{"floor":39,"key":"Dead Branch"},{"floor":43,"key":"Bronze Scales"}],"event_choices":[{"damage_healed":0,"gold_gain":0,"player_choice":"Entered Light","damage_taken":16,"max_hp_gain":0,"max_hp_loss":0,"event_name":"Shining Light","floor":3,"gold_loss":0,"cards_upgraded":["Defend_R","Bash"]},{"damage_healed":0,"gold_gain":175,"player_choice":"AGREE","damage_taken":0,"max_hp_gain":0,"max_hp_loss":0,"event_name":"Liars Game","floor":4,"gold_loss":0,"cards_obtained":["Doubt"]},{"damage_healed":0,"gold_gain":0,"player_choice":"Obtained Book","damage_taken":16,"max_hp_gain":0,"max_hp_loss":0,"event_name":"Cursed Tome","floor":20,"gold_loss":0},{"damage_healed":0,"gold_gain":0,"player_choice":"Fought Bandits","damage_taken":0,"max_hp_gain":0,"max_hp_loss":0,"event_name":"Masked Bandits","floor":21,"gold_loss":0},{"damage_healed":0,"gold_gain":99,"player_choice":"Stole From Cult","damage_taken":0,"max_hp_gain":0,"max_hp_loss":0,"event_name":"Nest","floor":25,"gold_loss":0},{"damage_healed":0,"gold_gain":0,"player_choice":"Fight","damage_taken":0,"max_hp_gain":0,"max_hp_loss":0,"event_name":"MindBloom","floor":39,"gold_loss":0},{"cards_removed":["Twin Strike"],"damage_healed":0,"gold_gain":0,"player_choice":"Removed Attack","damage_taken":0,"max_hp_gain":0,"max_hp_loss":0,"event_name":"Falling","floor":48,"gold_loss":0}],"is_beta":false,"boss_relics":[{"not_picked":["Busted Crown","Ectoplasm"],"picked":"Mark of Pain"},{"not_picked":["Coffee Dripper","Fusion Hammer"],"picked":"Pandora\u0027s Box"}],"items_purged_floors":[10,37],"is_endless":false,"potions_floor_spawned":[1,2,5,11,14,28,30,33,39,42,45],"ascension_level":0}