{"gold_per_floor":[118,129,148,162,142,142,168,93,167,193,93,93,108,126,126,126],"floor_reached":16,"playtime":458,"items_purged":["Strike_R","Strike_R"],"score":224,"play_id":"f81724e9-384a-4a28-a20a-a7a8ad7e968a","local_time":"20190114220038","is_ascension_mode":true,"campfire_choices":[{"data":"Bash","floor":6,"key":"SMITH"},{"data":"Dropkick","floor":12,"key":"SMITH"},{"data":"True Grit","floor":15,"key":"SMITH"}],"neow_cost":"NONE","seed_source_timestamp":122762157445442,"circlet_count":0,"master_deck":["AscendersBane","Strike_R","Strike_R","Strike_R","Defend_R","Defend_R","Defend_R","Defend_R+1","Bash+1","Twin Strike","Anger","Anger","Pummel","Dropkick+1","Flame Barrier+1","True Grit+1","Battle Trance"],"relics":["Burning Blood","Nunchaku","War Paint"],"potions_floor_usage":[4,10],"damage_taken":[{"damage":9,"enemies":"Jaw Worm","floor":1,"turns":4},{"damage":1,"enemies":"Cultist","floor":2,"turns":3},{"damage":1,"enemies":"2 Louse","floor":3,"turns":3},{"damage":12,"enemies":"Gremlin Gang","floor":4,"turns":4},{"damage":42,"enemies":"Lagavulin","floor":7,"turns":6},{"damage":32,"enemies":"Gremlin Nob","floor":10,"turns":4},{"damage":18,"enemies":"Large Slime","floor":13,"turns":8},{"damage":5,"enemies":"Looter","floor":14,"turns":3},{"damage":23,"enemies":"Hexaghost","floor":16,"turns":7}],"seed_played":"2071837483496450362","potions_obtained":[{"floor":1,"key":"Fire Potion"},{"floor":2,"key":"SteroidPotion"},{"floor":5,"key":"FairyPotion"}],"is_trial":false,"path_per_floor":["M","M","M","M","?","R","E","$","T","E","$","R","M","M","R","B"],"character_chosen":"IRONCLAD","items_purchased":[],"campfire_rested":0,"item_purchase_floors":[],"current_hp_per_floor":[72,77,82,76,76,76,40,40,40,14,14,14,14,15,15,0],"gold":126,"neow_bonus":"TEN_PERCENT_HP_BONUS","is_prod":false,"is_daily":false,"chose_seed":false,"campfire_upgraded":3,"win_rate":0,"timestamp":1547499638,"path_taken":["M","M","M","M","?","R","E","$","T","E","?","R","M","M","R","BOSS"],"build_version":"2019-01-10","purchased_purges":2,"victory":false,"max_hp_per_floor":[82,82,82,82,82,82,82,82,82,82,82,82,82,82,82,82],"card_choices":[{"not_picked":["Armaments","Wild Strike"],"picked":"Twin Strike","floor":1},{"not_picked":["Flame Barrier","Clash"],"picked":"Anger","floor":2},{"not_picked":["Juggernaut","Perfected Strike"],"picked":"Anger","floor":3},{"not_picked":["Headbutt","Clothesline"],"picked":"Pummel","floor":4},{"not_picked":["Seeing Red","Pommel Strike"],"picked":"Dropkick","floor":7},{"not_picked":["Iron Wave","Dark Embrace"],"picked":"Flame Barrier","floor":10},{"not_picked":["Headbutt","Wild Strike"],"picked":"True Grit","floor":13},{"not_picked":["Combust","Thunderclap"],"picked":"Battle Trance","floor":14}],"player_experience":1783840,"relics_obtained":[{"floor":7,"key":"Nunchaku"},{"floor":10,"key":"War Paint"}],"event_choices":[{"damage_healed":0,"gold_gain":0,"player_choice":"Bought 1 Potion","damage_taken":0,"max_hp_gain":0,"max_hp_loss":0,"event_name":"The Woman in Blue","floor":5,"gold_loss":0}],"is_beta":false,"boss_relics":[],"items_purged_floors":[8,11],"is_endless":false,"potions_floor_spawned":[1,2,7],"killed_by":"Hexaghost","ascension_level":20}