{"gold_per_floor":[113,129,139,139,139,174,174,189,189,114,132,55,80,80,80,175,175,189,199,199,41,55,55,80,80,80,80,80,97,97,115,115,212,212,226,242,242,254,354,354,389,407,407,407,407,453,453,453,453,453],"floor_reached":51,"playtime":4409,"items_purged":["Strike_R"],"score":764,"play_id":"eeb40c9b-90e4-436f-898c-393e87310cb1","local_time":"20190310041347","is_ascension_mode":true,"campfire_choices":[{"data":"Armaments","floor":7.0,"key":"SMITH"},{"data":"Body Slam","floor":15.0,"key":"SMITH"},{"data":"Dark Embrace","floor":23.0,"key":"SMITH"},{"floor":28.0,"key":"REST"},{"floor":30.0,"key":"REST"},{"data":"Armaments","floor":32.0,"key":"SMITH"},{"data":"Corruption","floor":40.0,"key":"SMITH"},{"floor":49.0,"key":"REST"}],"neow_cost":"NONE","seed_source_timestamp":74969331651356,"circlet_count":0,"master_deck":["Bash","Metallicize","Armaments+1","Armaments+1","Body Slam+1","Corruption+1","Juggernaut","Juggernaut","Second Wind","Double Tap","Immolate","Thunderclap","Entrench+1","Second Wind","Evolve","Dark Embrace+1","Feel No Pain+1","Ghostly","Ghostly","Ghostly","Ghostly","Ghostly","Armaments+1","Feel No Pain","Impervious","Shrug It Off+1","Armaments+1","Shrug It Off+1","True Grit+1","Offering","Apotheosis","Disarm"],"special_seed":0,"relics":["Burning Blood","NeowsBlessing","Dodecahedron","Letter Opener","Bottled Lightning","Pandora\u0027s Box","Regal Pillow","Ornamental Fan","Black Star","Incense Burner","Shovel","Red Skull","Pear","Prayer Wheel"],"potions_floor_usage":[50,50],"damage_taken":[{"damage":0.0,"enemies":"Jaw Worm","floor":1.0,"turns":1.0},{"damage":0.0,"enemies":"2 Louse","floor":2.0,"turns":1.0},{"damage":0.0,"enemies":"Cultist","floor":3.0,"turns":1.0},{"damage":37.0,"enemies":"Lagavulin","floor":6.0,"turns":9.0},{"damage":13.0,"enemies":"Lots of Slimes","floor":8.0,"turns":7.0},{"damage":0.0,"enemies":"Blue Slaver","floor":11.0,"turns":4.0},{"damage":25.0,"enemies":"3 Sentries","floor":13.0,"turns":13.0},{"damage":67.0,"enemies":"Slime Boss","floor":16.0,"turns":14.0},{"damage":22.0,"enemies":"2 Thieves","floor":18.0,"turns":3.0},{"damage":33.0,"enemies":"Spheric Guardian","floor":19.0,"turns":5.0},{"damage":22.0,"enemies":"Centurion and Healer","floor":22.0,"turns":5.0},{"damage":25.0,"enemies":"Gremlin Leader","floor":24.0,"turns":8.0},{"damage":32.0,"enemies":"Snecko","floor":29.0,"turns":7.0},{"damage":2.0,"enemies":"Sentry and Sphere","floor":31.0,"turns":6.0},{"damage":37.0,"enemies":"Champ","floor":33.0,"turns":12.0},{"damage":0.0,"enemies":"3 Shapes","floor":35.0,"turns":5.0},{"damage":18.0,"enemies":"Orb Walker","floor":36.0,"turns":6.0},{"damage":22.0,"enemies":"Sphere and 2 Shapes","floor":38.0,"turns":8.0},{"damage":0.0,"enemies":"Mind Bloom Boss Battle","floor":39.0,"turns":4.0},{"damage":17.0,"enemies":"Reptomancer","floor":41.0,"turns":7.0},{"damage":0.0,"enemies":"4 Shapes","floor":42.0,"turns":5.0},{"damage":20.0,"enemies":"2 Orb Walkers","floor":46.0,"turns":4.0},{"damage":6.0,"enemies":"Spire Growth","floor":47.0,"turns":3.0},{"damage":23,"enemies":"Awakened One","floor":50,"turns":13}],"seed_played":"8482799161527691362","potions_obtained":[{"floor":1.0,"key":"Regen Potion"},{"floor":6.0,"key":"Fruit Juice"},{"floor":11.0,"key":"Regen Potion"},{"floor":16.0,"key":"Weak Potion"},{"floor":19.0,"key":"SkillPotion"},{"floor":22.0,"key":"EssenceOfSteel"},{"floor":33.0,"key":"EntropicBrew"},{"floor":36.0,"key":"SteroidPotion"},{"floor":46.0,"key":"Energy Potion"},{"floor":48.0,"key":"Weak Potion"},{"floor":48.0,"key":"Strength Potion"},{"floor":48.0,"key":"FairyPotion"}],"is_trial":false,"path_per_floor":["M","M","M","?","?","E","R","M","T","$","M","$","E","?","R","B",null,"M","M","?","$","M","R","E","?","T","?","R","M","R","M","R","B",null,"M","M","?","M","?","R","E","M","T","$","?","?","M","?","R","B",null],"character_chosen":"IRONCLAD","items_purchased":["Corruption","Dark Embrace"],"campfire_rested":3,"item_purchase_floors":[12,21],"current_hp_per_floor":[80,80,80,80,80,49,49,42,42,42,48,48,82,82,82,21,85,69,42,42,42,26,26,7,7,7,7,34,8,35,39,39,8,42,42,30,30,14,20,20,9,15,25,25,25,11,11,11,41,24],"gold":453,"neow_bonus":"THREE_ENEMY_KILL","is_prod":false,"is_daily":false,"chose_seed":false,"campfire_upgraded":5,"win_rate":0,"timestamp":1552158827,"path_taken":["M","M","M","?","?","E","R","?","T","$","?","$","E","?","R","BOSS","M","M","?","$","M","R","E","?","T","?","R","M","R","M","R","BOSS","M","?","?","M","?","R","E","M","T","$","?","?","M","?","R","BOSS"],"build_version":"2019-01-23","purchased_purges":1,"victory":true,"max_hp_per_floor":[80,80,80,80,80,80,80,80,80,80,80,80,85,85,85,85,85,85,85,85,85,85,85,85,42,42,42,42,42,42,42,42,42,42,42,42,42,42,42,42,42,42,52,52,52,52,52,52,52,52],"card_choices":[{"not_picked":["Burning Pact","Sentinel"],"picked":"Metallicize","floor":1.0},{"not_picked":["Ghostly Armor","Warcry"],"picked":"Armaments","floor":2.0},{"not_picked":["Heavy Blade","Reckless Charge","Blood for Blood"],"picked":"SKIP","floor":3.0},{"not_picked":["Rampage","Dropkick"],"picked":"Armaments","floor":6.0},{"not_picked":["Shrug It Off","Feel No Pain"],"picked":"Body Slam","floor":8.0},{"not_picked":["Havoc","Carnage","Cleave"],"picked":"SKIP","floor":11.0},{"not_picked":["Battle Trance","Pommel Strike"],"picked":"Juggernaut","floor":13.0},{"not_picked":["Offering","Exhume"],"picked":"Juggernaut","floor":16.0},{"not_picked":["Headbutt","Burning Pact"],"picked":"Thunderclap","floor":18.0},{"not_picked":["True Grit","Perfected Strike"],"picked":"Entrench+1","floor":19.0},{"not_picked":["Pommel Strike+1","Havoc","Flex+1"],"picked":"SKIP","floor":22.0},{"not_picked":["Juggernaut","Ghostly Armor+1"],"picked":"Feel No Pain+1","floor":24.0},{"not_picked":["Sever Soul","Body Slam"],"picked":"Armaments+1","floor":29.0},{"not_picked":["Warcry","Heavy Blade"],"picked":"Feel No Pain","floor":31.0},{"not_picked":["Immolate","Reaper"],"picked":"Impervious","floor":33.0},{"not_picked":["Thunderclap","Pommel Strike+1"],"picked":"Shrug It Off+1","floor":35.0},{"not_picked":["Headbutt+1","Rage+1"],"picked":"Armaments+1","floor":36.0},{"not_picked":["Clothesline","True Grit+1"],"picked":"Shrug It Off+1","floor":38.0},{"not_picked":["Infernal Blade+1","Rampage+1"],"picked":"True Grit+1","floor":39.0},{"not_picked":["Clothesline","Cleave+1"],"picked":"Offering","floor":41.0},{"not_picked":["Heavy Blade+1","Rupture+1","Clothesline+1"],"picked":"SKIP","floor":42.0},{"not_picked":["Swift Strike","Madness"],"picked":"Apotheosis","floor":45.0},{"not_picked":["Pommel Strike+1","Twin Strike+1"],"picked":"Disarm","floor":46.0}],"player_experience":272138,"relics_obtained":[{"floor":6.0,"key":"Dodecahedron"},{"floor":9.0,"key":"Letter Opener"},{"floor":13.0,"key":"Bottled Lightning"},{"floor":24.0,"key":"Regal Pillow"},{"floor":26.0,"key":"Ornamental Fan"},{"floor":39.0,"key":"Incense Burner"},{"floor":41.0,"key":"Shovel"},{"floor":41.0,"key":"Red Skull"},{"floor":43.0,"key":"Pear"},{"floor":46.0,"key":"Prayer Wheel"}],"event_choices":[{"cards_removed":["Strike_R"],"damage_healed":0.0,"max_hp_gain":0.0,"max_hp_loss":0.0,"gold_gain":0.0,"event_name":"Living Wall","player_choice":"Forget","floor":4.0,"gold_loss":0.0,"damage_taken":0.0},{"damage_healed":0.0,"max_hp_gain":0.0,"max_hp_loss":0.0,"gold_gain":0.0,"event_name":"Match and Keep!","player_choice":"0 cards matched","floor":5.0,"gold_loss":0.0,"damage_taken":0.0,"cards_obtained":[]},{"cards_removed":["Strike_R"],"damage_healed":0.0,"max_hp_gain":0.0,"max_hp_loss":0.0,"gold_gain":0.0,"event_name":"Wheel of Change","player_choice":"Card Removal","floor":14.0,"gold_loss":0.0,"damage_taken":0.0},{"damage_healed":0.0,"max_hp_gain":0.0,"max_hp_loss":0.0,"gold_gain":0.0,"cards_transformed":["Sword Boomerang","Sword Boomerang"],"event_name":"Drug Dealer","player_choice":"Became Test Subject","floor":20.0,"gold_loss":0.0,"damage_taken":0.0,"cards_obtained":["Second Wind","Evolve"]},{"damage_healed":0.0,"max_hp_gain":0.0,"max_hp_loss":43.0,"gold_gain":0.0,"event_name":"Ghosts","player_choice":"Became a Ghost","floor":25.0,"gold_loss":0.0,"damage_taken":0.0,"cards_obtained":["Ghostly","Ghostly","Ghostly","Ghostly","Ghostly"]},{"cards_removed":["Berserk"],"damage_healed":0.0,"max_hp_gain":0.0,"max_hp_loss":0.0,"gold_gain":0.0,"event_name":"Purifier","player_choice":"Purged","floor":27.0,"gold_loss":0.0,"damage_taken":0.0},{"damage_healed":0.0,"max_hp_gain":0.0,"max_hp_loss":0.0,"gold_gain":0.0,"event_name":"Tomb of Lord Red Mask","player_choice":"Ignored","floor":37.0,"gold_loss":0.0,"damage_taken":0.0},{"damage_healed":0.0,"max_hp_gain":0.0,"max_hp_loss":0.0,"gold_gain":0.0,"event_name":"MindBloom","player_choice":"Fight","floor":39.0,"gold_loss":0.0,"damage_taken":0.0},{"damage_healed":0.0,"max_hp_gain":0.0,"max_hp_loss":0.0,"gold_gain":0.0,"event_name":"SensoryStone","player_choice":"Memory 1","floor":45.0,"gold_loss":0.0,"damage_taken":0.0},{"damage_healed":0.0,"max_hp_gain":0.0,"max_hp_loss":0.0,"gold_gain":0.0,"event_name":"Mysterious Sphere","player_choice":"Fight","floor":46.0,"gold_loss":0.0,"damage_taken":0.0},{"damage_healed":0.0,"max_hp_gain":0.0,"max_hp_loss":0.0,"gold_gain":0.0,"event_name":"Lab","player_choice":"Got Potions","floor":48.0,"gold_loss":0.0,"damage_taken":0.0}],"is_beta":false,"boss_relics":[{"not_picked":["Busted Crown","Runic Dome"],"picked":"Pandora\u0027s Box"},{"not_picked":["Orrery","Tiny House"],"picked":"Black Star"}],"items_purged_floors":[10],"is_endless":false,"potions_floor_spawned":[1,6,11,16,19,22,33,36,46],"ascension_level":1}