{"gold_per_floor":[113,128,128,17,17,77,77,106,106,141,141,151,169,187,187,259,259,271,294,22,40,40,40,53,68,92,92,104,118,118,149,149,223,223,234,234,248,248],"floor_reached":38,"playtime":1457,"items_purged":[],"score":982,"play_id":"3fdbed6d-c1f9-4794-ae34-379aa6c42eac","local_time":"20190202030657","is_ascension_mode":true,"campfire_choices":[{"data":"Zap","floor":7,"key":"SMITH"},{"data":"Biased Cognition","floor":11,"key":"SMITH"},{"data":"Sunder","floor":15,"key":"SMITH"},{"data":"Coolheaded","floor":23,"key":"SMITH"},{"floor":27,"key":"REST"},{"floor":30,"key":"REST"},{"data":"Coolheaded","floor":32,"key":"SMITH"}],"neow_cost":"NONE","seed_source_timestamp":1475014419869604,"circlet_count":0,"master_deck":["AscendersBane","Strike_B","Strike_B","Strike_B","Strike_B","Defend_B","Defend_B","Defend_B","Defend_B","Zap+1","Dualcast","Cold Snap","Defragment+1","Ball Lightning","Ball Lightning","Biased Cognition+1","Compile Driver","Coolheaded+1","Sunder+1","Echo Form","Ball Lightning","Go for the Eyes","Steam Power+1","Steam+1","Coolheaded+1","Biased Cognition","Turbo","Go for the Eyes+1"],"relics":["Cracked Core","NeowsBlessing","Darkstone Periapt","Tiny Chest","Boot","Pear","Anchor","Runic Pyramid","Lantern","Bottled Tornado","Question Card","Smiling Mask","Omamori","Velvet Choker"],"potions_floor_usage":[10,16],"damage_taken":[{"damage":0,"enemies":"Cultist","floor":1,"turns":1},{"damage":0,"enemies":"Jaw Worm","floor":2,"turns":1},{"damage":0,"enemies":"Gremlin Nob","floor":6,"turns":1},{"damage":12,"enemies":"Lagavulin","floor":8,"turns":6},{"damage":25,"enemies":"3 Sentries","floor":10,"turns":4},{"damage":10,"enemies":"Small Slimes","floor":12,"turns":3},{"damage":3,"enemies":"Exordium Thugs","floor":13,"turns":4},{"damage":0,"enemies":"Large Slime","floor":14,"turns":3},{"damage":0,"enemies":"Slime Boss","floor":16,"turns":6},{"damage":2,"enemies":"Spheric Guardian","floor":18,"turns":4},{"damage":27,"enemies":"2 Thieves","floor":21,"turns":3},{"damage":0,"enemies":"Chosen and Byrds","floor":24,"turns":4},{"damage":0,"enemies":"Snecko","floor":25,"turns":4},{"damage":18,"enemies":"Shelled Parasite and Fungi","floor":28,"turns":4},{"damage":2,"enemies":"Centurion and Healer","floor":29,"turns":5},{"damage":17,"enemies":"Gremlin Leader","floor":31,"turns":5},{"damage":39,"enemies":"Collector","floor":33,"turns":9},{"damage":0,"enemies":"3 Shapes","floor":35,"turns":4},{"damage":54,"enemies":"3 Darklings","floor":37,"turns":5},{"damage":23,"enemies":"Jaw Worm Horde","floor":38,"turns":2}],"seed_played":"6461974526035305394","potions_obtained":[{"floor":2,"key":"Strength Potion"},{"floor":12,"key":"Fire Potion"},{"floor":14,"key":"Ancient Potion"},{"floor":18,"key":"Ancient Potion"},{"floor":21,"key":"Swift Potion"},{"floor":33,"key":"FairyPotion"}],"is_trial":false,"path_per_floor":["M","M","?","$","?","E","R","E","T","E","R","M","M","M","R","B",null,"M","T","$","M","?","R","M","M","T","R","M","M","R","E","R","B",null,"M","?","M","M"],"character_chosen":"DEFECT","items_purchased":["Defragment","Ball Lightning","Bottled Tornado"],"campfire_rested":2,"item_purchase_floors":[4,4,20],"current_hp_per_floor":[64,64,59,59,59,59,59,47,57,32,32,22,19,19,19,19,66,64,64,64,37,37,37,37,37,37,61,43,41,65,48,48,9,63,63,63,9,0],"gold":248,"neow_bonus":"THREE_ENEMY_KILL","is_prod":false,"is_daily":false,"chose_seed":false,"campfire_upgraded":5,"win_rate":0,"timestamp":1549073217,"path_taken":["M","?","?","$","?","E","R","E","T","E","R","M","M","M","R","BOSS","M","?","$","M","?","R","M","?","T","R","M","M","R","E","R","BOSS","M","?","M","M"],"build_version":"2019-01-23","purchased_purges":0,"victory":false,"max_hp_per_floor":[71,71,71,71,71,71,71,71,81,81,81,81,81,81,81,81,81,81,81,81,81,81,81,81,81,81,81,81,81,81,81,81,81,81,81,81,81,81],"card_choices":[{"not_picked":["Beam Cell","Hologram"],"picked":"Cold Snap","floor":1},{"not_picked":["Redo","Skim","Turbo"],"picked":"SKIP","floor":2},{"not_picked":["Conserve Battery","Scrape"],"picked":"Ball Lightning","floor":6},{"not_picked":["Steam","Undo"],"picked":"Biased Cognition","floor":8},{"not_picked":["Hologram","Reprogram"],"picked":"Compile Driver","floor":10},{"not_picked":["Darkness","Hologram"],"picked":"Coolheaded","floor":12},{"not_picked":["Leap","Gash","Aggregate"],"picked":"SKIP","floor":13},{"not_picked":["Barrage","Redo"],"picked":"Sunder","floor":14},{"not_picked":["All For One","Rainbow"],"picked":"Echo Form","floor":16},{"not_picked":["Stack","Leap"],"picked":"Ball Lightning","floor":18},{"not_picked":["Sunder","Rebound","Skim"],"picked":"SKIP","floor":21},{"not_picked":["Compile Driver","Streamline","Beam Cell"],"picked":"Go for the Eyes","floor":24},{"not_picked":["Turbo","Fusion","Beam Cell"],"picked":"Steam Power+1","floor":25},{"not_picked":["Sweeping Beam","Barrage","Beam Cell","Machine Learning"],"picked":"SKIP","floor":28},{"not_picked":["Cold Snap","Compile Driver","Gash"],"picked":"Steam+1","floor":29},{"not_picked":["Streamline","Reprogram","Gash"],"picked":"Coolheaded","floor":31},{"not_picked":["Seek","Rainbow","Echo Form"],"picked":"Biased Cognition","floor":33},{"not_picked":["Hello World","Compile Driver","Rebound"],"picked":"Turbo","floor":35},{"not_picked":["Sweeping Beam+1","Conserve Battery","Fusion"],"picked":"Go for the Eyes+1","floor":37}],"player_experience":1835315,"relics_obtained":[{"floor":6,"key":"Tiny Chest"},{"floor":8,"key":"Boot"},{"floor":9,"key":"Pear"},{"floor":10,"key":"Anchor"},{"floor":19,"key":"Lantern"},{"floor":22,"key":"Question Card"},{"floor":26,"key":"Smiling Mask"},{"floor":31,"key":"Omamori"}],"event_choices":[{"damage_healed":0,"gold_gain":0,"player_choice":"Success","damage_taken":5,"relics_obtained":["Darkstone Periapt"],"max_hp_gain":0,"max_hp_loss":0,"event_name":"Scrap Ooze","floor":3,"gold_loss":0},{"damage_healed":0,"gold_gain":0,"player_choice":"Upgraded","damage_taken":0,"max_hp_gain":0,"max_hp_loss":0,"event_name":"Upgrade Shrine","floor":5,"gold_loss":0,"cards_upgraded":["Defragment"]},{"damage_healed":0,"gold_gain":0,"player_choice":"Relic","damage_taken":0,"max_hp_gain":0,"max_hp_loss":0,"event_name":"Wheel of Change","floor":22,"gold_loss":0},{"damage_healed":0,"gold_gain":0,"player_choice":"Ignored","damage_taken":0,"max_hp_gain":0,"max_hp_loss":0,"event_name":"Tomb of Lord Red Mask","floor":36,"gold_loss":0}],"is_beta":false,"boss_relics":[{"not_picked":["Busted Crown","Inserter"],"picked":"Runic Pyramid"},{"not_picked":["Fusion Hammer","Snecko Eye"],"picked":"Velvet Choker"}],"items_purged_floors":[],"is_endless":false,"potions_floor_spawned":[2,12,14,18,21,33,35],"killed_by":"Jaw Worm Horde","ascension_level":20}