{"gold_per_floor":[109,127,143,155,155,155,186,85,85,85,111,111,111,138,138,243,243,258,273,273,285,285,311,311,337,349,7,7,38,54,64,64,166,166,177,177,177,177,177,208,228,258,285,285,295,295,98,171,171,171],"floor_reached":51,"playtime":2586,"items_purged":["Strike_B","Strike_B","Strike_B+1"],"score":925,"play_id":"023ce7ac-60c0-418a-bc13-3a5174f879ac","local_time":"20190216015730","is_ascension_mode":true,"campfire_choices":[{"data":"Zap","floor":6.0,"key":"SMITH"},{"data":"Ball Lightning","floor":10.0,"key":"SMITH"},{"floor":13.0,"key":"REST"},{"data":"Rip and Tear","floor":15,"key":"SMITH"},{"floor":24,"key":"REST"},{"floor":28,"key":"REST"},{"floor":32,"key":"REST"},{"floor":44,"key":"REST"},{"data":"White Noise","floor":46,"key":"SMITH"},{"data":"Blizzard","floor":49,"key":"SMITH"}],"neow_cost":"NONE","seed_source_timestamp":167718632481600,"circlet_count":0,"master_deck":["Strike_B+1","Defend_B+1","Defend_B+1","Defend_B+1","Defend_B+1","Dualcast+1","Ball Lightning+1","Rip and Tear+1","Leap+1","Ball Lightning+1","Cold Snap+1","Static Discharge+1","Thunder Strike+1","Loop+1","Glacier+1","Defragment+1","Doom and Gloom+1","Chill+1","Rainbow+1","Barrage+1","Biased Cognition+1","Glacier+1","Hologram+1","White Noise+1","Blizzard+1"],"special_seed":0,"relics":["Cracked Core","Centennial Puzzle","Regal Pillow","Matryoshka","Mercury Hourglass","Orichalcum","Inserter","NlothsMask","Dodecahedron","MawBank","Shuriken","Bag of Preparation","Runic Pyramid","Mark of the Bloom","Ancient Tea Set","The Courier","Question Card","DataDisk","Molten Egg 2"],"potions_floor_usage":[16,25,25,29,29,33,33,42,50,50,50],"damage_taken":[{"damage":0.0,"enemies":"Small Slimes","floor":1.0,"turns":3.0},{"damage":4.0,"enemies":"Jaw Worm","floor":2.0,"turns":3.0},{"damage":3.0,"enemies":"2 Louse","floor":3.0,"turns":4.0},{"damage":1.0,"enemies":"2 Fungi Beasts","floor":4.0,"turns":3.0},{"damage":9.0,"enemies":"Lagavulin","floor":7.0,"turns":5.0},{"damage":9.0,"enemies":"Gremlin Nob","floor":11.0,"turns":3.0},{"damage":19,"enemies":"Lagavulin","floor":14,"turns":5},{"damage":7,"enemies":"Hexaghost","floor":16,"turns":7},{"damage":17,"enemies":"3 Byrds","floor":18,"turns":3},{"damage":4,"enemies":"Chosen","floor":19,"turns":3},{"damage":9,"enemies":"Snecko","floor":21,"turns":5},{"damage":51,"enemies":"Slavers","floor":23,"turns":5},{"damage":27,"enemies":"Book of Stabbing","floor":25,"turns":5},{"damage":18,"enemies":"Gremlin Leader","floor":29,"turns":6},{"damage":8,"enemies":"Centurion and Healer","floor":30,"turns":5},{"damage":22,"enemies":"Cultist and Chosen","floor":31,"turns":5},{"damage":41,"enemies":"Collector","floor":33,"turns":11},{"damage":0,"enemies":"3 Shapes","floor":35,"turns":2},{"damage":5,"enemies":"Reptomancer","floor":40,"turns":9},{"damage":0,"enemies":"Orb Walker","floor":41,"turns":4},{"damage":53,"enemies":"Giant Head","floor":42,"turns":10},{"damage":0,"enemies":"Jaw Worm Horde","floor":45,"turns":4},{"damage":23,"enemies":"Awakened One","floor":50,"turns":16}],"seed_played":"-7591974663379906753","potions_obtained":[{"floor":1.0,"key":"Explosive Potion"},{"floor":2.0,"key":"LiquidBronze"},{"floor":4.0,"key":"Weak Potion"},{"floor":7.0,"key":"FocusPotion"},{"floor":18,"key":"Strength Potion"},{"floor":29,"key":"SpeedPotion"},{"floor":31,"key":"Fruit Juice"},{"floor":35,"key":"Strength Potion"},{"floor":40,"key":"Energy Potion"}],"is_trial":false,"path_per_floor":["M","M","M","M","?","R","E","$","T","R","E","?","R","E","R","B",null,"M","M","?","M","?","E","R","E","T","$","R","E","M","M","R","B",null,"M","?","?","?","?","E","M","E","T","R","M","R","$","T","R","B",null],"character_chosen":"DEFECT","items_purchased":["Ball Lightning","Rainbow","Fruit Juice","EssenceOfSteel","Block Potion","Blizzard"],"campfire_rested":5,"item_purchase_floors":[8,27,27,27,47,47],"current_hp_per_floor":[82,78,75,74,58,58,49,49,49,49,40,37,76,57,57,50,82,65,61,61,52,52,1,40,13,13,13,52,39,31,9,50,14,92,92,87,87,87,87,82,82,29,29,29,29,29,29,29,29,6],"gold":171,"neow_bonus":"TEN_PERCENT_HP_BONUS","is_prod":false,"is_daily":false,"chose_seed":false,"campfire_upgraded":5,"win_rate":0,"timestamp":1550300250,"path_taken":["M","M","M","M","?","R","E","$","T","R","E","?","R","E","R","BOSS","M","M","?","M","?","E","R","E","T","$","R","E","?","M","R","BOSS","M","?","?","?","?","E","?","E","T","R","M","R","$","?","R","BOSS"],"build_version":"2019-01-23","purchased_purges":3,"victory":true,"max_hp_per_floor":[82,82,82,82,82,82,82,82,82,82,82,82,82,82,82,82,82,82,82,82,82,82,82,82,82,82,82,82,87,87,87,87,92,92,92,87,87,87,87,87,87,87,87,87,87,87,87,87,87,87],"card_choices":[{"not_picked":["Scrape","Rebound"],"picked":"Ball Lightning","floor":1.0},{"not_picked":["Go for the Eyes","Reprogram","Chaos"],"picked":"SKIP","floor":2.0},{"not_picked":["Double Energy","Gash","Streamline"],"picked":"SKIP","floor":3.0},{"not_picked":["Rebound","Turbo"],"picked":"Rip and Tear","floor":4.0},{"not_picked":["Stack","Heatsinks"],"picked":"Leap","floor":7.0},{"not_picked":["Turbo","Rip and Tear"],"picked":"Cold Snap","floor":11.0},{"not_picked":["Heatsinks","Steam Power"],"picked":"Static Discharge","floor":14},{"not_picked":["Amplify","Fission"],"picked":"Thunder Strike","floor":16},{"not_picked":["Redo+1","Double Energy"],"picked":"Loop","floor":18},{"not_picked":["Turbo","Beam Cell"],"picked":"Glacier+1","floor":19},{"not_picked":["Aggregate","Compile Driver","Force Field"],"picked":"SKIP","floor":21},{"not_picked":["Double Energy+1","Machine Learning"],"picked":"Doom and Gloom","floor":23},{"not_picked":["Ball Lightning","Tempest+1"],"picked":"Chill","floor":25},{"not_picked":["Stack","Ball Lightning+1","Static Discharge"],"picked":"SKIP","floor":29},{"not_picked":["Steam","Conserve Battery"],"picked":"Barrage","floor":30},{"not_picked":["Sunder","Gash","Sweeping Beam"],"picked":"SKIP","floor":31},{"not_picked":["Meteor Strike","Fission"],"picked":"Biased Cognition","floor":33},{"not_picked":["Coolheaded+1","Rip and Tear"],"picked":"Glacier+1","floor":35},{"not_picked":["Ball Lightning","Streamline+1","Static Discharge+1"],"picked":"SKIP","floor":40},{"not_picked":["Skim","Cold Snap+1"],"picked":"Hologram+1","floor":41},{"not_picked":["Melter+1","Fusion","Sweeping Beam+1"],"picked":"SKIP","floor":42},{"not_picked":["Aggregate+1","Genetic Algorithm","Beam Cell+1"],"picked":"White Noise","floor":45}],"player_experience":247437,"relics_obtained":[{"floor":7.0,"key":"Centennial Puzzle"},{"floor":9.0,"key":"Regal Pillow"},{"floor":11.0,"key":"Matryoshka"},{"floor":14,"key":"Orichalcum"},{"floor":23,"key":"Dodecahedron"},{"floor":25,"key":"MawBank"},{"floor":26,"key":"Shuriken"},{"floor":29,"key":"Bag of Preparation"},{"floor":40,"key":"Ancient Tea Set"},{"floor":42,"key":"The Courier"},{"floor":43,"key":"Question Card"},{"floor":43,"key":"DataDisk"},{"floor":48,"key":"Molten Egg 2"}],"event_choices":[{"damage_healed":0.0,"max_hp_gain":0.0,"max_hp_loss":0.0,"gold_gain":0.0,"event_name":"Shining Light","player_choice":"Entered Light","floor":5.0,"gold_loss":0.0,"damage_taken":16.0,"cards_upgraded":["Ball Lightning","Defend_B"]},{"damage_healed":0.0,"max_hp_gain":0.0,"max_hp_loss":0.0,"gold_gain":0.0,"event_name":"Scrap Ooze","player_choice":"Success","floor":12.0,"gold_loss":0.0,"damage_taken":3.0,"relics_obtained":["Mercury Hourglass"]},{"damage_healed":0,"gold_gain":0,"player_choice":"Read","damage_taken":0,"max_hp_gain":0,"max_hp_loss":0,"event_name":"The Library","floor":20,"gold_loss":0,"cards_obtained":["Defragment"]},{"damage_healed":0,"gold_gain":0,"player_choice":"Trade","damage_taken":0,"relics_obtained":["NlothsMask"],"max_hp_gain":0,"max_hp_loss":0,"event_name":"FaceTrader","floor":22,"gold_loss":0},{"damage_healed":0,"gold_gain":0,"player_choice":"Max HP","damage_taken":0,"max_hp_gain":0,"max_hp_loss":5,"event_name":"Winding Halls","floor":36,"gold_loss":0},{"cards_removed":["Zap"],"damage_healed":0,"gold_gain":0,"player_choice":"Removed Skill","damage_taken":0,"max_hp_gain":0,"max_hp_loss":0,"event_name":"Falling","floor":37,"gold_loss":0},{"damage_healed":0,"gold_gain":0,"player_choice":"Memory 1","damage_taken":0,"max_hp_gain":0,"max_hp_loss":0,"event_name":"SensoryStone","floor":38,"gold_loss":0},{"damage_healed":0,"gold_gain":0,"player_choice":"Upgrade","damage_taken":0,"relics_obtained":["Mark of the Bloom"],"max_hp_gain":0,"max_hp_loss":0,"event_name":"MindBloom","floor":39,"gold_loss":0,"cards_upgraded":["Strike_B","Strike_B","Defend_B","Defend_B","Defend_B","Dualcast","Leap","Cold Snap","Static Discharge","Thunder Strike","Loop","Defragment","Doom and Gloom","Chill","Rainbow","Barrage","Biased Cognition"]}],"is_beta":false,"boss_relics":[{"not_picked":["White Beast Statue","Tiny House"],"picked":"Inserter"},{"not_picked":["Orrery","Fusion Hammer"],"picked":"Runic Pyramid"}],"items_purged_floors":[8,27,47],"is_endless":false,"potions_floor_spawned":[1,2,4,7,18,29,31,35,40],"ascension_level":4}