{"gold_per_floor":[112,37,37,112,112,112,137,137,137,37,48,75,89,109,109,184,184,195,195,223,423,271,296,296,322,322,322,335,335,351,74,74,153,153,173,173,395,413,363,363,377,409,409,423,423,438,438,464,464,464],"floor_reached":50,"playtime":5989,"items_purged":["Strike_G","Strike_G"],"score":1072,"play_id":"d8707ee8-cafb-4dde-aafb-55dd1f6f9be9","local_time":"20180923234446","is_ascension_mode":true,"campfire_choices":[{"data":"1","floor":6,"key":"LIFT"},{"data":"2","floor":8,"key":"LIFT"},{"data":"3","floor":15,"key":"LIFT"},{"data":"Neutralize","floor":24,"key":"SMITH"},{"data":"Quick Slash","floor":29,"key":"SMITH"},{"floor":32,"key":"REST"},{"data":"Backflip","floor":40,"key":"SMITH"},{"floor":45,"key":"REST"},{"floor":47,"key":"REST"},{"floor":49,"key":"REST"}],"neow_cost":"PERCENT_DAMAGE","seed_source_timestamp":349197924965733,"circlet_count":0,"master_deck":["Defend_G","Defend_G","Defend_G","Defend_G","Defend_G","Survivor","Neutralize+1","AscendersBane","Slice","Calculated Gamble","Endless Agony","All Out Attack","Backflip+1","Venomology","Tactician+1","Dagger Spray+1","Setup+1","Quick Slash+1","RitualDagger","Well Laid Plans+1","Backflip+1","Slice","Calculated Gamble","Finisher","Mayhem","Infinite Blades","Die Die Die","Well Laid Plans","Mayhem","Dramatic Entrance","Deflect","Terror","PiercingWail+1","Caltrops+1"],"relics":["Ring of the Serpent","Girya","CultistMask","Potion Belt","Kunai","Odd Mushroom","Astrolabe","Red Mask","Bronze Scales","Pen Nib","Regal Pillow","Bottled Lightning","Snake Skull","Frozen Egg 2","Ornamental Fan","Centennial Puzzle"],"potions_floor_usage":[23,25,30,30,33,38,38,41,42,44,46,50,50],"damage_taken":[{"damage":0,"enemies":"Cultist","floor":1,"turns":4},{"damage":26,"enemies":"Gremlin Nob","floor":7,"turns":5},{"damage":1,"enemies":"2 Louse","floor":11,"turns":3},{"damage":4,"enemies":"The Mushroom Lair","floor":12,"turns":5},{"damage":0,"enemies":"Small Slimes","floor":13,"turns":2},{"damage":0,"enemies":"2 Fungi Beasts","floor":14,"turns":3},{"damage":17,"enemies":"Slime Boss","floor":16,"turns":15},{"damage":0,"enemies":"3 Byrds","floor":18,"turns":4},{"damage":2,"enemies":"Masked Bandits","floor":20,"turns":2},{"damage":5,"enemies":"Book of Stabbing","floor":23,"turns":5},{"damage":6,"enemies":"Slavers","floor":25,"turns":3},{"damage":0,"enemies":"Spheric Guardian","floor":28,"turns":1},{"damage":5,"enemies":"Centurion and Healer","floor":30,"turns":3},{"damage":13,"enemies":"Champ","floor":33,"turns":8},{"damage":0,"enemies":"Orb Walker","floor":35,"turns":3},{"damage":17,"enemies":"3 Darklings","floor":38,"turns":10},{"damage":25,"enemies":"Maw","floor":41,"turns":8},{"damage":12,"enemies":"Nemesis","floor":42,"turns":10},{"damage":8,"enemies":"Reptomancer","floor":44,"turns":5},{"damage":21,"enemies":"3 Darklings","floor":46,"turns":4},{"damage":0,"enemies":"Giant Head","floor":48,"turns":4},{"damage":75,"enemies":"Time Eater","floor":50,"turns":12}],"seed_played":"-7379253679827106325","potions_obtained":[{"floor":13,"key":"Ancient Potion"},{"floor":16,"key":"Explosive Potion"},{"floor":25,"key":"AttackPotion"},{"floor":30,"key":"EssenceOfSteel"},{"floor":38,"key":"Poison Potion"},{"floor":48,"key":"SpeedPotion"}],"is_trial":false,"path_per_floor":["M","$","?","?","?","R","E","R","T","$","M","?","M","M","R","B",null,"M","?","?","?","$","E","R","E","T","T","M","R","M","$","R","B",null,"M","?","?","M","?","R","M","E","T","M","R","M","R","E","R"],"character_chosen":"THE_SILENT","items_purchased":["Bronze Scales","Mayhem","Infinite Blades"],"campfire_rested":4,"item_purchase_floors":[22,31,31],"current_hp_per_floor":[44,44,44,33,55,55,29,29,29,29,28,24,24,24,24,7,51,51,45,43,43,43,38,38,32,32,32,32,32,27,27,61,48,62,62,52,52,50,50,50,25,13,13,5,39,18,52,52,66,0],"gold":464,"neow_bonus":"ONE_RARE_RELIC","is_prod":false,"is_daily":false,"chose_seed":false,"campfire_upgraded":3,"win_rate":0,"timestamp":1537739086,"path_taken":["M","?","?","?","?","R","E","R","T","$","M","?","?","M","R","BOSS","M","?","?","?","?","E","R","E","T","?","M","R","?","$","R","BOSS","M","?","?","M","?","R","M","E","T","M","R","?","R","E","R","BOSS"],"build_version":"2018-09-20","purchased_purges":2,"victory":false,"max_hp_per_floor":[66,66,66,66,66,66,66,66,66,66,66,66,66,66,66,66,66,66,66,66,66,66,66,66,66,66,66,66,66,66,66,66,66,66,66,66,66,66,66,66,66,66,66,66,66,66,66,66,66,66],"card_choices":[{"not_picked":["Blade Dance","Poisoned Stab"],"picked":"Slice","floor":1},{"not_picked":["Quick Slash","Underhanded Strike"],"picked":"Calculated Gamble","floor":7},{"not_picked":["Poisoned Stab","Reflex"],"picked":"Endless Agony","floor":11},{"not_picked":["Slice","Noxious Fumes"],"picked":"All Out Attack","floor":12},{"not_picked":["Underhanded Strike","Blade Dance"],"picked":"Backflip","floor":13},{"not_picked":["Underhanded Strike","Bouncing Flask","Bane"],"picked":"SKIP","floor":14},{"not_picked":["Bullet Time","A Thousand Cuts"],"picked":"Venomology","floor":16},{"not_picked":["Outmaneuver","Deadly Poison"],"picked":"Quick Slash","floor":18},{"not_picked":["Cloak And Dagger","Flechettes"],"picked":"Well Laid Plans+1","floor":20},{"not_picked":["Doppelganger","Bouncing Flask"],"picked":"Backflip","floor":23},{"not_picked":["Masterful Stab","Blade Dance"],"picked":"Slice","floor":25},{"not_picked":["Dash","Setup"],"picked":"Calculated Gamble","floor":28},{"not_picked":["Underhanded Strike","Prepared"],"picked":"Finisher","floor":30},{"not_picked":["Night Terror","Bullet Time"],"picked":"Die Die Die","floor":33},{"not_picked":["Backflip","Underhanded Strike+1"],"picked":"Well Laid Plans","floor":35},{"not_picked":["Secret Weapon","Blind"],"picked":"Mayhem","floor":36},{"not_picked":["Jack Of All Trades","Impatience"],"picked":"Dramatic Entrance","floor":36},{"not_picked":["Concentrate+1","Crippling Poison","Distraction"],"picked":"SKIP","floor":38},{"not_picked":["Backflip","Acrobatics"],"picked":"Deflect","floor":41},{"not_picked":["Distraction+1","Outmaneuver","Deadly Poison"],"picked":"SKIP","floor":42},{"not_picked":["Bane","Night Terror"],"picked":"Terror","floor":44},{"not_picked":["Dagger Throw","Crippling Poison"],"picked":"PiercingWail+1","floor":46},{"not_picked":["Slice+1","Dagger Spray"],"picked":"Caltrops+1","floor":48}],"player_experience":1219004,"relics_obtained":[{"floor":7,"key":"Potion Belt"},{"floor":9,"key":"Kunai"},{"floor":12,"key":"Odd Mushroom"},{"floor":20,"key":"Red Mask"},{"floor":23,"key":"Pen Nib"},{"floor":25,"key":"Regal Pillow"},{"floor":26,"key":"Bottled Lightning"},{"floor":27,"key":"Snake Skull"},{"floor":42,"key":"Frozen Egg 2"},{"floor":43,"key":"Ornamental Fan"},{"floor":48,"key":"Centennial Puzzle"}],"event_choices":[{"event_name":"FaceTrader","player_choice":"Trade","floor":3,"damage_taken":0},{"event_name":"World of Goop","player_choice":"Gather Gold","floor":4,"damage_taken":0},{"event_name":"Big Fish","player_choice":"Banana","floor":5,"damage_taken":0},{"event_name":"Mushrooms","player_choice":"Fought Mushrooms","floor":12,"damage_taken":0},{"event_name":"Nest","player_choice":"Joined the Cult","floor":19,"damage_taken":0},{"event_name":"Masked Bandits","player_choice":"Fought Bandits","floor":20,"damage_taken":0},{"event_name":"The Joust","player_choice":"Bet on Owner","floor":21,"damage_taken":0},{"event_name":"SensoryStone","player_choice":"Memory 3","floor":36,"damage_taken":0},{"event_name":"Tomb of Lord Red Mask","player_choice":"Wore Mask","floor":37,"damage_taken":0},{"event_name":"Designer","player_choice":"Upgrade Card","floor":39,"damage_taken":0}],"is_beta":false,"boss_relics":[{"not_picked":["Fusion Hammer","Orrery"],"picked":"Astrolabe"},{"not_picked":["Calling Bell","Black Star"],"picked":"Ring of the Serpent"}],"items_purged_floors":[2,10],"is_endless":false,"potions_floor_spawned":[13,16,23,25,30,35,38,41,48],"killed_by":"Time Eater","ascension_level":15}