{"gold_per_floor":[368,52,69,86,100,100,100,100,100,114,214,249,266,266,266,338,338,350,350,360,260,276,276],"floor_reached":23,"playtime":1188,"items_purged":["Doubt","Strike_B"],"score":386,"play_id":"a1cded7f-66cc-4e3b-8f81-ed0fc6744449","local_time":"20181018152440","is_ascension_mode":true,"campfire_choices":[{"data":"Defragment","floor":6,"key":"SMITH"},{"data":"Doom and Gloom","floor":8,"key":"SMITH"},{"data":"Sweeping Beam","floor":15,"key":"SMITH"}],"neow_cost":"CURSE","seed_source_timestamp":154553796500922,"circlet_count":0,"master_deck":["Strike_B","Defend_B","Defend_B","Defend_B","Defend_B","Zap+1","Dualcast","AscendersBane","Sweeping Beam+1","Defragment+1","Ball Lightning","Glacier","Doom and Gloom+1","Ball Lightning","Echo Form","Capacitor","Consume","Leap+1","Defragment","Echo Form"],"relics":["Cracked Core","Art of War","Prayer Wheel","FossilizedHelix","Black Star"],"potions_floor_usage":[4,18,22,23],"damage_taken":[{"damage":2,"enemies":"Jaw Worm","floor":1,"turns":4},{"damage":0,"enemies":"2 Louse","floor":3,"turns":2},{"damage":0,"enemies":"Cultist","floor":4,"turns":2},{"damage":0,"enemies":"Large Slime","floor":5,"turns":5},{"damage":0,"enemies":"Lots of Slimes","floor":10,"turns":1},{"damage":21,"enemies":"Gremlin Nob","floor":12,"turns":4},{"damage":0,"enemies":"2 Fungi Beasts","floor":13,"turns":3},{"damage":32,"enemies":"Hexaghost","floor":16,"turns":9},{"damage":0,"enemies":"Chosen","floor":18,"turns":5},{"damage":19,"enemies":"Spheric Guardian","floor":20,"turns":4},{"damage":10,"enemies":"Snecko","floor":22,"turns":5},{"damage":46,"enemies":"Slavers","floor":23,"turns":2}],"seed_played":"-699673919216375997","potions_obtained":[{"floor":3,"key":"EssenceOfSteel"},{"floor":4,"key":"Fruit Juice"},{"floor":13,"key":"Regen Potion"},{"floor":16,"key":"FocusPotion"},{"floor":20,"key":"Swift Potion"}],"is_trial":false,"path_per_floor":["M","$","M","M","M","R","?","R","T","M","?","E","M","?","R","B",null,"M","?","M","$","M"],"character_chosen":"DEFECT","items_purchased":["Defragment","Art of War"],"campfire_rested":0,"item_purchase_floors":[2,2],"current_hp_per_floor":[62,62,62,67,67,67,67,67,67,67,67,46,46,39,39,7,59,71,71,52,52,42,0],"gold":276,"neow_bonus":"TWO_FIFTY_GOLD","is_prod":false,"is_daily":false,"chose_seed":false,"campfire_upgraded":3,"win_rate":0,"timestamp":1539869080,"path_taken":["M","$","M","M","M","R","?","R","T","M","?","E","M","?","R","BOSS","M","?","M","$","?","E"],"build_version":"2018-10-11","purchased_purges":2,"victory":false,"max_hp_per_floor":[71,71,71,76,76,76,76,76,76,76,76,76,76,76,76,76,76,76,76,76,76,76,76],"card_choices":[{"not_picked":["Redo","Coolheaded"],"picked":"Sweeping Beam","floor":1},{"not_picked":["Steam","Go for the Eyes"],"picked":"Ball Lightning","floor":3},{"not_picked":["Beam Cell","Gash"],"picked":"Glacier","floor":4},{"not_picked":["Static Discharge","Steam Power"],"picked":"Doom and Gloom","floor":5},{"not_picked":["Darkness","Steam Power"],"picked":"Ball Lightning","floor":10},{"not_picked":["Conserve Battery","Beam Cell","Storm"],"picked":"SKIP","floor":10},{"not_picked":["Aggregate","Hello World","Meteor Strike"],"picked":"SKIP","floor":12},{"not_picked":["Stack","Force Field","Coolheaded"],"picked":"SKIP","floor":13},{"not_picked":["Recycle","Streamline","Barrage"],"picked":"SKIP","floor":13},{"not_picked":["Creative AI","Core Surge"],"picked":"Echo Form","floor":16},{"not_picked":["Cold Snap+1","Steam"],"picked":"Capacitor","floor":18},{"not_picked":["Lockon","Darkness","Coolheaded"],"picked":"SKIP","floor":18},{"not_picked":["Conserve Battery","Beam Cell"],"picked":"Consume","floor":20},{"not_picked":["Beam Cell","Go for the Eyes"],"picked":"Leap+1","floor":20},{"not_picked":["Streamline","Auto Shields"],"picked":"Defragment","floor":22},{"not_picked":["White Noise","Compile Driver"],"picked":"Echo Form","floor":22}],"player_experience":1453385,"relics_obtained":[{"floor":9,"key":"Prayer Wheel"},{"floor":12,"key":"FossilizedHelix"}],"event_choices":[{"event_name":"Living Wall","player_choice":"Forget","floor":7,"damage_taken":0},{"event_name":"Wheel of Change","player_choice":"Gold","floor":11,"damage_taken":0},{"event_name":"Golden Wing","player_choice":"Card Removal","floor":14,"damage_taken":0},{"event_name":"Accursed Blacksmith","player_choice":"Forge","floor":19,"damage_taken":0}],"is_beta":false,"boss_relics":[{"not_picked":["Calling Bell","Eternal Feather"],"picked":"Black Star"}],"items_purged_floors":[2,21],"is_endless":false,"potions_floor_spawned":[3,4,13,16,20],"killed_by":"Slavers","ascension_level":20}