{"gold_per_floor":[111,188,207,226,226,256,256,286,286,304,304,1,1,20,20,116,116,132,150,150,150,150,150,183,233,233,244,262,138,138,156,156,256,256,267,267,267,342,37,37,56,56,56,56,156,156,156,0,0,0],"floor_reached":51,"playtime":1959,"items_purged":[],"score":1040,"play_id":"96e1b803-a287-428a-8da9-301c7cc44f2b","local_time":"20190309020124","is_ascension_mode":true,"campfire_choices":[{"floor":7.0,"key":"REST"},{"floor":11.0,"key":"DIG"},{"floor":13.0,"key":"REST"},{"floor":15.0,"key":"DIG"},{"floor":23.0,"key":"DIG"},{"data":"Cloak And Dagger","floor":30.0,"key":"SMITH"},{"floor":32.0,"key":"REST"},{"data":"Apotheosis","floor":40,"key":"SMITH"},{"floor":44,"key":"DIG"},{"floor":46,"key":"DIG"},{"floor":49,"key":"REST"}],"neow_cost":"NONE","seed_source_timestamp":2461491956800,"circlet_count":0,"master_deck":["AscendersBane","Defend_G+1","Defend_G+1","Defend_G+1","Defend_G+1","Strike_G+1","Strike_G+1","Survivor","Neutralize+1","Dash","Infinite Blades","Wraith Form v2","Leg Sweep","PiercingWail","Skewer","Burst","Crippling Poison+1","Sucker Punch+1","Heel Hook","Dodge and Roll","Dagger Spray+1","Cloak And Dagger+1","Infinite Blades","A Thousand Cuts","Apotheosis+1","Footwork","Blade Dance"],"special_seed":0,"relics":["Ring of the Snake","Boot","Shovel","Gremlin Horn","Shuriken","Ninja Scroll","Mummified Hand","Astrolabe","Strawberry","Juzu Bracelet","Paper Crane","WristBlade","Membership Card","Lantern","Blue Candle","Frozen Egg 2","Thread and Needle","Singing Bowl","Red Mask"],"potions_floor_usage":[],"damage_taken":[{"damage":0.0,"enemies":"2 Louse","floor":1.0,"turns":3.0},{"damage":0.0,"enemies":"Jaw Worm","floor":3.0,"turns":4.0},{"damage":0.0,"enemies":"Small Slimes","floor":4.0,"turns":4.0},{"damage":35.0,"enemies":"3 Sentries","floor":6.0,"turns":9.0},{"damage":12.0,"enemies":"Gremlin Nob","floor":8.0,"turns":5.0},{"damage":0.0,"enemies":"Looter","floor":10.0,"turns":4.0},{"damage":2.0,"enemies":"Large Slime","floor":14.0,"turns":10.0},{"damage":27.0,"enemies":"The Guardian","floor":16.0,"turns":11.0},{"damage":0.0,"enemies":"Chosen","floor":18.0,"turns":4.0},{"damage":20.0,"enemies":"Spheric Guardian","floor":19.0,"turns":6.0},{"damage":19.0,"enemies":"Slavers","floor":24.0,"turns":7.0},{"damage":13.0,"enemies":"Cultist and Chosen","floor":27.0,"turns":7.0},{"damage":5.0,"enemies":"Snake Plant","floor":28.0,"turns":6.0},{"damage":13.0,"enemies":"Shelled Parasite and Fungi","floor":31.0,"turns":6.0},{"damage":28.0,"enemies":"Collector","floor":33.0,"turns":10.0},{"damage":0.0,"enemies":"3 Shapes","floor":35.0,"turns":5.0},{"damage":5,"enemies":"3 Darklings","floor":41,"turns":5},{"damage":7,"enemies":"Mind Bloom Boss Battle","floor":45,"turns":6},{"damage":29,"enemies":"Awakened One","floor":50,"turns":13}],"seed_played":"-4395686584681135644","potions_obtained":[{"floor":1.0,"key":"GamblersBrew"},{"floor":3.0,"key":"Explosive Potion"},{"floor":16.0,"key":"Strength Potion"},{"floor":24.0,"key":"GhostInAJar"},{"floor":35.0,"key":"GhostInAJar"}],"is_trial":false,"path_per_floor":["M","?","M","M","?","E","R","E","T","M","R","$","R","M","R","B",null,"M","M","?","?","?","R","E","?","T","M","M","$","R","M","R","B",null,"M","?","?","?","$","R","M","?","T","R","?","R","?","?","R","B",null],"character_chosen":"THE_SILENT","items_purchased":["Ninja Scroll","PiercingWail","Cloak And Dagger","Infinite Blades","Footwork","Membership Card","Lantern"],"campfire_rested":4,"item_purchase_floors":[12,12,29,29,39,39,39],"current_hp_per_floor":[70,70,70,70,55,20,43,31,31,31,31,31,54,52,52,25,64,64,44,44,44,77,84,65,65,65,52,47,47,47,34,59,31,71,71,71,71,63,63,63,58,58,58,58,51,51,51,51,75,46],"gold":0,"neow_bonus":"TEN_PERCENT_HP_BONUS","is_prod":false,"is_daily":false,"chose_seed":false,"campfire_upgraded":2,"win_rate":0,"timestamp":1552093284,"path_taken":["M","?","M","M","?","E","R","E","T","M","R","$","R","M","R","BOSS","M","M","?","?","?","R","E","?","T","M","M","$","R","M","R","BOSS","M","?","?","?","$","R","M","?","T","R","?","R","?","?","R","BOSS"],"build_version":"2019-01-23","purchased_purges":0,"victory":true,"max_hp_per_floor":[77,77,77,77,77,77,77,77,77,77,77,77,77,77,77,77,77,77,77,77,77,77,84,84,84,84,84,84,84,84,84,84,84,84,84,84,84,84,84,84,84,84,84,84,84,84,80,80,80,80],"card_choices":[{"not_picked":["All Out Attack","Underhanded Strike"],"picked":"Dash","floor":1.0},{"not_picked":["Backflip","PiercingWail"],"picked":"Infinite Blades","floor":3.0},{"not_picked":["Poisoned Stab","Underhanded Strike","Tactician"],"picked":"SKIP","floor":4.0},{"not_picked":["Backflip","Venomology"],"picked":"Wraith Form v2","floor":6.0},{"not_picked":["Deflect","Quick Slash","Dodge and Roll"],"picked":"SKIP","floor":8.0},{"not_picked":["Acrobatics","Terror"],"picked":"Leg Sweep","floor":10.0},{"not_picked":["PiercingWail","Backflip"],"picked":"Skewer","floor":14.0},{"not_picked":["Grand Finale","Night Terror"],"picked":"Burst","floor":16.0},{"not_picked":["Dash","Underhanded Strike"],"picked":"Heel Hook","floor":18.0},{"not_picked":["Deadly Poison","Prepared"],"picked":"Dodge and Roll","floor":19.0},{"not_picked":["Skewer","Deflect","Terror"],"picked":"SKIP","floor":24.0},{"not_picked":["Skewer","Deflect","Terror"],"picked":"SKIP","floor":24.0},{"not_picked":["Poisoned Stab","Deflect","Bane"],"picked":"SKIP","floor":27.0},{"not_picked":["Outmaneuver","Escape Plan"],"picked":"Dagger Spray+1","floor":28.0},{"not_picked":["Masterful Stab","Dagger Spray","Poisoned Stab+1"],"picked":"SKIP","floor":31.0},{"not_picked":["Envenom","Doppelganger"],"picked":"A Thousand Cuts","floor":33.0},{"not_picked":["Distraction","Acrobatics","Bouncing Flask+1"],"picked":"SKIP","floor":35.0},{"not_picked":["Finesse","The Bomb"],"picked":"Apotheosis","floor":37},{"not_picked":["Bane","Skewer+1","Catalyst"],"picked":"SKIP","floor":41},{"not_picked":["Dagger Spray","Choke"],"picked":"Blade Dance","floor":45}],"player_experience":617434,"relics_obtained":[{"floor":6.0,"key":"Boot"},{"floor":8.0,"key":"Shovel"},{"floor":9.0,"key":"Gremlin Horn"},{"floor":11.0,"key":"Shuriken"},{"floor":15.0,"key":"Mummified Hand"},{"floor":23.0,"key":"Strawberry"},{"floor":24.0,"key":"Juzu Bracelet"},{"floor":26.0,"key":"Paper Crane"},{"floor":43,"key":"Blue Candle"},{"floor":44,"key":"Frozen Egg 2"},{"floor":45,"key":"Thread and Needle"},{"floor":46,"key":"Singing Bowl"}],"event_choices":[{"damage_healed":0.0,"max_hp_gain":0.0,"max_hp_loss":0.0,"gold_gain":77.0,"event_name":"Golden Wing","player_choice":"Gained Gold","floor":2.0,"gold_loss":0.0,"damage_taken":0.0},{"damage_healed":0.0,"max_hp_gain":0.0,"max_hp_loss":0.0,"gold_gain":0.0,"event_name":"Shining Light","player_choice":"Entered Light","floor":5.0,"gold_loss":0.0,"damage_taken":15.0,"cards_upgraded":["Neutralize","Strike_G"]},{"damage_healed":0.0,"max_hp_gain":0.0,"max_hp_loss":0.0,"gold_gain":0.0,"event_name":"Beggar","player_choice":"Ignored","floor":20.0,"gold_loss":0.0,"damage_taken":0.0},{"damage_healed":0.0,"max_hp_gain":0.0,"max_hp_loss":0.0,"gold_gain":0.0,"event_name":"Back to Basics","player_choice":"Simplicity","floor":21.0,"gold_loss":0.0,"damage_taken":0.0,"cards_upgraded":["Defend_G","Defend_G","Defend_G","Defend_G","Defend_G","Strike_G"]},{"cards_removed":["Masterful Stab"],"damage_healed":33.0,"max_hp_gain":0.0,"max_hp_loss":0.0,"gold_gain":0.0,"event_name":"Bonfire Elementals","player_choice":"Offered Uncommon","floor":22.0,"gold_loss":0.0,"damage_taken":0.0},{"damage_healed":0.0,"max_hp_gain":0.0,"max_hp_loss":0.0,"gold_gain":100.0,"event_name":"The Joust","player_choice":"Bet on Murderer","floor":25.0,"gold_loss":50.0,"damage_taken":0.0},{"damage_healed":0,"gold_gain":0,"player_choice":"Ignored","damage_taken":0,"max_hp_gain":0,"max_hp_loss":0,"event_name":"Mysterious Sphere","floor":36,"gold_loss":0},{"damage_healed":0,"gold_gain":0,"player_choice":"Memory 1","damage_taken":0,"max_hp_gain":0,"max_hp_loss":0,"event_name":"SensoryStone","floor":37,"gold_loss":0},{"damage_healed":0,"gold_gain":75,"player_choice":"Touch","damage_taken":8,"max_hp_gain":0,"max_hp_loss":0,"event_name":"FaceTrader","floor":38,"gold_loss":0},{"cards_removed":["Defend_G"],"damage_healed":0,"gold_gain":0,"player_choice":"Removed Skill","damage_taken":0,"max_hp_gain":0,"max_hp_loss":0,"event_name":"Falling","floor":42,"gold_loss":0},{"damage_healed":0,"gold_gain":0,"player_choice":"Fight","damage_taken":0,"max_hp_gain":0,"max_hp_loss":0,"event_name":"MindBloom","floor":45,"gold_loss":0},{"damage_healed":0,"gold_gain":0,"player_choice":"Max HP","damage_taken":0,"max_hp_gain":0,"max_hp_loss":4,"event_name":"Winding Halls","floor":47,"gold_loss":0},{"damage_healed":0,"gold_gain":0,"player_choice":"Paid","damage_taken":0,"relics_obtained":["Red Mask"],"max_hp_gain":0,"max_hp_loss":0,"event_name":"Tomb of Lord Red Mask","floor":48,"gold_loss":156}],"is_beta":false,"boss_relics":[{"not_picked":["Runic Pyramid","Philosopher\u0027s Stone"],"picked":"Astrolabe"},{"not_picked":["Runic Dome","Fusion Hammer"],"picked":"WristBlade"}],"items_purged_floors":[],"is_endless":false,"potions_floor_spawned":[1,3,8,16,18,24,31,35],"ascension_level":12}