{"gold_per_floor":[114,125,125,125,143,143,161,161,161,182,155,194,213,247,247,247],"floor_reached":16,"playtime":532,"items_purged":[],"score":228,"play_id":"7be53065-6b3a-4f3c-85f0-9b399c51b0de","local_time":"20181025223339","is_ascension_mode":true,"campfire_choices":[{"data":"Bash","floor":6,"key":"SMITH"},{"data":"Intimidate","floor":8,"key":"SMITH"},{"floor":15,"key":"REST"}],"neow_cost":"NONE","seed_source_timestamp":785900008518861,"circlet_count":0,"master_deck":["Strike_R","Strike_R","Strike_R","Strike_R","Strike_R","Defend_R","Defend_R","Defend_R","Defend_R","Bash+1","AscendersBane","Twin Strike","Headbutt","Juggernaut","Anger","Intimidate+1","Feel No Pain","Whirlwind","Immolate","Feel No Pain"],"relics":["Burning Blood","Golden Idol","Ginger","Peace Pipe","Blood Vial"],"potions_floor_usage":[16],"damage_taken":[{"damage":11,"enemies":"2 Louse","floor":1,"turns":3},{"damage":1,"enemies":"Cultist","floor":2,"turns":3},{"damage":6,"enemies":"Jaw Worm","floor":5,"turns":4},{"damage":14,"enemies":"Exordium Wildlife","floor":7,"turns":4},{"damage":11,"enemies":"3 Louse","floor":10,"turns":5},{"damage":14,"enemies":"Exordium Thugs","floor":11,"turns":4},{"damage":48,"enemies":"Lagavulin","floor":12,"turns":9},{"damage":0,"enemies":"Exordium Wildlife","floor":13,"turns":2},{"damage":15,"enemies":"3 Sentries","floor":14,"turns":3},{"damage":35,"enemies":"Hexaghost","floor":16,"turns":7}],"seed_played":"-2770801472598533825","potions_obtained":[{"floor":2,"key":"LiquidBronze"},{"floor":12,"key":"PowerPotion"}],"is_trial":false,"path_per_floor":["M","M","?","?","M","R","M","R","T","M","M","E","M","E","R"],"character_chosen":"IRONCLAD","items_purchased":[],"campfire_rested":1,"item_purchase_floors":[],"current_hp_per_floor":[70,75,75,74,74,74,66,66,66,61,53,11,17,8,30,0],"gold":247,"neow_bonus":"TEN_PERCENT_HP_BONUS","is_prod":false,"is_daily":false,"chose_seed":false,"campfire_upgraded":2,"win_rate":0,"timestamp":1540499619,"path_taken":["M","M","?","?","M","R","M","R","T","M","M","E","M","E","R","BOSS"],"build_version":"2018-10-18","purchased_purges":0,"victory":false,"max_hp_per_floor":[82,82,82,74,74,74,74,74,74,74,74,74,74,74,74,74],"card_choices":[{"not_picked":["Warcry","Pommel Strike"],"picked":"Twin Strike","floor":1},{"not_picked":["Sword Boomerang","Twin Strike"],"picked":"Headbutt","floor":2},{"not_picked":["Warcry","Iron Wave"],"picked":"Anger","floor":5},{"not_picked":["Flex","Clash"],"picked":"Intimidate","floor":7},{"not_picked":["Anger","Rampage"],"picked":"Feel No Pain","floor":10},{"not_picked":["Havoc","Body Slam","Combust"],"picked":"SKIP","floor":11},{"not_picked":["Wild Strike","Sword Boomerang"],"picked":"Whirlwind","floor":12},{"not_picked":["Reckless Charge","Disarm"],"picked":"Immolate","floor":13},{"not_picked":["Burning Pact","Second Wind"],"picked":"Feel No Pain","floor":14}],"player_experience":1483793,"relics_obtained":[{"floor":9,"key":"Ginger"},{"floor":12,"key":"Peace Pipe"},{"floor":14,"key":"Blood Vial"}],"event_choices":[{"damage_healed":0,"gold_gain":0,"player_choice":"1 cards matched","damage_taken":0,"max_hp_gain":0,"max_hp_loss":0,"event_name":"Match and Keep!","floor":3,"gold_loss":0,"cards_obtained":["Juggernaut"]},{"damage_healed":0,"gold_gain":0,"player_choice":"Lose Max HP","damage_taken":0,"relics_obtained":["Golden Idol"],"max_hp_gain":0,"max_hp_loss":8,"event_name":"Golden Idol","floor":4,"gold_loss":0}],"is_beta":false,"boss_relics":[],"items_purged_floors":[],"is_endless":false,"potions_floor_spawned":[2,12,13],"killed_by":"Hexaghost","ascension_level":20}