{"gold_per_floor":[210,226,226,7,25,25,25,25,25,41,41,72,72,72,72,167,167,180,280,305,205,205,240,240,240,286,298,336,348,378,402,414,528,540,567,338,355,123,133,133,180,180,205,205,235,250,250,250,250,250],"floor_reached":51,"playtime":5550,"items_purged":["Strike_G","Reflex","Poisoned Stab","Endless Agony"],"score":682,"play_id":"f57b2de6-071e-423a-a566-441ef6798047","local_time":"20181216195433","is_ascension_mode":false,"campfire_choices":[{"data":"Neutralize","floor":6.0,"key":"SMITH"},{"data":"Neutralize","floor":11.0,"key":"SMITH"},{"data":"Deadly Poison","floor":13.0,"key":"SMITH"},{"data":"Deadly Poison","floor":15.0,"key":"SMITH"},{"data":"Catalyst","floor":24,"key":"SMITH"},{"floor":27,"key":"REST"},{"data":"Sucker Punch","floor":29,"key":"SMITH"},{"data":"Prepared","floor":32,"key":"SMITH"},{"data":"Footwork","floor":40,"key":"SMITH"},{"data":"Tools of the Trade","floor":42,"key":"SMITH"},{"data":"Well Laid Plans","floor":44,"key":"SMITH"},{"data":"PiercingWail","floor":49,"key":"SMITH"}],"neow_cost":"NONE","seed_source_timestamp":256338957376402,"circlet_count":0,"master_deck":["Survivor","Neutralize+1","Deadly Poison+1","Neutralize+1","Deadly Poison+1","Deflect","Sucker Punch+1","Escape Plan","Catalyst+1","Blur","Dodge and Roll","Catalyst+1","Prepared+1","Tools of the Trade+1","Escape Plan","PiercingWail+1","Backflip","Well Laid Plans+1","Tactician","Footwork+1","Backflip","Noxious Fumes+1","Backflip+1"],"special_seed":0,"relics":["Ring of the Snake","Snake Skull","Gremlin Horn","Mercury Hourglass","Orichalcum","Pandora\u0027s Box","Torii","Letter Opener","Red Mask","Pantograph","MawBank","Thread and Needle","Orrery","Bird Faced Urn","Dream Catcher","Question Card"],"potions_floor_usage":[20,23,46],"damage_taken":[{"damage":0.0,"enemies":"2 Louse","floor":1.0,"turns":2.0},{"damage":0.0,"enemies":"Cultist","floor":2.0,"turns":3.0},{"damage":0.0,"enemies":"Small Slimes","floor":5.0,"turns":3.0},{"damage":8.0,"enemies":"Exordium Wildlife","floor":10.0,"turns":4.0},{"damage":8.0,"enemies":"3 Sentries","floor":12.0,"turns":7.0},{"damage":15.0,"enemies":"Hexaghost","floor":16.0,"turns":9.0},{"damage":0.0,"enemies":"Spheric Guardian","floor":18.0,"turns":3.0},{"damage":6,"enemies":"Colosseum Slavers","floor":19,"turns":3},{"damage":22,"enemies":"Colosseum Nobs","floor":19,"turns":5},{"damage":0,"enemies":"Masked Bandits","floor":20,"turns":2},{"damage":1,"enemies":"Gremlin Leader","floor":23,"turns":4},{"damage":4,"enemies":"Book of Stabbing","floor":28,"turns":4},{"damage":0,"enemies":"Chosen","floor":30,"turns":2},{"damage":0,"enemies":"Shelled Parasite and Fungi","floor":31,"turns":2},{"damage":19,"enemies":"Automaton","floor":33,"turns":7},{"damage":0,"enemies":"3 Shapes","floor":35,"turns":4},{"damage":0,"enemies":"Orb Walker","floor":37,"turns":2},{"damage":1,"enemies":"Sphere and 2 Shapes","floor":39,"turns":4},{"damage":2,"enemies":"2 Orb Walkers","floor":41,"turns":6},{"damage":12,"enemies":"Nemesis","floor":45,"turns":3},{"damage":8,"enemies":"Jaw Worm Horde","floor":46,"turns":4},{"damage":3,"enemies":"Time Eater","floor":50,"turns":11}],"seed_played":"-2247450205999212617","potions_obtained":[{"floor":1.0,"key":"Regen Potion"},{"floor":16.0,"key":"Swift Potion"},{"floor":19,"key":"AttackPotion"},{"floor":28,"key":"Dexterity Potion"},{"floor":35,"key":"SpeedPotion"},{"floor":46,"key":"GamblersBrew"}],"is_trial":false,"path_per_floor":["M","M","?","$","M","R","T","$","T","M","R","E","R","?","R","B",null,"M","?","?","$","?","E","R","?","T","R","E","R","M","M","R","B",null,"M","$","M","$","M","R","?","R","T","R","E","M","?","?","R","B",null],"character_chosen":"THE_SILENT","items_purchased":["Snake Skull","Well Laid Plans","Tactician","Footwork"],"campfire_rested":1,"item_purchase_floors":[4,36,36,38],"current_hp_per_floor":[70,70,70,70,70,70,70,70,70,62,62,54,54,54,54,39,70,70,42,42,42,42,41,41,28,28,50,46,46,46,46,46,52,75,75,75,75,75,74,74,72,72,72,72,65,65,65,65,65,72],"gold":250,"neow_bonus":"HUNDRED_GOLD","is_prod":false,"is_daily":false,"chose_seed":false,"campfire_upgraded":11,"win_rate":0,"timestamp":1544950473,"path_taken":["M","M","?","$","?","R","?","$","T","M","R","E","R","?","R","BOSS","M","?","?","$","?","E","R","?","T","R","E","R","M","M","R","BOSS","M","$","M","$","M","R","?","R","T","R","E","M","?","?","R","BOSS"],"build_version":"2018-12-13","purchased_purges":4,"victory":true,"max_hp_per_floor":[70,70,70,70,70,70,70,70,70,70,70,70,70,70,70,70,70,70,70,70,70,70,70,70,75,75,75,75,75,75,75,75,75,75,75,75,75,75,75,75,75,75,75,75,75,75,75,75,75,75],"card_choices":[{"not_picked":["Dagger Throw","Deflect"],"picked":"Deadly Poison","floor":1.0},{"not_picked":["Bane","Outmaneuver","Blade Dance"],"picked":"SKIP","floor":2.0},{"not_picked":["Endless Agony","Poisoned Stab"],"picked":"Deadly Poison","floor":5.0},{"not_picked":["Acrobatics","Sucker Punch"],"picked":"Deflect","floor":10.0},{"not_picked":["Grand Finale","Caltrops","Underhanded Strike"],"picked":"SKIP","floor":12.0},{"not_picked":["Sucker Punch+1","Blade Dance"],"picked":"Catalyst+1","floor":18.0},{"not_picked":["Caltrops","Cloak And Dagger","Accuracy+1"],"picked":"SKIP","floor":23},{"not_picked":["Slice+1","Underhanded Strike","Blade Dance+1"],"picked":"SKIP","floor":28},{"not_picked":["Concentrate","Flechettes+1"],"picked":"Prepared","floor":30},{"not_picked":["Bullet Time","Dagger Spray","Caltrops+1"],"picked":"SKIP","floor":31},{"not_picked":["Storm of Steel","Malaise"],"picked":"Tools of the Trade","floor":33},{"not_picked":["Deadly Poison","Concentrate"],"picked":"Escape Plan","floor":34},{"not_picked":["Crippling Poison","Underhanded Strike"],"picked":"PiercingWail","floor":34},{"not_picked":["Masterful Stab+1","Deflect"],"picked":"Backflip","floor":34},{"not_picked":["Acrobatics+1","Endless Agony+1","Slice+1"],"picked":"SKIP","floor":35},{"not_picked":["Flying Knee","Well Laid Plans","Finisher+1"],"picked":"SKIP","floor":37},{"not_picked":["Poisoned Stab+1","Flying Knee"],"picked":"Backflip","floor":39},{"not_picked":["Bane","Poisoned Stab"],"picked":"Noxious Fumes+1","floor":41},{"not_picked":["Prepared+1","PiercingWail","Deflect"],"picked":"SKIP","floor":45},{"not_picked":["Storm of Steel","Tactician","Cloak And Dagger"],"picked":"Backflip+1","floor":46}],"player_experience":455803,"relics_obtained":[{"floor":7.0,"key":"Gremlin Horn"},{"floor":9.0,"key":"Mercury Hourglass"},{"floor":12.0,"key":"Orichalcum"},{"floor":19,"key":"Torii"},{"floor":19,"key":"Letter Opener"},{"floor":20,"key":"Red Mask"},{"floor":23,"key":"Pantograph"},{"floor":26,"key":"MawBank"},{"floor":28,"key":"Thread and Needle"},{"floor":41,"key":"Bird Faced Urn"},{"floor":43,"key":"Dream Catcher"},{"floor":45,"key":"Question Card"}],"event_choices":[{"damage_healed":0.0,"max_hp_gain":0.0,"max_hp_loss":0.0,"gold_gain":0.0,"event_name":"Match and Keep!","player_choice":"1 cards matched","floor":3.0,"gold_loss":0.0,"damage_taken":0.0,"cards_obtained":["Neutralize"]},{"damage_healed":0.0,"max_hp_gain":0.0,"max_hp_loss":0.0,"gold_gain":0.0,"event_name":"Liars Game","player_choice":"Ignored","floor":14.0,"gold_loss":0.0,"damage_taken":0.0},{"damage_healed":0,"gold_gain":0,"player_choice":"Fight","damage_taken":0,"max_hp_gain":0,"max_hp_loss":0,"event_name":"Colosseum","floor":19,"gold_loss":0},{"damage_healed":0,"gold_gain":0,"player_choice":"Fought Nobs","damage_taken":0,"max_hp_gain":0,"max_hp_loss":0,"event_name":"Colosseum","floor":19,"gold_loss":0},{"damage_healed":0,"gold_gain":0,"player_choice":"Fought Bandits","damage_taken":0,"max_hp_gain":0,"max_hp_loss":0,"event_name":"Masked Bandits","floor":20,"gold_loss":0},{"damage_healed":0,"gold_gain":0,"player_choice":"Ignored","damage_taken":0,"max_hp_gain":0,"max_hp_loss":0,"event_name":"Ghosts","floor":22,"gold_loss":0},{"damage_healed":0,"gold_gain":0,"player_choice":"Shed Blood","damage_taken":18,"max_hp_gain":5,"max_hp_loss":0,"event_name":"Forgotten Altar","floor":25,"gold_loss":0},{"damage_healed":0,"gold_gain":0,"player_choice":"Fight","damage_taken":0,"max_hp_gain":0,"max_hp_loss":0,"event_name":"Mysterious Sphere","floor":41,"gold_loss":0},{"cards_removed":["Reflex"],"damage_healed":0,"gold_gain":0,"player_choice":"Removed Skill","damage_taken":0,"max_hp_gain":0,"max_hp_loss":0,"event_name":"Falling","floor":47,"gold_loss":0},{"damage_healed":0,"gold_gain":0,"player_choice":"Memory 1","damage_taken":0,"max_hp_gain":0,"max_hp_loss":0,"event_name":"SensoryStone","floor":48,"gold_loss":0}],"is_beta":false,"boss_relics":[{"not_picked":["WristBlade","Tiny House"],"picked":"Pandora\u0027s Box"},{"not_picked":["Calling Bell","Lizard Tail"],"picked":"Orrery"}],"items_purged_floors":[4,21,36,38],"is_endless":false,"potions_floor_spawned":[1,16,19,19,28,35,45,46],"ascension_level":0}