{"gold_per_floor":[110,260,279,290,290,290,307,333,333,333,333,2,2,2],"floor_reached":14,"playtime":497,"items_purged":[],"score":176,"play_id":"69afd6fa-64bc-4736-84cc-75fed9361fc8","local_time":"20190119005503","is_ascension_mode":true,"campfire_choices":[{"data":"Bash","floor":6,"key":"SMITH"},{"data":"Inflame","floor":11,"key":"SMITH"}],"neow_cost":"NONE","seed_source_timestamp":258261683007732,"circlet_count":0,"master_deck":["AscendersBane","Strike_R","Strike_R","Strike_R","Strike_R","Strike_R","Defend_R","Defend_R","Defend_R","Defend_R","Bash+1","Thunderclap","Headbutt","Thunderclap","Inflame+1","Pommel Strike","Impervious+1"],"relics":["Burning Blood","Sundial","Toxic Egg 2","Bronze Scales"],"potions_floor_usage":[8,14,14],"damage_taken":[{"damage":11,"enemies":"Jaw Worm","floor":1,"turns":4},{"damage":11,"enemies":"Small Slimes","floor":3,"turns":5},{"damage":7,"enemies":"Cultist","floor":4,"turns":4},{"damage":6,"enemies":"2 Fungi Beasts","floor":7,"turns":3},{"damage":25,"enemies":"Gremlin Nob","floor":8,"turns":4},{"damage":10,"enemies":"3 Sentries","floor":14,"turns":5}],"seed_played":"7975281071118279742","potions_obtained":[{"floor":1,"key":"Ancient Potion"},{"floor":4,"key":"Weak Potion"},{"floor":8,"key":"Block Potion"},{"floor":13,"key":"Poison Potion"}],"is_trial":false,"path_per_floor":["M","?","M","M","?","R","M","E","T","?","R","$","?","E"],"character_chosen":"IRONCLAD","items_purchased":["Impervious+1","Bronze Scales"],"campfire_rested":0,"item_purchase_floors":[12,12],"current_hp_per_floor":[70,70,65,64,64,64,64,45,45,10,10,10,10,0],"gold":2,"neow_bonus":"TEN_PERCENT_HP_BONUS","is_prod":false,"is_daily":false,"chose_seed":false,"campfire_upgraded":2,"win_rate":0,"timestamp":1547855703,"path_taken":["M","?","M","M","?","R","M","E","T","?","R","$","?","E"],"build_version":"2019-01-17v2","purchased_purges":0,"victory":false,"max_hp_per_floor":[82,82,82,82,82,82,82,82,82,82,82,82,82,82],"card_choices":[{"not_picked":["Bloodletting","Cleave"],"picked":"Thunderclap","floor":1},{"not_picked":["Infernal Blade","Iron Wave"],"picked":"Headbutt","floor":3},{"not_picked":["Body Slam","Rage"],"picked":"Thunderclap","floor":4},{"not_picked":["Rage","Anger"],"picked":"Inflame","floor":7},{"not_picked":["Clothesline","Clash"],"picked":"Pommel Strike","floor":8}],"player_experience":1793929,"relics_obtained":[{"floor":8,"key":"Sundial"},{"floor":9,"key":"Toxic Egg 2"}],"event_choices":[{"damage_healed":0,"gold_gain":150,"player_choice":"AGREE","damage_taken":0,"max_hp_gain":0,"max_hp_loss":0,"event_name":"Liars Game","floor":2,"gold_loss":0,"cards_obtained":["Doubt"]},{"cards_removed":["Doubt"],"damage_healed":0,"gold_gain":0,"player_choice":"Forget","damage_taken":0,"max_hp_gain":0,"max_hp_loss":0,"event_name":"Living Wall","floor":5,"gold_loss":0},{"damage_healed":0,"gold_gain":0,"player_choice":"Fled","damage_taken":35,"max_hp_gain":0,"max_hp_loss":0,"event_name":"Scrap Ooze","floor":10,"gold_loss":0},{"damage_healed":0,"gold_gain":0,"player_choice":"Got Potions","damage_taken":0,"max_hp_gain":0,"max_hp_loss":0,"event_name":"Lab","floor":13,"gold_loss":0}],"is_beta":false,"boss_relics":[],"items_purged_floors":[],"is_endless":false,"potions_floor_spawned":[1,4,8],"killed_by":"3 Sentries","ascension_level":20}