{"gold_per_floor":[119,134,59,59,79,79,114,133,133,160,175,175,175,56,56,128,128,147,147,147,164,184,184,184],"floor_reached":24,"playtime":930,"items_purged":["Strike_B"],"score":412,"play_id":"e7dac7c3-0302-4321-93b9-8d32ac1032b8","local_time":"20181222185355","is_ascension_mode":true,"campfire_choices":[{"data":"Zap","floor":6,"key":"SMITH"},{"data":"Sunder","floor":12,"key":"SMITH"},{"data":"Loop","floor":15,"key":"SMITH"},{"floor":23,"key":"REST"}],"neow_cost":"TEN_PERCENT_HP_LOSS","seed_source_timestamp":545395662796626,"circlet_count":0,"master_deck":["AscendersBane","Zap+1","Dualcast","All For One","Go for the Eyes","Conserve Battery","Genetic Algorithm","Beam Cell","Sunder+1","Loop+1","Capacitor","Biased Cognition","Seek","Beam Cell","Heatsinks","Echo Form","FTL","Streamline","Tempest","Pain","Defragment","Doom and Gloom+1"],"relics":["Cracked Core","DataDisk","Oddly Smooth Stone","Bottled Flame","Pandora\u0027s Box","WarpedTongs"],"potions_floor_usage":[11,18,24],"damage_taken":[{"damage":0,"enemies":"Small Slimes","floor":1,"turns":4},{"damage":0,"enemies":"2 Louse","floor":2,"turns":2},{"damage":2,"enemies":"Jaw Worm","floor":5,"turns":4},{"damage":21,"enemies":"Lagavulin","floor":7,"turns":6},{"damage":0,"enemies":"2 Fungi Beasts","floor":8,"turns":2},{"damage":23,"enemies":"3 Sentries","floor":10,"turns":9},{"damage":3,"enemies":"Blue Slaver","floor":11,"turns":2},{"damage":6,"enemies":"The Guardian","floor":16,"turns":9},{"damage":1,"enemies":"Spheric Guardian","floor":18,"turns":3},{"damage":37,"enemies":"3 Byrds","floor":21,"turns":4},{"damage":20,"enemies":"Snake Plant","floor":22,"turns":4},{"damage":41,"enemies":"Book of Stabbing","floor":24,"turns":2}],"seed_played":"1315387277326939585","potions_obtained":[{"floor":5,"key":"Fruit Juice"},{"floor":10,"key":"PowerPotion"},{"floor":11,"key":"Swift Potion"},{"floor":21,"key":"Dexterity Potion"},{"floor":22,"key":"Fire Potion"}],"is_trial":false,"path_per_floor":["M","M","?","?","M","R","E","M","T","E","M","R","?","$","R","B",null,"M","?","?","M","M","R","E"],"character_chosen":"DEFECT","items_purchased":["Capacitor"],"campfire_rested":1,"item_purchase_floors":[14],"current_hp_per_floor":[64,64,64,64,62,62,41,41,41,18,20,20,25,25,25,19,60,59,74,74,37,17,39,0],"gold":184,"neow_bonus":"THREE_RARE_CARDS","is_prod":false,"is_daily":false,"chose_seed":false,"campfire_upgraded":3,"win_rate":0,"timestamp":1545501235,"path_taken":["M","M","?","?","M","R","E","M","T","E","M","R","?","?","R","BOSS","M","?","?","?","?","R","E"],"build_version":"2018-12-20","purchased_purges":1,"victory":false,"max_hp_per_floor":[64,64,64,64,64,64,64,64,64,64,69,69,74,74,74,74,74,74,74,74,74,74,74,74],"card_choices":[{"not_picked":["Amplify","Machine Learning"],"picked":"All For One","floor":0},{"not_picked":["Beam Cell","Turbo"],"picked":"Go for the Eyes","floor":1},{"not_picked":["Reprogram","Redo"],"picked":"Conserve Battery","floor":2},{"not_picked":["Coolheaded","Go for the Eyes"],"picked":"Genetic Algorithm","floor":5},{"not_picked":["Barrage","Scrape"],"picked":"Beam Cell","floor":7},{"not_picked":["Ball Lightning","Machine Learning"],"picked":"Sunder","floor":8},{"not_picked":["Melter","Stack"],"picked":"Loop","floor":10},{"not_picked":["Conserve Battery","Streamline","Sweeping Beam"],"picked":"SKIP","floor":11},{"not_picked":["Thunder Strike","Amplify"],"picked":"Biased Cognition","floor":16},{"not_picked":["Rebound","Cold Snap"],"picked":"Tempest","floor":18},{"not_picked":["Chaos","Sunder"],"picked":"Defragment","floor":21},{"not_picked":["Chaos","Cold Snap"],"picked":"Doom and Gloom+1","floor":22}],"player_experience":1688542,"relics_obtained":[{"floor":7,"key":"DataDisk"},{"floor":9,"key":"Oddly Smooth Stone"},{"floor":10,"key":"Bottled Flame"}],"event_choices":[{"cards_removed":["Strike_B"],"damage_healed":0,"gold_gain":0,"player_choice":"Card Removal","damage_taken":0,"max_hp_gain":0,"max_hp_loss":0,"event_name":"The Cleric","floor":3,"gold_loss":75},{"damage_healed":0,"gold_gain":0,"player_choice":"Ignored","damage_taken":0,"max_hp_gain":0,"max_hp_loss":0,"event_name":"Liars Game","floor":4,"gold_loss":0},{"damage_healed":0,"gold_gain":0,"player_choice":"Donut","damage_taken":0,"max_hp_gain":5,"max_hp_loss":0,"event_name":"Big Fish","floor":13,"gold_loss":0},{"damage_healed":15,"gold_gain":0,"player_choice":"Heal","damage_taken":0,"max_hp_gain":0,"max_hp_loss":0,"event_name":"The Library","floor":19,"gold_loss":0},{"damage_healed":0,"gold_gain":0,"player_choice":"Rummage","damage_taken":0,"relics_obtained":["WarpedTongs"],"max_hp_gain":0,"max_hp_loss":0,"event_name":"Accursed Blacksmith","floor":20,"gold_loss":0,"cards_obtained":["Pain"]}],"is_beta":false,"boss_relics":[{"not_picked":["Busted Crown","Orrery"],"picked":"Pandora\u0027s Box"}],"items_purged_floors":[14],"is_endless":false,"potions_floor_spawned":[5,10,11,21,22],"killed_by":"Book of Stabbing","ascension_level":20}