{"gold_per_floor":[119,119,131,143,28,28,45,45,45,55,75,103,103,118,118,196,196,213,230,230,246,46,46,63,63,63,98,98,112,143,143,143,217,217,237,237,237,255,267,267,267,293,293,327,327,362,362,362,362,362,362,362,45,77,77],"floor_reached":56,"playtime":5468,"items_purged":["Strike_B","Strike_B","Strike_B+1"],"score":2175,"play_id":"c19b4734-88e0-4100-b3d2-e4664293e5c7","local_time":"20190215202705","is_ascension_mode":true,"campfire_choices":[{"data":"Sunder","floor":6,"key":"SMITH"},{"data":"Static Discharge","floor":8,"key":"SMITH"},{"data":"Fission","floor":13,"key":"SMITH"},{"data":"Static Discharge","floor":15,"key":"SMITH"},{"floor":25,"key":"REST"},{"data":"Hologram","floor":28,"key":"SMITH"},{"data":"Go for the Eyes","floor":32,"key":"SMITH"},{"floor":40,"key":"REST"},{"floor":45,"key":"RECALL"},{"data":"Seek","floor":47,"key":"SMITH"},{"data":"Conserve Battery","floor":49,"key":"SMITH"},{"floor":52,"key":"REST"}],"neow_cost":"NONE","seed_source_timestamp":10287892639750,"circlet_count":0,"master_deck":["AscendersBane","Strike_B+1","Defend_B+1","Defend_B+1","Defend_B+1","Defend_B+1","Zap+1","Ball Lightning+1","Sunder+1","Compile Driver+1","Static Discharge+1","Ball Lightning+1","Coolheaded+1","Undo+1","Fission+1","Static Discharge+1","Thunder Strike+1","Defragment+1","Hologram+1","Undo+1","Glacier+1","Coolheaded+1","Go for the Eyes+1","Glacier+1","Machine Learning+1","Buffer+1","Master of Strategy+1","Coolheaded+1","Static Discharge+1","Seek+1","Conserve Battery+1","White Noise"],"relics":["Cursed Key","Nunchaku","Inserter","Enchiridion","Mummified Hand","Omamori","Sozu","Mark of the Bloom","Mango","Frozen Egg 2","Anchor","TheAbacus","Pen Nib"],"potions_floor_usage":[16,21,27,29,38,55],"damage_taken":[{"damage":6,"enemies":"Cultist","floor":1,"turns":4},{"damage":0,"enemies":"2 Louse","floor":3,"turns":2},{"damage":2,"enemies":"Jaw Worm","floor":4,"turns":3},{"damage":0,"enemies":"2 Fungi Beasts","floor":7,"turns":3},{"damage":7,"enemies":"Exordium Thugs","floor":10,"turns":3},{"damage":6,"enemies":"Blue Slaver","floor":11,"turns":3},{"damage":5,"enemies":"Lagavulin","floor":12,"turns":5},{"damage":1,"enemies":"3 Louse","floor":14,"turns":2},{"damage":21,"enemies":"The Guardian","floor":16,"turns":9},{"damage":1,"enemies":"Spheric Guardian","floor":18,"turns":3},{"damage":2,"enemies":"Chosen","floor":19,"turns":2},{"damage":5,"enemies":"Centurion and Healer","floor":21,"turns":5},{"damage":6,"enemies":"Chosen and Byrds","floor":24,"turns":4},{"damage":9,"enemies":"Slavers","floor":27,"turns":6},{"damage":2,"enemies":"Shelled Parasite and Fungi","floor":29,"turns":5},{"damage":0,"enemies":"Book of Stabbing","floor":30,"turns":7},{"damage":3,"enemies":"Champ","floor":33,"turns":12},{"damage":16,"enemies":"3 Darklings","floor":35,"turns":4},{"damage":0,"enemies":"3 Shapes","floor":38,"turns":5},{"damage":0,"enemies":"Writhing Mass","floor":39,"turns":7},{"damage":0,"enemies":"Reptomancer","floor":42,"turns":6},{"damage":0,"enemies":"Giant Head","floor":44,"turns":8},{"damage":0,"enemies":"Reptomancer","floor":46,"turns":7},{"damage":0,"enemies":"Awakened One","floor":50,"turns":17},{"damage":13,"enemies":"Shield and Spear","floor":54,"turns":6},{"damage":36,"enemies":"The Heart","floor":55,"turns":9}],"seed_played":"-8616746117958625053","potions_obtained":[{"floor":3,"key":"Block Potion"},{"floor":11,"key":"LiquidBronze"},{"floor":16,"key":"Ancient Potion"},{"floor":18,"key":"Block Potion"},{"floor":24,"key":"Weak Potion"},{"floor":27,"key":"Dexterity Potion"},{"floor":30,"key":"FairyPotion"},{"floor":33,"key":"Fire Potion"}],"is_trial":false,"path_per_floor":["M","?","M","M","$","R","M","R","T","M","M","E","R","M","R","B",null,"M","M","?","M","$","?","M","R","T","E","R","M","E","?","R","B",null,"M","?","?","M","M","R","?","E","T","E","R","E","R","?","R","B",null,"R","$","E","B",null],"character_chosen":"DEFECT","items_purchased":["Static Discharge","Glacier","Coolheaded","TheAbacus"],"campfire_rested":3,"item_purchase_floors":[5,22,22,53],"current_hp_per_floor":[58,58,58,56,56,56,56,56,56,49,43,38,38,37,37,16,57,56,54,33,28,28,28,22,43,43,34,34,32,32,32,32,29,61,45,45,45,45,45,66,66,66,66,66,66,66,66,66,66,66,66,66,66,53,17],"gold":77,"neow_bonus":"BOSS_RELIC","is_prod":false,"is_daily":false,"chose_seed":false,"campfire_upgraded":8,"win_rate":0,"timestamp":1550280425,"path_taken":["M","?","M","M","$","R","?","R","T","M","M","E","R","M","R","BOSS","M","M","?","M","$","?","M","R","T","E","R","M","E","?","R","BOSS","M","?","?","M","M","R","?","E","T","E","R","E","R","?","R","BOSS","R","$","E","BOSS"],"build_version":"2019-01-23","purchased_purges":3,"victory":true,"max_hp_per_floor":[71,71,71,71,71,71,71,71,71,71,71,71,71,71,71,71,71,71,71,71,71,71,71,71,71,71,71,71,71,71,71,71,71,71,71,71,71,71,71,71,71,85,85,85,85,85,85,85,85,85,85,85,85,85,85],"card_choices":[{"not_picked":["Steam","Barrage"],"picked":"Ball Lightning","floor":1},{"not_picked":["Hologram","Doom and Gloom"],"picked":"Sunder","floor":3},{"not_picked":["Double Energy","Stack"],"picked":"Compile Driver","floor":4},{"not_picked":["Loop","Beam Cell"],"picked":"Ball Lightning","floor":7},{"not_picked":["Fusion","Cold Snap"],"picked":"Coolheaded","floor":10},{"not_picked":["Redo","Force Field"],"picked":"Undo","floor":11},{"not_picked":["Stack","Auto Shields"],"picked":"Fission","floor":12},{"not_picked":["Rip and Tear","Cold Snap"],"picked":"Static Discharge","floor":14},{"not_picked":["Machine Learning","Meteor Strike"],"picked":"Thunder Strike","floor":16},{"not_picked":["Conserve Battery","Streamline+1"],"picked":"Defragment+1","floor":18},{"not_picked":["Recycle","Capacitor"],"picked":"Hologram","floor":19},{"not_picked":["Storm","Ball Lightning"],"picked":"Undo","floor":21},{"not_picked":["Ball Lightning","Streamline"],"picked":"Go for the Eyes","floor":24},{"not_picked":["Barrage+1","Go for the Eyes","Recycle"],"picked":"SKIP","floor":27},{"not_picked":["Darkness","Reprogram"],"picked":"Glacier","floor":29},{"not_picked":["Hologram","Ball Lightning","Coolheaded"],"picked":"SKIP","floor":30},{"not_picked":["Rainbow","Hyperbeam"],"picked":"Buffer","floor":33},{"not_picked":["Coolheaded","Barrage","Steam+1"],"picked":"SKIP","floor":35},{"not_picked":["Deep Breath","Panacea"],"picked":"Master of Strategy","floor":37},{"not_picked":["Stack+1","Barrage+1"],"picked":"Coolheaded+1","floor":38},{"not_picked":["Glacier","Reprogram"],"picked":"Static Discharge+1","floor":39},{"not_picked":["Recycle+1","Conserve Battery"],"picked":"Seek","floor":42},{"not_picked":["Blizzard","Turbo","Gash"],"picked":"SKIP","floor":44},{"not_picked":["Hyperbeam","Sweeping Beam"],"picked":"Conserve Battery","floor":46},{"not_picked":["Doom and Gloom+1","Coolheaded"],"picked":"White Noise","floor":54}],"player_experience":1658602,"relics_obtained":[{"floor":12,"key":"Nunchaku"},{"floor":20,"key":"Enchiridion"},{"floor":27,"key":"Mummified Hand"},{"floor":30,"key":"Omamori"},{"floor":42,"key":"Mango"},{"floor":44,"key":"Frozen Egg 2"},{"floor":46,"key":"Anchor"},{"floor":54,"key":"Pen Nib"}],"event_choices":[{"cards_removed":["Dualcast"],"damage_healed":0,"gold_gain":0,"player_choice":"Offered Basic","damage_taken":0,"max_hp_gain":0,"max_hp_loss":0,"event_name":"Bonfire Elementals","floor":2,"gold_loss":0},{"damage_healed":0,"gold_gain":0,"player_choice":"Obtained Book","damage_taken":21,"max_hp_gain":0,"max_hp_loss":0,"event_name":"Cursed Tome","floor":20,"gold_loss":0},{"damage_healed":0,"gold_gain":0,"player_choice":"Ignored","damage_taken":0,"max_hp_gain":0,"max_hp_loss":0,"event_name":"Vampires","floor":23,"gold_loss":0},{"damage_healed":0,"gold_gain":0,"player_choice":"1 cards matched","damage_taken":0,"max_hp_gain":0,"max_hp_loss":0,"event_name":"Match and Keep!","floor":31,"gold_loss":0,"cards_obtained":["Machine Learning"]},{"damage_healed":0,"gold_gain":0,"player_choice":"Ignored","damage_taken":0,"max_hp_gain":0,"max_hp_loss":0,"event_name":"Tomb of Lord Red Mask","floor":36,"gold_loss":0},{"damage_healed":0,"gold_gain":0,"player_choice":"Memory 1","damage_taken":0,"max_hp_gain":0,"max_hp_loss":0,"event_name":"SensoryStone","floor":37,"gold_loss":0},{"damage_healed":0,"gold_gain":0,"player_choice":"Upgrade","damage_taken":0,"relics_obtained":["Mark of the Bloom"],"max_hp_gain":0,"max_hp_loss":0,"event_name":"MindBloom","floor":41,"gold_loss":0,"cards_upgraded":["Strike_B","Strike_B","Defend_B","Defend_B","Defend_B","Defend_B","Zap","Ball Lightning","Compile Driver","Ball Lightning","Coolheaded","Undo","Thunder Strike","Undo","Glacier","Coolheaded","Glacier","Machine Learning","Buffer","Master of Strategy"]},{"damage_healed":0,"gold_gain":0,"player_choice":"Ignored","damage_taken":0,"max_hp_gain":0,"max_hp_loss":0,"event_name":"Mysterious Sphere","floor":48,"gold_loss":0}],"is_beta":false,"boss_relics":[{"not_picked":["Calling Bell","Lizard Tail"],"picked":"Inserter"},{"not_picked":["Runic Dome","White Beast Statue"],"picked":"Sozu"}],"items_purged_floors":[5,22,53],"is_endless":false,"potions_floor_spawned":[3,11,16,18,24,27,30,33,35,38],"ascension_level":15}