{"gold_per_floor":[110,40,40,57,69,69,119,119,119,43,43,54,87,100,100,173,173,190,105,117,145,157,169],"floor_reached":23,"playtime":704,"items_purged":[],"score":369,"play_id":"a32acd48-2272-4902-be60-e5e9b9a0857c","local_time":"20190310132255","is_ascension_mode":true,"campfire_choices":[{"data":"Go for the Eyes","floor":6,"key":"SMITH"},{"data":"Zap","floor":8,"key":"SMITH"},{"data":"Loop","floor":15,"key":"SMITH"}],"neow_cost":"NONE","seed_source_timestamp":78438597789200,"circlet_count":0,"master_deck":["AscendersBane","Strike_B","Strike_B","Strike_B","Strike_B","Defend_B","Defend_B","Defend_B","Defend_B","Zap+1","Dualcast","Sweeping Beam","Go for the Eyes+1","Cold Snap","Glacier","Conserve Battery","Loop+1","Echo Form","Creative AI","Decay"],"relics":["Cracked Core","CultistMask","Darkstone Periapt","Peace Pipe","Nuclear Battery","MawBank"],"potions_floor_usage":[13,13],"damage_taken":[{"damage":7,"enemies":"Small Slimes","floor":1,"turns":4},{"damage":6,"enemies":"2 Louse","floor":4,"turns":2},{"damage":1,"enemies":"Cultist","floor":5,"turns":4},{"damage":8,"enemies":"Large Slime","floor":12,"turns":7},{"damage":1,"enemies":"Lagavulin","floor":13,"turns":6},{"damage":4,"enemies":"Exordium Thugs","floor":14,"turns":5},{"damage":42,"enemies":"Slime Boss","floor":16,"turns":11},{"damage":8,"enemies":"Shell Parasite","floor":18,"turns":8},{"damage":37,"enemies":"Chosen","floor":21,"turns":6},{"damage":36,"enemies":"Slavers","floor":23,"turns":1}],"seed_played":"-2634537991485786328","potions_obtained":[{"floor":11,"key":"FocusPotion"},{"floor":11,"key":"Regen Potion"},{"floor":14,"key":"SteroidPotion"}],"is_trial":false,"path_per_floor":["M","?","?","M","M","R","?","R","T","$","?","M","E","M","R","B",null,"M","?","?","M","$","E"],"character_chosen":"DEFECT","items_purchased":["Glacier"],"campfire_rested":0,"item_purchase_floors":[10],"current_hp_per_floor":[64,64,64,58,57,57,57,57,57,57,57,49,63,59,59,17,63,55,55,61,24,24,0],"gold":169,"neow_bonus":"TEN_PERCENT_HP_BONUS","is_prod":false,"is_daily":false,"chose_seed":false,"campfire_upgraded":3,"win_rate":0,"timestamp":1552238575,"path_taken":["M","?","?","?","M","R","?","R","T","?","?","M","E","M","R","BOSS","M","?","?","M","$","E"],"build_version":"2019-01-23","purchased_purges":0,"victory":false,"max_hp_per_floor":[78,78,78,78,78,78,78,78,78,78,78,78,78,78,78,78,78,78,78,84,84,84,84],"card_choices":[{"not_picked":["Compile Driver","Redo"],"picked":"Sweeping Beam","floor":1},{"not_picked":["Melter","Blizzard"],"picked":"Go for the Eyes","floor":4},{"not_picked":["All For One","Sweeping Beam"],"picked":"Cold Snap","floor":5},{"not_picked":["Static Discharge","Gash"],"picked":"Conserve Battery","floor":12},{"not_picked":["Redo","Gash"],"picked":"Loop","floor":13},{"not_picked":["Storm","Redo"],"picked":"Echo Form","floor":14},{"not_picked":["Thunder Strike","Meteor Strike"],"picked":"Creative AI","floor":16},{"not_picked":["Lockon","Gash+1","Rip and Tear"],"picked":"SKIP","floor":18},{"not_picked":["Heatsinks","Barrage","Streamline"],"picked":"SKIP","floor":21}],"player_experience":1304835,"relics_obtained":[{"floor":9,"key":"Darkstone Periapt"},{"floor":13,"key":"Peace Pipe"}],"event_choices":[{"damage_healed":0,"gold_gain":0,"player_choice":"Left Gold","damage_taken":0,"max_hp_gain":0,"max_hp_loss":0,"event_name":"World of Goop","floor":2,"gold_loss":70},{"damage_healed":0,"gold_gain":0,"player_choice":"Trade","damage_taken":0,"relics_obtained":["CultistMask"],"max_hp_gain":0,"max_hp_loss":0,"event_name":"FaceTrader","floor":3,"gold_loss":0},{"damage_healed":0,"gold_gain":50,"player_choice":"Pray","damage_taken":0,"max_hp_gain":0,"max_hp_loss":0,"event_name":"Golden Shrine","floor":7,"gold_loss":0},{"damage_healed":0,"gold_gain":0,"player_choice":"Got Potions","damage_taken":0,"max_hp_gain":0,"max_hp_loss":0,"event_name":"Lab","floor":11,"gold_loss":0},{"damage_healed":0,"gold_gain":0,"player_choice":"Obtained Relic","damage_taken":0,"relics_obtained":["MawBank"],"max_hp_gain":0,"max_hp_loss":0,"event_name":"Addict","floor":19,"gold_loss":85},{"damage_healed":0,"gold_gain":0,"player_choice":"Cursed","damage_taken":0,"max_hp_gain":0,"max_hp_loss":0,"event_name":"Wheel of Change","floor":20,"gold_loss":0,"cards_obtained":["Decay"]}],"is_beta":false,"boss_relics":[{"not_picked":["Sozu","Velvet Choker"],"picked":"Nuclear Battery"}],"items_purged_floors":[],"is_endless":false,"potions_floor_spawned":[12,14],"killed_by":"Slavers","ascension_level":19}