{"gold_per_floor":[112,30,30,30,30,30,62,62,62,87,87,98,114,134,134,237,237,256,8,108,120,120,120,151,151,151,71,86,86,100,112,112,112],"floor_reached":33,"playtime":1100,"items_purged":[],"score":557,"play_id":"cd77a3f5-21bf-4a39-84d1-eb5903fd8277","local_time":"20190305184006","is_ascension_mode":true,"campfire_choices":[{"data":"Predator","floor":6.0,"key":"SMITH"},{"data":"Neutralize","floor":8.0,"key":"SMITH"},{"data":"Blur","floor":11.0,"key":"SMITH"},{"data":"Finisher","floor":15.0,"key":"SMITH"},{"data":"Footwork","floor":23,"key":"SMITH"},{"data":"Cloak And Dagger","floor":25,"key":"SMITH"},{"data":"After Image","floor":29,"key":"SMITH"},{"floor":32,"key":"REST"}],"neow_cost":"NONE","seed_source_timestamp":4440572667300,"circlet_count":0,"master_deck":["AscendersBane","Defend_G","Defend_G","Defend_G","Defend_G","Defend_G","Strike_G","Strike_G","Strike_G","Strike_G","Strike_G","Survivor","Neutralize+1","Blur+1","Predator+1","Infinite Blades","PiercingWail","Finisher+1","Cloak And Dagger+1","Caltrops","After Image+1","Dodge and Roll","Blade Dance","Footwork+1","Backstab","Malaise","Backflip","Burst","Quick Slash"],"special_seed":0,"relics":["Ring of the Snake","NeowsBlessing","StoneCalendar","Happy Flower","Bronze Scales","Philosopher\u0027s Stone","Ninja Scroll","FossilizedHelix","Pantograph","Juzu Bracelet","Bag of Marbles"],"potions_floor_usage":[20,33],"damage_taken":[{"damage":0.0,"enemies":"Small Slimes","floor":1.0,"turns":1.0},{"damage":0.0,"enemies":"Gremlin Nob","floor":7.0,"turns":1.0},{"damage":0.0,"enemies":"3 Sentries","floor":10.0,"turns":1.0},{"damage":0.0,"enemies":"2 Louse","floor":12.0,"turns":3.0},{"damage":0.0,"enemies":"Cultist","floor":13.0,"turns":2.0},{"damage":0.0,"enemies":"Red Slaver","floor":14.0,"turns":3.0},{"damage":13.0,"enemies":"Slime Boss","floor":16.0,"turns":9.0},{"damage":6.0,"enemies":"3 Byrds","floor":18.0,"turns":6.0},{"damage":0,"enemies":"Colosseum Slavers","floor":20,"turns":4},{"damage":14,"enemies":"Colosseum Nobs","floor":20,"turns":7},{"damage":0,"enemies":"Shell Parasite","floor":21,"turns":3},{"damage":0,"enemies":"Gremlin Leader","floor":24,"turns":7},{"damage":11,"enemies":"Centurion and Healer","floor":28,"turns":4},{"damage":0,"enemies":"Snake Plant","floor":30,"turns":4},{"damage":0,"enemies":"Snecko","floor":31,"turns":1},{"damage":78,"enemies":"Champ","floor":33,"turns":13}],"seed_played":"4858744093734514972","potions_obtained":[{"floor":1.0,"key":"Swift Potion"},{"floor":12.0,"key":"Weak Potion"},{"floor":13.0,"key":"Dexterity Potion"},{"floor":20,"key":"SmokeBomb"},{"floor":21,"key":"Energy Potion"}],"is_trial":false,"path_per_floor":["M","$","?","?","?","R","E","R","T","E","R","M","M","M","R","B",null,"M","$","?","M","?","R","E","R","T","$","M","R","M","M","R","B"],"character_chosen":"THE_SILENT","items_purchased":["Predator","Ninja Scroll","Malaise"],"campfire_rested":1,"item_purchase_floors":[2,19,27],"current_hp_per_floor":[63,63,45,45,45,45,45,45,45,45,45,45,45,45,45,32,61,55,55,41,41,41,41,41,41,41,41,30,30,30,30,51,0],"gold":112,"neow_bonus":"THREE_ENEMY_KILL","is_prod":false,"is_daily":false,"chose_seed":false,"campfire_upgraded":7,"win_rate":0,"timestamp":1551807606,"path_taken":["M","$","?","?","?","R","E","R","T","E","R","M","M","?","R","BOSS","M","$","?","M","?","R","E","R","T","$","M","R","M","M","R","BOSS"],"build_version":"2019-01-23","purchased_purges":0,"victory":false,"max_hp_per_floor":[70,70,70,70,70,70,70,70,70,70,70,70,70,70,70,70,70,70,70,70,70,70,70,70,70,70,70,70,70,70,70,70,70],"card_choices":[{"not_picked":["Acrobatics","Bane"],"picked":"Blur","floor":1.0},{"not_picked":["Eviscerate","Endless Agony"],"picked":"PiercingWail","floor":7.0},{"not_picked":["Backflip","Deflect","Dodge and Roll"],"picked":"SKIP","floor":10.0},{"not_picked":["Concentrate","Quick Slash"],"picked":"Finisher","floor":12.0},{"not_picked":["Bane","Eviscerate"],"picked":"Cloak And Dagger","floor":13.0},{"not_picked":["Skewer","Finisher"],"picked":"Caltrops","floor":14.0},{"not_picked":["Doppelganger","Night Terror"],"picked":"After Image","floor":16.0},{"not_picked":["Prepared","Masterful Stab"],"picked":"Dodge and Roll","floor":18.0},{"not_picked":["Dash","Prepared"],"picked":"Blade Dance","floor":20},{"not_picked":["All Out Attack","Cloak And Dagger"],"picked":"Footwork","floor":21},{"not_picked":["Predator","Expertise","Dagger Spray"],"picked":"SKIP","floor":24},{"not_picked":["Bane","Accuracy"],"picked":"Backflip","floor":28},{"not_picked":["Dodge and Roll+1","Dagger Throw"],"picked":"Burst","floor":30},{"not_picked":["Blade Dance","Setup"],"picked":"Quick Slash","floor":31}],"player_experience":613328,"relics_obtained":[{"floor":7.0,"key":"StoneCalendar"},{"floor":9.0,"key":"Happy Flower"},{"floor":10.0,"key":"Bronze Scales"},{"floor":20,"key":"FossilizedHelix"},{"floor":20,"key":"Pantograph"},{"floor":24,"key":"Juzu Bracelet"},{"floor":26,"key":"Bag of Marbles"}],"event_choices":[{"damage_healed":0.0,"max_hp_gain":0.0,"max_hp_loss":0.0,"gold_gain":0.0,"event_name":"Scrap Ooze","player_choice":"Fled","floor":3.0,"gold_loss":0.0,"damage_taken":18.0},{"damage_healed":0.0,"max_hp_gain":0.0,"max_hp_loss":0.0,"gold_gain":0.0,"event_name":"The Cleric","player_choice":"Leave","floor":4.0,"gold_loss":0.0,"damage_taken":0.0},{"damage_healed":0.0,"max_hp_gain":0.0,"max_hp_loss":0.0,"gold_gain":0.0,"event_name":"Match and Keep!","player_choice":"1 cards matched","floor":5.0,"gold_loss":0.0,"damage_taken":0.0,"cards_obtained":["Infinite Blades"]},{"damage_healed":0,"gold_gain":0,"player_choice":"Fight","damage_taken":0,"max_hp_gain":0,"max_hp_loss":0,"event_name":"Colosseum","floor":20,"gold_loss":0},{"damage_healed":0,"gold_gain":0,"player_choice":"Fought Nobs","damage_taken":0,"max_hp_gain":0,"max_hp_loss":0,"event_name":"Colosseum","floor":20,"gold_loss":0},{"damage_healed":0,"gold_gain":0,"player_choice":"Read","damage_taken":0,"max_hp_gain":0,"max_hp_loss":0,"event_name":"The Library","floor":22,"gold_loss":0,"cards_obtained":["Backstab"]}],"is_beta":false,"boss_relics":[{"not_picked":["Ectoplasm","Coffee Dripper"],"picked":"Philosopher\u0027s Stone"}],"items_purged_floors":[],"is_endless":false,"potions_floor_spawned":[1,12,13,20,21,24],"killed_by":"Champ","ascension_level":12}