{"gold_per_floor":[364,439,450,268,288,288,188,188,188,188,111,111,131,151,151,254,254,268,268,268,268,63,63,63,45,45,45,45],"floor_reached":28,"playtime":1136,"items_purged":["Strike_G","Strike_G","Bite"],"score":260,"play_id":"82d5b3b2-dd0d-41b2-bc85-27e37e0149e1","local_time":"20190307155718","is_ascension_mode":true,"campfire_choices":[{"data":"Neutralize","floor":6,"key":"SMITH"},{"data":"Sucker Punch","floor":8,"key":"SMITH"},{"data":"Crippling Poison","floor":10,"key":"SMITH"},{"data":"Noxious Fumes","floor":12,"key":"SMITH"},{"data":"Bouncing Flask","floor":15,"key":"SMITH"},{"data":"Footwork","floor":23,"key":"SMITH"}],"neow_cost":"TEN_PERCENT_HP_LOSS","seed_source_timestamp":13191818675331,"circlet_count":0,"master_deck":["Defend_G","Defend_G","Defend_G","Defend_G","Defend_G","Survivor","Neutralize+1","Crippling Poison+1","Sucker Punch+1","Well Laid Plans","Flying Knee","Noxious Fumes+1","Bouncing Flask+1","Malaise","Backflip","Bite","Bite","Bite","Bite","Footwork+1","Backflip+1"],"relics":["Ring of the Snake","Meat on the Bone","HoveringKite","Anchor"],"potions_floor_usage":[14],"damage_taken":[{"damage":0,"enemies":"Small Slimes","floor":1,"turns":7},{"damage":0,"enemies":"2 Louse","floor":3,"turns":2},{"damage":0,"enemies":"Jaw Worm","floor":5,"turns":6},{"damage":3,"enemies":"Looter","floor":13,"turns":4},{"damage":0,"enemies":"2 Fungi Beasts","floor":14,"turns":2},{"damage":24,"enemies":"Slime Boss","floor":16,"turns":9},{"damage":18,"enemies":"3 Byrds","floor":18,"turns":3},{"damage":24,"enemies":"2 Thieves","floor":25,"turns":5},{"damage":27,"enemies":"Gremlin Leader","floor":28,"turns":2}],"seed_played":"-7681812985155644979","potions_obtained":[{"floor":3,"key":"EssenceOfSteel"},{"floor":13,"key":"Fire Potion"},{"floor":16,"key":"Weak Potion"},{"floor":18,"key":"SteroidPotion"}],"is_trial":false,"path_per_floor":["M","?","M","$","M","R","$","R","T","R","$","R","M","M","R","B",null,"M","?","?","?","$","R","?","M","T","?","E"],"character_chosen":"THE_SILENT","items_purchased":["Sucker Punch","Well Laid Plans","Noxious Fumes","Footwork"],"campfire_rested":0,"item_purchase_floors":[4,4,11,22],"current_hp_per_floor":[63,52,52,52,52,52,52,52,52,52,52,52,49,49,49,37,63,45,45,44,44,44,44,44,24,24,24,0],"gold":45,"neow_bonus":"TWO_FIFTY_GOLD","is_prod":false,"is_daily":false,"chose_seed":false,"campfire_upgraded":6,"win_rate":0,"timestamp":1552003038,"path_taken":["M","?","M","$","M","R","$","R","T","R","$","R","M","M","R","BOSS","M","?","?","?","$","R","?","?","T","?","E"],"build_version":"2019-01-23","purchased_purges":3,"victory":false,"max_hp_per_floor":[63,63,63,63,63,63,63,63,63,63,63,63,63,63,63,63,63,63,63,44,44,44,44,44,44,44,44,44],"card_choices":[{"not_picked":["Dodge and Roll","Outmaneuver","Deflect"],"picked":"SKIP","floor":1},{"not_picked":["Deflect","Choke"],"picked":"Crippling Poison","floor":3},{"not_picked":["Poisoned Stab","Flechettes"],"picked":"Flying Knee","floor":5},{"not_picked":["Masterful Stab","Heel Hook","Slice"],"picked":"SKIP","floor":13},{"not_picked":["Acrobatics","Bane"],"picked":"Bouncing Flask","floor":14},{"not_picked":["Night Terror","Doppelganger"],"picked":"Malaise","floor":16},{"not_picked":["Caltrops","Quick Slash","Bane"],"picked":"SKIP","floor":18},{"not_picked":["Acrobatics","Poisoned Stab"],"picked":"Backflip+1","floor":25}],"player_experience":348677,"relics_obtained":[{"floor":9,"key":"Meat on the Bone"},{"floor":26,"key":"Anchor"}],"event_choices":[{"damage_healed":0,"gold_gain":75,"player_choice":"Gather Gold","damage_taken":11,"max_hp_gain":0,"max_hp_loss":0,"event_name":"World of Goop","floor":2,"gold_loss":0},{"damage_healed":0,"gold_gain":0,"player_choice":"Read","damage_taken":0,"max_hp_gain":0,"max_hp_loss":0,"event_name":"The Library","floor":19,"gold_loss":0,"cards_obtained":["Backflip"]},{"damage_healed":0,"gold_gain":0,"player_choice":"Became a vampire","damage_taken":0,"max_hp_gain":0,"max_hp_loss":19,"event_name":"Vampires","floor":20,"gold_loss":0,"cards_obtained":["Bite","Bite","Bite","Bite","Bite"]},{"damage_healed":0,"gold_gain":0,"player_choice":"Ignored","damage_taken":0,"max_hp_gain":0,"max_hp_loss":0,"event_name":"The Mausoleum","floor":21,"gold_loss":0},{"damage_healed":0,"gold_gain":0,"player_choice":"Ignored","damage_taken":0,"max_hp_gain":0,"max_hp_loss":0,"event_name":"Beggar","floor":24,"gold_loss":0}],"is_beta":false,"boss_relics":[{"not_picked":["Pandora\u0027s Box","Fusion Hammer"],"picked":"HoveringKite"}],"items_purged_floors":[4,7,22],"is_endless":false,"potions_floor_spawned":[3,13,16,18],"killed_by":"Gremlin Leader","ascension_level":3}