{"gold_per_floor":[368,368,388,55,5,33,48,48,48,48,60,91,91,108,108,204,204,222,122,137,137,137,137,172,101,101,111,111,145,145,163,163,163],"floor_reached":33,"playtime":1370,"items_purged":["Strike_G","Strike_G"],"score":497,"play_id":"563a049f-f1d8-49ca-933e-28940edd212b","local_time":"20190216214532","is_ascension_mode":true,"campfire_choices":[{"data":"Noxious Fumes","floor":10.0,"key":"SMITH"},{"data":"Neutralize","floor":13.0,"key":"SMITH"},{"data":"Leg Sweep","floor":15.0,"key":"SMITH"},{"data":"Deadly Poison","floor":23.0,"key":"SMITH"},{"data":"Terror","floor":28.0,"key":"SMITH"},{"data":"Dash","floor":30.0,"key":"SMITH"},{"floor":32.0,"key":"REST"}],"neow_cost":"TEN_PERCENT_HP_LOSS","seed_source_timestamp":240014661505900,"circlet_count":0,"master_deck":["Defend_G","Defend_G","Defend_G","Defend_G","Defend_G","Survivor","Neutralize+1","Poisoned Stab","Dodge and Roll","Noxious Fumes+1","Die Die Die","Dash+1","PiercingWail","Dagger Spray","Leg Sweep+1","Corpse Explosion","Deadly Poison+1","Glass Knife","Caltrops","Terror+1","PiercingWail+1","Malaise"],"special_seed":0,"relics":["Ring of the Snake","Matryoshka","Mercury Hourglass","Ornamental Fan","Bag of Preparation","Busted Crown","Dream Catcher","Blood Vial","Dodecahedron","Bag of Marbles"],"potions_floor_usage":[33],"damage_taken":[{"damage":0.0,"enemies":"2 Louse","floor":1.0,"turns":3.0},{"damage":0.0,"enemies":"Cultist","floor":3.0,"turns":3.0},{"damage":14.0,"enemies":"3 Sentries","floor":6.0,"turns":7.0},{"damage":0.0,"enemies":"Small Slimes","floor":7.0,"turns":3.0},{"damage":0.0,"enemies":"3 Louse","floor":11.0,"turns":3.0},{"damage":9.0,"enemies":"Lagavulin","floor":12.0,"turns":6.0},{"damage":1.0,"enemies":"Exordium Thugs","floor":14.0,"turns":2.0},{"damage":0.0,"enemies":"Slime Boss","floor":16.0,"turns":8.0},{"damage":3.0,"enemies":"Chosen","floor":18.0,"turns":4.0},{"damage":7.0,"enemies":"Spheric Guardian","floor":20.0,"turns":5.0},{"damage":16.0,"enemies":"Book of Stabbing","floor":24.0,"turns":7.0},{"damage":0.0,"enemies":"Chosen and Byrds","floor":27.0,"turns":4.0},{"damage":0.0,"enemies":"Gremlin Leader","floor":29.0,"turns":4.0},{"damage":11.0,"enemies":"Snecko","floor":31.0,"turns":6.0},{"damage":64,"enemies":"Champ","floor":33,"turns":11}],"seed_played":"3455648565867991519","potions_obtained":[{"floor":6.0,"key":"AttackPotion"},{"floor":11.0,"key":"Ancient Potion"},{"floor":14.0,"key":"GhostInAJar"},{"floor":27.0,"key":"Block Potion"}],"is_trial":false,"path_per_floor":["M","?","M","$","?","E","M","?","T","R","M","E","R","M","R","B",null,"M","$","M","?","?","R","E","$","T","M","R","E","R","M","R","B"],"character_chosen":"THE_SILENT","items_purchased":["Noxious Fumes","Die Die Die","Dash","Caltrops"],"campfire_rested":1,"item_purchase_floors":[4,4,4,25],"current_hp_per_floor":[63,68,68,68,68,54,54,54,54,54,54,45,45,44,44,44,62,59,59,52,52,52,52,36,36,36,38,38,40,40,31,51,0],"gold":163,"neow_bonus":"TWO_FIFTY_GOLD","is_prod":false,"is_daily":false,"chose_seed":false,"campfire_upgraded":6,"win_rate":0,"timestamp":1550371532,"path_taken":["M","?","M","$","?","E","M","?","T","R","?","E","R","M","R","BOSS","M","?","M","?","?","R","E","$","T","M","R","E","R","M","R","BOSS"],"build_version":"2019-01-23","purchased_purges":2,"victory":false,"max_hp_per_floor":[63,68,68,68,68,68,68,68,68,68,68,68,68,68,68,68,68,68,68,68,68,68,68,68,68,68,68,68,68,68,68,68,68],"card_choices":[{"not_picked":["Dodge and Roll","Terror"],"picked":"Poisoned Stab","floor":1.0},{"not_picked":["Calculated Gamble","Quick Slash"],"picked":"Dodge and Roll","floor":3.0},{"not_picked":["A Thousand Cuts","Eviscerate"],"picked":"PiercingWail","floor":6.0},{"not_picked":["Dash","Quick Slash"],"picked":"Dagger Spray","floor":7.0},{"not_picked":["Bane","Dagger Throw"],"picked":"Leg Sweep","floor":11.0},{"not_picked":["Prepared","Distraction"],"picked":"Corpse Explosion","floor":12.0},{"not_picked":["Dagger Spray","Quick Slash"],"picked":"Deadly Poison","floor":14.0},{"not_picked":["Venomology","Die Die Die"],"picked":"Glass Knife","floor":16.0},{"not_picked":["Poisoned Stab"],"picked":"SKIP","floor":18.0},{"not_picked":["Deadly Poison"],"picked":"SKIP","floor":20.0},{"not_picked":["Underhanded Strike"],"picked":"SKIP","floor":24.0},{"not_picked":[],"picked":"Terror","floor":27.0},{"not_picked":[],"picked":"PiercingWail+1","floor":29.0},{"not_picked":["Poisoned Stab"],"picked":"SKIP","floor":31.0},{"not_picked":[],"picked":"Malaise","floor":32.0}],"player_experience":252903,"relics_obtained":[{"floor":6.0,"key":"Matryoshka"},{"floor":9.0,"key":"Mercury Hourglass"},{"floor":9.0,"key":"Ornamental Fan"},{"floor":12.0,"key":"Bag of Preparation"},{"floor":24.0,"key":"Dream Catcher"},{"floor":26.0,"key":"Blood Vial"},{"floor":26.0,"key":"Dodecahedron"},{"floor":29.0,"key":"Bag of Marbles"}],"event_choices":[{"damage_healed":0.0,"max_hp_gain":5.0,"max_hp_loss":0.0,"gold_gain":0.0,"event_name":"Big Fish","player_choice":"Donut","floor":2.0,"gold_loss":0.0,"damage_taken":0.0},{"cards_removed":["Strike_G"],"damage_healed":0.0,"max_hp_gain":0.0,"max_hp_loss":0.0,"gold_gain":0.0,"event_name":"The Cleric","player_choice":"Card Removal","floor":5.0,"gold_loss":50.0,"damage_taken":0.0},{"cards_removed":["Strike_G"],"damage_healed":0.0,"max_hp_gain":0.0,"max_hp_loss":0.0,"gold_gain":0.0,"event_name":"Bonfire Elementals","player_choice":"Offered Basic","floor":8.0,"gold_loss":0.0,"damage_taken":0.0},{"cards_removed":["Strike_G"],"damage_healed":0.0,"max_hp_gain":0.0,"max_hp_loss":0.0,"gold_gain":0.0,"event_name":"Back to Basics","player_choice":"Elegance","floor":21.0,"gold_loss":0.0,"damage_taken":0.0},{"damage_healed":0.0,"max_hp_gain":0.0,"max_hp_loss":0.0,"gold_gain":0.0,"event_name":"N\u0027loth","player_choice":"Ignored","floor":22.0,"gold_loss":0.0,"damage_taken":0.0}],"is_beta":false,"boss_relics":[{"not_picked":["Lizard Tail","WristBlade"],"picked":"Busted Crown"}],"items_purged_floors":[4,19],"is_endless":false,"potions_floor_spawned":[6,11,14,27],"killed_by":"Champ","ascension_level":7}