{"gold_per_floor":[110,120,120,139,159,159,159,159,159,159,176,176,176,205,205,278,278,290,310,325,325,343,343],"floor_reached":23,"playtime":884,"items_purged":[],"score":386,"play_id":"be60c259-a2a2-4211-9008-90a8b9b771cf","local_time":"20181227015225","is_ascension_mode":true,"campfire_choices":[{"data":"Predator","floor":6,"key":"SMITH"},{"data":"Backstab","floor":8,"key":"SMITH"},{"data":"Footwork","floor":10,"key":"SMITH"},{"data":"Glass Knife","floor":12,"key":"SMITH"},{"data":"Die Die Die","floor":15,"key":"SMITH"}],"neow_cost":"NONE","seed_source_timestamp":181138303217764,"circlet_count":0,"master_deck":["AscendersBane","Defend_G","Defend_G","Defend_G","Defend_G","Defend_G","Strike_G","Strike_G","Strike_G","Strike_G","Survivor","Neutralize+1","Predator+1","Catalyst","Footwork+1","Backstab+1","Glass Knife+1","Die Die Die+1","Malaise","Quick Slash","Crippling Poison","Caltrops+1"],"relics":["Ring of the Snake","Dodecahedron","Unceasing Top","Darkstone Periapt","Sundial","Runic Dome"],"potions_floor_usage":[11,16,23],"damage_taken":[{"damage":1,"enemies":"Small Slimes","floor":1,"turns":5},{"damage":0,"enemies":"2 Louse","floor":2,"turns":5},{"damage":0,"enemies":"Cultist","floor":4,"turns":3},{"damage":2,"enemies":"3 Louse","floor":5,"turns":5},{"damage":14,"enemies":"Gremlin Gang","floor":11,"turns":6},{"damage":13,"enemies":"3 Sentries","floor":14,"turns":9},{"damage":12,"enemies":"The Guardian","floor":16,"turns":20},{"damage":0,"enemies":"2 Thieves","floor":18,"turns":3},{"damage":9,"enemies":"Chosen","floor":19,"turns":3},{"damage":17,"enemies":"3 Cultists","floor":20,"turns":6},{"damage":10,"enemies":"Centurion and Healer","floor":22,"turns":7},{"damage":25,"enemies":"Book of Stabbing","floor":23,"turns":2}],"seed_played":"7101692883182894441","potions_obtained":[{"floor":4,"key":"Weak Potion"},{"floor":14,"key":"Swift Potion"},{"floor":16,"key":"FairyPotion"},{"floor":19,"key":"Swift Potion"},{"floor":20,"key":"Poison Potion"}],"is_trial":false,"path_per_floor":["M","M","?","M","M","R","?","R","T","R","M","R","?","E","R","B",null,"M","M","M","?","M","E"],"character_chosen":"THE_SILENT","items_purchased":[],"campfire_rested":0,"item_purchase_floors":[],"current_hp_per_floor":[58,58,47,47,45,45,45,45,45,45,31,31,31,18,18,6,51,51,42,25,25,15,0],"gold":343,"neow_bonus":"UPGRADE_CARD","is_prod":false,"is_daily":false,"chose_seed":false,"campfire_upgraded":5,"win_rate":0,"timestamp":1545871945,"path_taken":["M","M","?","M","M","R","?","R","T","R","M","R","?","E","R","BOSS","M","?","M","?","?","E"],"build_version":"2018-12-20","purchased_purges":0,"victory":false,"max_hp_per_floor":[66,66,66,66,66,66,66,66,66,66,66,66,66,66,66,66,66,66,66,66,66,66,66],"card_choices":[{"not_picked":["Dodge and Roll","Acrobatics"],"picked":"Predator","floor":1},{"not_picked":["Slice","Acrobatics"],"picked":"Catalyst","floor":2},{"not_picked":["Infinite Blades","Underhanded Strike"],"picked":"Footwork","floor":4},{"not_picked":["Reflex","Blur"],"picked":"Backstab","floor":5},{"not_picked":["Dagger Throw","Acrobatics"],"picked":"Glass Knife","floor":11},{"not_picked":["Poisoned Stab","Concentrate"],"picked":"Die Die Die","floor":14},{"not_picked":["Phantasmal Killer","Die Die Die"],"picked":"Malaise","floor":16},{"not_picked":["Eviscerate","Deflect","Dagger Spray"],"picked":"SKIP","floor":18},{"not_picked":["Calculated Gamble","Blade Dance+1"],"picked":"Quick Slash","floor":19},{"not_picked":["Dodge and Roll","Slice"],"picked":"Crippling Poison","floor":20},{"not_picked":["Bouncing Flask","Noxious Fumes"],"picked":"Caltrops+1","floor":22}],"player_experience":1736050,"relics_obtained":[{"floor":9,"key":"Darkstone Periapt"},{"floor":14,"key":"Sundial"}],"event_choices":[{"damage_healed":0,"gold_gain":0,"player_choice":"Success","damage_taken":11,"relics_obtained":["Dodecahedron"],"max_hp_gain":0,"max_hp_loss":0,"event_name":"Scrap Ooze","floor":3,"gold_loss":0},{"damage_healed":0,"gold_gain":0,"player_choice":"Box","damage_taken":0,"relics_obtained":["Unceasing Top"],"max_hp_gain":0,"max_hp_loss":0,"event_name":"Big Fish","floor":7,"gold_loss":0,"cards_obtained":["Regret"]},{"cards_removed":["Regret"],"damage_healed":0,"gold_gain":0,"player_choice":"Removed Curses","damage_taken":0,"max_hp_gain":0,"max_hp_loss":0,"event_name":"Fountain of Cleansing","floor":13,"gold_loss":0},{"cards_removed":["Strike_G"],"damage_healed":0,"gold_gain":0,"player_choice":"Purged","damage_taken":0,"max_hp_gain":0,"max_hp_loss":0,"event_name":"Purifier","floor":21,"gold_loss":0}],"is_beta":false,"boss_relics":[{"not_picked":["WristBlade","Cursed Key"],"picked":"Runic Dome"}],"items_purged_floors":[],"is_endless":false,"potions_floor_spawned":[4,14,16,19,20],"killed_by":"Book of Stabbing","ascension_level":20}