{"gold_per_floor":[119,119,138,153,163,163,190,190,190,215,234,234,245,95,95,168,168,185,212,212,231,156,156,186,186,240,240],"floor_reached":27,"playtime":1454,"items_purged":["Strike_B"],"score":482,"play_id":"1d658f03-a0c8-4218-ae3a-0086aad1864e","local_time":"20181027175156","is_ascension_mode":true,"campfire_choices":[{"data":"Zap","floor":6,"key":"SMITH"},{"data":"Dualcast","floor":8,"key":"SMITH"},{"data":"Conserve Battery","floor":12,"key":"SMITH"},{"data":"Hologram","floor":15,"key":"SMITH"},{"data":"White Noise","floor":23,"key":"SMITH"},{"data":"Compile Driver","floor":25,"key":"SMITH"}],"neow_cost":"NONE","seed_source_timestamp":940873714832289,"circlet_count":0,"master_deck":["Strike_B","Strike_B","Defend_B+1","Defend_B","Defend_B","Defend_B","Zap+1","Dualcast+1","AscendersBane","Ball Lightning","Coolheaded+1","Conserve Battery+1","Hologram+1","FTL","Compile Driver+1","Hello World+1","White Noise+1","Hello World+1","Buffer+1","Stack+1","Glacier","Machine Learning+1"],"relics":["Cracked Core","Meat on the Bone","Blood Vial","Frozen Egg 2","War Paint","Coffee Dripper","Regal Pillow","MutagenicStrength","Oddly Smooth Stone","Tiny Chest"],"potions_floor_usage":[7,16,24,24,24,27],"damage_taken":[{"damage":1,"enemies":"Cultist","floor":1,"turns":3},{"damage":4,"enemies":"Jaw Worm","floor":3,"turns":3},{"damage":0,"enemies":"Small Slimes","floor":4,"turns":2},{"damage":9,"enemies":"2 Fungi Beasts","floor":5,"turns":3},{"damage":28,"enemies":"Gremlin Nob","floor":7,"turns":4},{"damage":17,"enemies":"3 Sentries","floor":10,"turns":7},{"damage":6,"enemies":"Large Slime","floor":11,"turns":3},{"damage":19,"enemies":"3 Louse","floor":13,"turns":3},{"damage":16,"enemies":"Hexaghost","floor":16,"turns":8},{"damage":14,"enemies":"2 Thieves","floor":18,"turns":5},{"damage":4,"enemies":"Chosen","floor":21,"turns":6},{"damage":35,"enemies":"Slavers","floor":24,"turns":5},{"damage":35,"enemies":"Book of Stabbing","floor":27,"turns":5}],"seed_played":"-1089118647753874760","potions_obtained":[{"floor":1,"key":"SpeedPotion"},{"floor":5,"key":"Fire Potion"},{"floor":10,"key":"Strength Potion"},{"floor":11,"key":"EntropicBrew"},{"floor":18,"key":"Swift Potion"},{"floor":21,"key":"Strength Potion"}],"is_trial":false,"path_per_floor":["M","?","M","M","M","R","E","R","T","E","M","R","M","$","R","B",null,"M","T","?","M","?","R","E","R","T"],"character_chosen":"DEFECT","items_purchased":["Hello World+1"],"campfire_rested":0,"item_purchase_floors":[14],"current_hp_per_floor":[70,70,66,66,57,57,41,41,41,38,46,46,41,41,41,39,68,56,56,56,54,54,54,33,33,33,0],"gold":240,"neow_bonus":"TEN_PERCENT_HP_BONUS","is_prod":false,"is_daily":false,"chose_seed":false,"campfire_upgraded":6,"win_rate":0,"timestamp":1540655516,"path_taken":["M","?","?","M","?","R","E","R","T","E","M","R","M","$","R","BOSS","M","?","?","M","?","R","E","R","T","E"],"build_version":"2018-10-25v2","purchased_purges":1,"victory":false,"max_hp_per_floor":[78,78,78,78,78,78,78,78,78,78,78,78,78,78,78,78,78,78,78,78,78,78,78,78,78,78,78],"card_choices":[{"not_picked":["Streamline","Fusion"],"picked":"Ball Lightning","floor":1},{"not_picked":["Auto Shields","Steam Power"],"picked":"Coolheaded","floor":3},{"not_picked":["Barrage","Beam Cell"],"picked":"Conserve Battery","floor":4},{"not_picked":["Steam","Scrape"],"picked":"Hologram","floor":5},{"not_picked":["Reprogram","Tempest"],"picked":"FTL","floor":7},{"not_picked":["Stack","Redo"],"picked":"Compile Driver","floor":10},{"not_picked":["Steam","Force Field"],"picked":"Hello World+1","floor":11},{"not_picked":["Turbo","Thunder Strike"],"picked":"White Noise","floor":13},{"not_picked":["Reboot","Seek"],"picked":"Buffer+1","floor":16},{"not_picked":["Go for the Eyes","Compile Driver"],"picked":"Stack+1","floor":18},{"not_picked":["Redo","Ball Lightning"],"picked":"Glacier","floor":21},{"not_picked":["Auto Shields","Cold Snap"],"picked":"Machine Learning+1","floor":24}],"player_experience":1492483,"relics_obtained":[{"floor":7,"key":"Blood Vial"},{"floor":9,"key":"Frozen Egg 2"},{"floor":10,"key":"War Paint"},{"floor":19,"key":"Regal Pillow"},{"floor":24,"key":"Oddly Smooth Stone"},{"floor":26,"key":"Tiny Chest"}],"event_choices":[{"damage_healed":0,"gold_gain":0,"player_choice":"Gave Potion","damage_taken":0,"relics_obtained":["Meat on the Bone"],"max_hp_gain":0,"max_hp_loss":0,"event_name":"WeMeetAgain","floor":2,"gold_loss":0},{"damage_healed":0,"gold_gain":0,"player_choice":"Inject Mutagens","damage_taken":0,"relics_obtained":["MutagenicStrength"],"max_hp_gain":0,"max_hp_loss":0,"event_name":"Drug Dealer","floor":20,"gold_loss":0},{"cards_removed":["Strike_B"],"damage_healed":0,"gold_gain":0,"player_choice":"Gave Gold","damage_taken":0,"max_hp_gain":0,"max_hp_loss":0,"event_name":"Beggar","floor":22,"gold_loss":75}],"is_beta":false,"boss_relics":[{"not_picked":["Tiny House","Pandora\u0027s Box"],"picked":"Coffee Dripper"}],"items_purged_floors":[14],"is_endless":false,"potions_floor_spawned":[1,5,10,11,13,18,21],"killed_by":"Book of Stabbing","ascension_level":20}