{"gold_per_floor":[114,114,125,125,144,144,158,158,233,263,282,282,292,312,312,413,413,400,173,46,59,0,0,0,30,30,58,58,71,71,91,91,196,196,210,210,210,210,228,287,335,335,335,335,335],"floor_reached":45,"playtime":2754,"items_purged":["Strike_B"],"score":601,"play_id":"d0c7ad2f-0912-4372-b51b-ebf30a30e984","local_time":"20190213005251","is_ascension_mode":true,"campfire_choices":[{"data":"Zap","floor":6.0,"key":"SMITH"},{"data":"Conserve Battery","floor":8.0,"key":"SMITH"},{"data":"Cold Snap","floor":12.0,"key":"SMITH"},{"floor":15.0,"key":"REST"},{"data":"Sunder","floor":24.0,"key":"SMITH"},{"data":"Coolheaded","floor":28.0,"key":"SMITH"},{"floor":32.0,"key":"REST"},{"data":"Ball Lightning","floor":42.0,"key":"SMITH"},{"floor":44.0,"key":"REST"}],"neow_cost":"TEN_PERCENT_HP_LOSS","seed_source_timestamp":0,"circlet_count":0,"master_deck":["Strike_B+1","Defend_B+1","Defend_B+1","Defend_B+1","Defend_B+1","Zap+1","Dualcast+1","Conserve Battery+1","Capacitor+1","Cold Snap+1","Compile Driver+1","Blizzard+1","Echo Form+1","Reinforced Body+1","Coolheaded+1","Barrage+1","Sunder+1","Core Surge+1","Hologram+1","Leap+1","Electrodynamics+1","Panache+1","Writhe","Ball Lightning+1"],"special_seed":0,"relics":["Cracked Core","Ginger","Blue Candle","Art of War","Snecko Eye","Bronze Scales","Oddly Smooth Stone","Pear","Symbiotic Virus","Sundial","Inserter","Mark of the Bloom","Tiny Chest","Pen Nib","Torii"],"potions_floor_usage":[],"damage_taken":[{"damage":3.0,"enemies":"2 Louse","floor":1.0,"turns":3.0},{"damage":7.0,"enemies":"Small Slimes","floor":3.0,"turns":4.0},{"damage":0.0,"enemies":"Cultist","floor":5.0,"turns":4.0},{"damage":5.0,"enemies":"3 Louse","floor":7.0,"turns":4.0},{"damage":17.0,"enemies":"3 Sentries","floor":10.0,"turns":6.0},{"damage":1.0,"enemies":"Blue Slaver","floor":11.0,"turns":4.0},{"damage":10.0,"enemies":"Exordium Wildlife","floor":13.0,"turns":5.0},{"damage":0.0,"enemies":"Looter","floor":14.0,"turns":3.0},{"damage":18.0,"enemies":"Hexaghost","floor":16.0,"turns":9.0},{"damage":14.0,"enemies":"2 Thieves","floor":18.0,"turns":5.0},{"damage":15.0,"enemies":"3 Byrds","floor":21.0,"turns":3.0},{"damage":0.0,"enemies":"Gremlin Leader","floor":23.0,"turns":2.0},{"damage":19.0,"enemies":"Slavers","floor":25.0,"turns":5.0},{"damage":12.0,"enemies":"Book of Stabbing","floor":27.0,"turns":5.0},{"damage":0.0,"enemies":"Cultist and Chosen","floor":29.0,"turns":5.0},{"damage":10.0,"enemies":"Snake Plant","floor":31.0,"turns":2.0},{"damage":4.0,"enemies":"Automaton","floor":33.0,"turns":9.0},{"damage":30.0,"enemies":"3 Darklings","floor":35.0,"turns":5.0},{"damage":0.0,"enemies":"Orb Walker","floor":39.0,"turns":3.0},{"damage":10.0,"enemies":"Giant Head","floor":40.0,"turns":7.0},{"damage":62,"enemies":"Nemesis","floor":45,"turns":7}],"seed_played":"8871654097527043442","potions_obtained":[{"floor":1.0,"key":"FearPotion"},{"floor":3.0,"key":"FairyPotion"},{"floor":7.0,"key":"FocusPotion"},{"floor":13.0,"key":"SteroidPotion"},{"floor":14.0,"key":"AttackPotion"},{"floor":18.0,"key":"SmokeBomb"},{"floor":21.0,"key":"FocusPotion"},{"floor":25.0,"key":"LiquidBronze"},{"floor":29.0,"key":"GamblersBrew"},{"floor":31.0,"key":"Explosive Potion"},{"floor":35.0,"key":"FocusPotion"}],"is_trial":false,"path_per_floor":["M","?","M","?","M","R","M","R","T","E","M","R","M","M","R","B",null,"M","$","$","M","?","E","R","E","T","E","R","M","T","M","R","B",null,"M","?","?","?","M","E","T","R","T","R","E"],"character_chosen":"DEFECT","items_purchased":["Bronze Scales","Coolheaded","Barrage","Poison Potion"],"campfire_rested":3,"item_purchase_floors":[19,20,20,20],"current_hp_per_floor":[65,58,51,51,51,51,46,46,46,29,28,28,18,18,38,20,68,54,54,54,39,39,39,39,20,30,18,18,18,18,8,31,27,78,48,48,68,68,68,58,58,58,58,58,0],"gold":335,"neow_bonus":"ONE_RARE_RELIC","is_prod":false,"is_daily":false,"chose_seed":false,"campfire_upgraded":6,"win_rate":0,"timestamp":1550037171,"path_taken":["M","?","M","?","M","R","M","R","T","E","M","R","M","M","R","BOSS","M","?","$","M","?","E","R","E","T","E","R","M","?","?","R","BOSS","M","?","?","?","?","E","?","R","T","R","E"],"build_version":"2019-01-23","purchased_purges":1,"victory":false,"max_hp_per_floor":[68,68,68,68,68,68,68,68,68,68,68,68,68,68,68,68,68,68,68,68,68,68,68,68,68,78,78,78,78,78,78,78,78,78,78,78,78,78,78,78,78,78,78,78,78],"card_choices":[{"not_picked":["Static Discharge","Fusion"],"picked":"Conserve Battery","floor":1.0},{"not_picked":["Conserve Battery","White Noise"],"picked":"Capacitor","floor":3.0},{"not_picked":["Aggregate","Go for the Eyes","Force Field"],"picked":"SKIP","floor":5.0},{"not_picked":["Conserve Battery","Rebound"],"picked":"Cold Snap","floor":7.0},{"not_picked":["Reprogram","Leap","Chill"],"picked":"SKIP","floor":10.0},{"not_picked":["Chaos","Leap"],"picked":"Compile Driver","floor":11.0},{"not_picked":["Reprogram","Double Energy"],"picked":"Blizzard","floor":13.0},{"not_picked":["Turbo","Chill","Beam Cell"],"picked":"SKIP","floor":14.0},{"not_picked":["Amplify","Machine Learning"],"picked":"Echo Form","floor":16.0},{"not_picked":["Conserve Battery","Go for the Eyes"],"picked":"Reinforced Body","floor":18.0},{"not_picked":["Hologram","Conserve Battery+1"],"picked":"Sunder","floor":21.0},{"not_picked":["Streamline","Conserve Battery","Steam"],"picked":"SKIP","floor":25.0},{"not_picked":["Sweeping Beam","Leap"],"picked":"Core Surge","floor":27.0},{"not_picked":["Reinforced Body","Sweeping Beam"],"picked":"Hologram","floor":29.0},{"not_picked":["Double Energy","Force Field"],"picked":"Leap+1","floor":31.0},{"not_picked":["Buffer","Core Surge"],"picked":"Electrodynamics","floor":33.0},{"not_picked":["Steam Power+1","Recycle+1","Melter"],"picked":"SKIP","floor":35.0},{"not_picked":["Finesse","Forethought"],"picked":"Panache","floor":36.0},{"not_picked":["Streamline","Sweeping Beam+1"],"picked":"Ball Lightning","floor":39.0},{"not_picked":["Beam Cell","Gash+1","Steam+1"],"picked":"SKIP","floor":40.0}],"player_experience":234790,"relics_obtained":[{"floor":9.0,"key":"Blue Candle"},{"floor":10.0,"key":"Art of War"},{"floor":25.0,"key":"Oddly Smooth Stone"},{"floor":26.0,"key":"Pear"},{"floor":27.0,"key":"Symbiotic Virus"},{"floor":30.0,"key":"Sundial"},{"floor":40.0,"key":"Tiny Chest"},{"floor":41.0,"key":"Pen Nib"},{"floor":43.0,"key":"Torii"}],"event_choices":[{"cards_removed":["Strike_B"],"damage_healed":0.0,"max_hp_gain":0.0,"max_hp_loss":0.0,"gold_gain":0.0,"event_name":"Golden Wing","player_choice":"Card Removal","floor":2.0,"gold_loss":0.0,"damage_taken":7.0},{"cards_removed":["Strike_B"],"damage_healed":0.0,"max_hp_gain":0.0,"max_hp_loss":0.0,"gold_gain":0.0,"event_name":"Bonfire Elementals","player_choice":"Offered Basic","floor":4.0,"gold_loss":0.0,"damage_taken":0.0},{"damage_healed":0.0,"max_hp_gain":0.0,"max_hp_loss":0.0,"gold_gain":0.0,"event_name":"Masked Bandits","player_choice":"Paid Fearfully","floor":22.0,"gold_loss":59.0,"damage_taken":0.0},{"damage_healed":0.0,"max_hp_gain":0.0,"max_hp_loss":0.0,"gold_gain":0.0,"event_name":"SensoryStone","player_choice":"Memory 1","floor":36.0,"gold_loss":0.0,"damage_taken":0.0},{"damage_healed":20.0,"max_hp_gain":0.0,"max_hp_loss":0.0,"gold_gain":0.0,"event_name":"Winding Halls","player_choice":"Writhe","floor":37.0,"gold_loss":0.0,"damage_taken":0.0,"cards_obtained":["Writhe"]},{"damage_healed":0.0,"max_hp_gain":0.0,"max_hp_loss":0.0,"gold_gain":0.0,"event_name":"MindBloom","player_choice":"Upgrade","floor":38.0,"gold_loss":0.0,"damage_taken":0.0,"cards_upgraded":["Strike_B","Defend_B","Defend_B","Defend_B","Defend_B","Dualcast","Capacitor","Compile Driver","Blizzard","Echo Form","Reinforced Body","Barrage","Core Surge","Hologram","Electrodynamics","Panache"],"relics_obtained":["Mark of the Bloom"]}],"is_beta":false,"boss_relics":[{"not_picked":["Lizard Tail","Astrolabe"],"picked":"Snecko Eye"},{"not_picked":["Cursed Key","FrozenCore"],"picked":"Inserter"}],"items_purged_floors":[19],"is_endless":false,"potions_floor_spawned":[1,3,7,13,14,18,21,25,29,31,35],"killed_by":"Nemesis","ascension_level":4}