{"gold_per_floor":[15,29,29,40,57,83,101,101,128,128,156,181,198,260,260,260],"floor_reached":16,"playtime":956,"items_purged":[],"score":279,"play_id":"5a07d386-ce8a-436d-85a9-486fe9692dae","local_time":"20180928214804","is_ascension_mode":true,"campfire_choices":[{"floor":8,"key":"REST"},{"data":"Backstab","floor":10,"key":"SMITH"},{"data":"Cloak And Dagger","floor":15,"key":"SMITH"}],"neow_cost":"NO_GOLD","seed_source_timestamp":779292535476054,"circlet_count":0,"master_deck":["Defend_G","Defend_G","Defend_G","Defend_G","Defend_G","Strike_G","Strike_G","Strike_G","Survivor","Neutralize","AscendersBane","After Image","Leg Sweep","Footwork","Flying Knee","Backstab+1","Endless Agony","Cloak And Dagger+1","Sucker Punch","Glass Knife","Choke","Dagger Spray","Finisher"],"relics":["Ring of the Snake","Gremlin Horn","Happy Flower","Centennial Puzzle","Odd Mushroom","Tiny Chest"],"potions_floor_usage":[6,11,14,16],"damage_taken":[{"damage":5,"enemies":"Cultist","floor":1,"turns":7},{"damage":5,"enemies":"Small Slimes","floor":2,"turns":6},{"damage":0,"enemies":"Jaw Worm","floor":4,"turns":8},{"damage":1,"enemies":"Blue Slaver","floor":5,"turns":7},{"damage":28,"enemies":"Gremlin Nob","floor":6,"turns":6},{"damage":7,"enemies":"Exordium Thugs","floor":7,"turns":8},{"damage":0,"enemies":"3 Sentries","floor":11,"turns":9},{"damage":0,"enemies":"The Mushroom Lair","floor":12,"turns":4},{"damage":0,"enemies":"2 Fungi Beasts","floor":13,"turns":3},{"damage":4,"enemies":"Gremlin Nob","floor":14,"turns":4},{"damage":44,"enemies":"Slime Boss","floor":16,"turns":8}],"seed_played":"8317293040037296660","potions_obtained":[{"floor":2,"key":"Fire Potion"},{"floor":5,"key":"Block Potion"},{"floor":7,"key":"Fire Potion"},{"floor":11,"key":"Regen Potion"}],"is_trial":false,"path_per_floor":["M","M","?","M","M","E","M","R","T","R","E","?","M","E","R"],"character_chosen":"THE_SILENT","items_purchased":[],"campfire_rested":1,"item_purchase_floors":[],"current_hp_per_floor":[54,49,49,49,48,20,13,32,32,32,32,32,32,28,28,0],"gold":260,"neow_bonus":"TRANSFORM_TWO_CARDS","is_prod":false,"is_daily":false,"chose_seed":false,"campfire_upgraded":2,"win_rate":0,"timestamp":1538164084,"path_taken":["M","M","?","M","M","E","M","R","T","R","E","?","M","E","R","BOSS"],"build_version":"2018-09-27","purchased_purges":0,"victory":false,"max_hp_per_floor":[66,66,66,66,66,66,66,66,66,66,66,66,66,66,66,66],"card_choices":[{"not_picked":["Deadly Poison","Backflip"],"picked":"Footwork","floor":1},{"not_picked":["Bane","Concentrate"],"picked":"Flying Knee","floor":2},{"not_picked":["Dodge and Roll","Dagger Throw"],"picked":"Backstab","floor":4},{"not_picked":["Bane","Backflip"],"picked":"Endless Agony","floor":5},{"not_picked":["Bane","Burst"],"picked":"Cloak And Dagger","floor":6},{"not_picked":["Flying Knee","Bane"],"picked":"Sucker Punch","floor":7},{"not_picked":["Accuracy","Acrobatics"],"picked":"Glass Knife","floor":11},{"not_picked":["Catalyst","Dodge and Roll"],"picked":"Choke","floor":12},{"not_picked":["Flying Knee","Bane"],"picked":"Dagger Spray","floor":13},{"not_picked":["Riddle With Holes","Backflip"],"picked":"Finisher","floor":14}],"player_experience":1283394,"relics_obtained":[{"floor":6,"key":"Gremlin Horn"},{"floor":9,"key":"Happy Flower"},{"floor":11,"key":"Centennial Puzzle"},{"floor":12,"key":"Odd Mushroom"},{"floor":14,"key":"Tiny Chest"}],"event_choices":[{"event_name":"The Cleric","player_choice":"Leave","floor":3,"damage_taken":0},{"event_name":"Mushrooms","player_choice":"Fought Mushrooms","floor":12,"damage_taken":0}],"is_beta":false,"boss_relics":[],"items_purged_floors":[],"is_endless":false,"potions_floor_spawned":[2,5,7,11,12],"killed_by":"Slime Boss","ascension_level":18}