{"gold_per_floor":[19,35,48,48,48,48,77,77,148,182,194,211,246,309,309,382,382,398,673,685,685,685,685,685],"floor_reached":24,"playtime":811,"items_purged":[],"score":482,"play_id":"e2f0ff1b-b0c2-46be-8701-1c3c2d8f271f","local_time":"20190307193904","is_ascension_mode":true,"campfire_choices":[{"data":"Zap","floor":6,"key":"SMITH"},{"floor":8,"key":"REST"},{"data":"Strike_B","floor":15,"key":"PURGE"},{"floor":23,"key":"REST"}],"neow_cost":"NO_GOLD","seed_source_timestamp":418368303944195,"circlet_count":0,"master_deck":["AscendersBane","Strike_B","Strike_B","Strike_B","Defend_B","Defend_B","Defend_B","Defend_B","Zap+1","Dualcast","Compile Driver","Doom and Gloom+1","Ball Lightning","Capacitor","FTL+1","Compile Driver+1","Fission","Regret"],"relics":["Cracked Core","Emotion Chip","PreservedInsect","Blood Vial","Molten Egg 2","DataDisk","Peace Pipe","Black Star","Bottled Tornado"],"potions_floor_usage":[10,11,16,18,21,21],"damage_taken":[{"damage":1,"enemies":"Cultist","floor":1,"turns":3},{"damage":2,"enemies":"Jaw Worm","floor":2,"turns":3},{"damage":0,"enemies":"2 Louse","floor":3,"turns":3},{"damage":15,"enemies":"3 Sentries","floor":7,"turns":3},{"damage":0,"enemies":"Gremlin Nob","floor":10,"turns":2},{"damage":1,"enemies":"Exordium Wildlife","floor":11,"turns":2},{"damage":7,"enemies":"Lots of Slimes","floor":12,"turns":2},{"damage":14,"enemies":"3 Sentries","floor":13,"turns":3},{"damage":15,"enemies":"3 Sentries","floor":14,"turns":3},{"damage":1,"enemies":"Slime Boss","floor":16,"turns":7},{"damage":19,"enemies":"Chosen","floor":18,"turns":5},{"damage":28,"enemies":"3 Byrds","floor":20,"turns":4},{"damage":15,"enemies":"Centurion and Healer","floor":21,"turns":5},{"damage":46,"enemies":"Book of Stabbing","floor":24,"turns":3}],"seed_played":"7301185712662356404","potions_obtained":[{"floor":1,"key":"Block Potion"},{"floor":7,"key":"AttackPotion"},{"floor":10,"key":"Fruit Juice"},{"floor":11,"key":"Weak Potion"},{"floor":16,"key":"GamblersBrew"},{"floor":18,"key":"SmokeBomb"}],"is_trial":false,"path_per_floor":["M","M","M","?","?","R","E","R","T","E","M","M","E","?","R","B",null,"M","?","M","M","T","R","E"],"character_chosen":"DEFECT","items_purchased":[],"campfire_rested":2,"item_purchase_floors":[],"current_hp_per_floor":[63,61,61,35,35,35,20,41,41,43,49,44,32,19,19,20,62,45,45,19,6,6,28,0],"gold":685,"neow_bonus":"ONE_RARE_RELIC","is_prod":false,"is_daily":false,"chose_seed":false,"campfire_upgraded":1,"win_rate":0,"timestamp":1551983944,"path_taken":["M","M","M","?","?","R","E","R","T","E","M","?","E","?","R","BOSS","M","?","?","M","?","R","E"],"build_version":"2019-01-23","purchased_purges":0,"victory":false,"max_hp_per_floor":[71,71,71,71,71,71,71,71,71,71,76,76,76,76,76,76,76,76,76,76,76,76,76,76],"card_choices":[{"not_picked":["Coolheaded","Rebound"],"picked":"Compile Driver","floor":1},{"not_picked":["Barrage","BootSequence"],"picked":"Doom and Gloom","floor":2},{"not_picked":["Lockon","Steam","Stack"],"picked":"SKIP","floor":3},{"not_picked":["Sunder","Darkness"],"picked":"Ball Lightning","floor":7},{"not_picked":["Rebound","Rip and Tear","Redo"],"picked":"SKIP","floor":10},{"not_picked":["Conserve Battery","Steam"],"picked":"Capacitor","floor":11},{"not_picked":["White Noise","Skim"],"picked":"FTL+1","floor":12},{"not_picked":["Gash+1","Rip and Tear+1","Auto Shields"],"picked":"SKIP","floor":13},{"not_picked":["Beam Cell+1","Steam"],"picked":"Compile Driver+1","floor":14},{"not_picked":["Amplify","All For One+1"],"picked":"Fission","floor":16},{"not_picked":["Auto Shields","Stack","Turbo"],"picked":"SKIP","floor":18},{"not_picked":["Leap","Aggregate","Streamline+1"],"picked":"SKIP","floor":20}],"player_experience":1978131,"relics_obtained":[{"floor":7,"key":"Blood Vial"},{"floor":10,"key":"Molten Egg 2"},{"floor":13,"key":"DataDisk"},{"floor":22,"key":"Bottled Tornado"}],"event_choices":[{"damage_healed":0,"gold_gain":0,"player_choice":"Success","damage_taken":26,"relics_obtained":["PreservedInsect"],"max_hp_gain":0,"max_hp_loss":0,"event_name":"Scrap Ooze","floor":4,"gold_loss":0},{"damage_healed":0,"gold_gain":0,"player_choice":"Upgraded","damage_taken":0,"max_hp_gain":0,"max_hp_loss":0,"event_name":"Upgrade Shrine","floor":5,"gold_loss":0,"cards_upgraded":["Doom and Gloom"]},{"damage_healed":0,"gold_gain":0,"player_choice":"Searched \u00272\u0027 times","damage_taken":0,"relics_obtained":["Peace Pipe"],"max_hp_gain":0,"max_hp_loss":0,"event_name":"Dead Adventurer","floor":14,"gold_loss":0},{"damage_healed":0,"gold_gain":275,"player_choice":"Desecrate","damage_taken":0,"max_hp_gain":0,"max_hp_loss":0,"event_name":"Golden Shrine","floor":19,"gold_loss":0,"cards_obtained":["Regret"]}],"is_beta":false,"boss_relics":[{"not_picked":["Cursed Key","Lizard Tail"],"picked":"Black Star"}],"items_purged_floors":[],"is_endless":false,"potions_floor_spawned":[1,7,10,11,16,18],"killed_by":"Book of Stabbing","ascension_level":20}