{"gold_per_floor":[168,168,181,14,30,30,70,70,93,168,206,286,286,61,61,164,164,207,122,164,164,164,164,219,219,219,256,306,306,306,364,364,364],"floor_reached":33,"playtime":3263,"items_purged":["Strike_B"],"score":536,"play_id":"26a13613-fa1b-46ca-8580-cd9f95075893","local_time":"20190215173137","is_ascension_mode":true,"campfire_choices":[{"data":"HandOfGreed","floor":6,"key":"SMITH"},{"data":"Defragment","floor":8,"key":"SMITH"},{"floor":13,"key":"REST"},{"data":"Zap","floor":15,"key":"SMITH"},{"data":"Chill","floor":23,"key":"SMITH"},{"data":"Hologram","floor":25,"key":"SMITH"},{"data":"Ghostly","floor":30,"key":"SMITH"},{"floor":32,"key":"REST"}],"neow_cost":"NONE","seed_source_timestamp":2001983198419,"circlet_count":0,"master_deck":["AscendersBane","Strike_B","Strike_B","Strike_B","Defend_B+1","Defend_B","Defend_B","Defend_B","Zap+1","Dualcast","Defragment+1","Sweeping Beam","Ball Lightning","HandOfGreed+1","Genetic Algorithm","Undo","Go for the Eyes","Genetic Algorithm","Turbo","Cold Snap","Echo Form","Skim","Chill+1","Pain","Hologram+1","Skim","Ghostly+1","Ghostly","Ghostly","Undo"],"relics":["Tiny House","GremlinMask","Lantern","Bag of Preparation","Bottled Lightning","Runic Dome","Blue Candle","WarpedTongs","Incense Burner","Mummified Hand","Nunchaku"],"potions_floor_usage":[10,12,12,16,24,31],"damage_taken":[{"damage":11,"enemies":"Small Slimes","floor":1,"turns":4},{"damage":5,"enemies":"Cultist","floor":3,"turns":4},{"damage":0,"enemies":"Jaw Worm","floor":5,"turns":3},{"damage":2,"enemies":"2 Fungi Beasts","floor":7,"turns":4},{"damage":25,"enemies":"3 Sentries","floor":10,"turns":7},{"damage":0,"enemies":"Large Slime","floor":11,"turns":4},{"damage":9,"enemies":"3 Sentries","floor":12,"turns":5},{"damage":5,"enemies":"Slime Boss","floor":16,"turns":8},{"damage":7,"enemies":"3 Byrds","floor":18,"turns":5},{"damage":2,"enemies":"Shell Parasite","floor":20,"turns":6},{"damage":3,"enemies":"Book of Stabbing","floor":24,"turns":6},{"damage":6,"enemies":"Chosen and Byrds","floor":27,"turns":9},{"damage":28,"enemies":"Slavers","floor":31,"turns":15},{"damage":34,"enemies":"Automaton","floor":33,"turns":10}],"seed_played":"-5679727105415972621","potions_obtained":[{"floor":0,"key":"Strength Potion"},{"floor":3,"key":"Poison Potion"},{"floor":10,"key":"FearPotion"},{"floor":11,"key":"Explosive Potion"},{"floor":16,"key":"Energy Potion"},{"floor":27,"key":"Energy Potion"},{"floor":31,"key":"FearPotion"}],"is_trial":false,"path_per_floor":["M","?","M","$","M","R","M","R","T","E","M","?","R","$","R","B",null,"M","?","M","?","?","R","E","R","T","M","?","?","R","E","R","B"],"character_chosen":"DEFECT","items_purchased":["HandOfGreed","Cold Snap","Fire Potion","Block Potion"],"campfire_rested":2,"item_purchase_floors":[4,14,14,14],"current_hp_per_floor":[58,58,53,53,53,53,51,51,51,26,26,17,39,39,39,34,66,59,59,57,57,57,57,54,54,54,48,48,38,38,10,21,0],"gold":364,"neow_bonus":"BOSS_RELIC","is_prod":false,"is_daily":false,"chose_seed":false,"campfire_upgraded":6,"win_rate":0,"timestamp":1550269897,"path_taken":["M","?","M","$","M","R","?","R","T","E","M","?","R","$","R","BOSS","M","?","M","?","?","R","E","R","T","?","?","?","R","E","R","BOSS"],"build_version":"2019-01-23","purchased_purges":1,"victory":false,"max_hp_per_floor":[76,76,76,76,76,76,76,76,76,76,76,76,76,76,76,76,76,76,76,76,76,76,76,76,76,76,76,76,38,38,38,38,38],"card_choices":[{"not_picked":["Stack","Turbo"],"picked":"Defragment","floor":0},{"not_picked":["Turbo","Rebound"],"picked":"Sweeping Beam","floor":1},{"not_picked":["Coolheaded","Rebound"],"picked":"Ball Lightning","floor":3},{"not_picked":["Streamline","Steam"],"picked":"Genetic Algorithm","floor":5},{"not_picked":["Beam Cell","Compile Driver"],"picked":"Undo","floor":7},{"not_picked":["Multi-Cast","Leap"],"picked":"Go for the Eyes","floor":10},{"not_picked":["Double Energy","Melter"],"picked":"Genetic Algorithm","floor":11},{"not_picked":["Redo","Barrage"],"picked":"Turbo","floor":12},{"not_picked":["Electrodynamics","Thunder Strike"],"picked":"Echo Form","floor":16},{"not_picked":["Streamline","Gash"],"picked":"Skim","floor":18},{"not_picked":["Turbo","Compile Driver"],"picked":"Chill","floor":20},{"not_picked":["Streamline","Gash"],"picked":"Hologram","floor":24},{"not_picked":["Redo+1","Compile Driver"],"picked":"Skim","floor":27},{"not_picked":["Go for the Eyes","Hologram","Undo"],"picked":"SKIP","floor":31},{"not_picked":["Go for the Eyes","Hologram"],"picked":"Undo","floor":31}],"player_experience":1650477,"relics_obtained":[{"floor":9,"key":"Lantern"},{"floor":10,"key":"Bag of Preparation"},{"floor":12,"key":"Bottled Lightning"},{"floor":24,"key":"Incense Burner"},{"floor":26,"key":"Mummified Hand"},{"floor":31,"key":"Nunchaku"}],"event_choices":[{"damage_healed":0,"gold_gain":0,"player_choice":"Trade","damage_taken":0,"relics_obtained":["GremlinMask"],"max_hp_gain":0,"max_hp_loss":0,"event_name":"FaceTrader","floor":2,"gold_loss":0},{"damage_healed":0,"gold_gain":0,"player_choice":"Searched \u00271\u0027 times","damage_taken":0,"max_hp_gain":0,"max_hp_loss":0,"event_name":"Dead Adventurer","floor":12,"gold_loss":0},{"damage_healed":0,"gold_gain":0,"player_choice":"Obtained Relic","damage_taken":0,"relics_obtained":["Blue Candle"],"max_hp_gain":0,"max_hp_loss":0,"event_name":"Addict","floor":19,"gold_loss":85},{"damage_healed":0,"gold_gain":0,"player_choice":"Ignored","damage_taken":0,"max_hp_gain":0,"max_hp_loss":0,"event_name":"Vampires","floor":21,"gold_loss":0},{"damage_healed":0,"gold_gain":0,"player_choice":"Rummage","damage_taken":0,"relics_obtained":["WarpedTongs"],"max_hp_gain":0,"max_hp_loss":0,"event_name":"Accursed Blacksmith","floor":22,"gold_loss":0,"cards_obtained":["Pain"]},{"damage_healed":0,"gold_gain":50,"player_choice":"Stole From Cult","damage_taken":0,"max_hp_gain":0,"max_hp_loss":0,"event_name":"Nest","floor":28,"gold_loss":0},{"damage_healed":0,"gold_gain":0,"player_choice":"Became a Ghost","damage_taken":0,"max_hp_gain":0,"max_hp_loss":38,"event_name":"Ghosts","floor":29,"gold_loss":0,"cards_obtained":["Ghostly","Ghostly","Ghostly"]}],"is_beta":false,"boss_relics":[{"not_picked":["Sozu","White Beast Statue"],"picked":"Runic Dome"}],"items_purged_floors":[14],"is_endless":false,"potions_floor_spawned":[3,10,11,16,27,31],"killed_by":"Automaton","ascension_level":15}