{"gold_per_floor":[118,129,146,163,182,182,214,214,239,253,266,293,162,181,181,257,257,272,259,0,11,11,11,24,59,59,59,89,89,105,124,124,124],"floor_reached":33,"playtime":2042,"items_purged":["Strike_R","Strike_R"],"score":545,"play_id":"f0b90151-71cc-4e0d-88d6-984306ae146f","local_time":"20180925142655","is_ascension_mode":true,"campfire_choices":[{"data":"Clothesline","floor":6,"key":"SMITH"},{"floor":8,"key":"REST"},{"data":"Inflame","floor":15,"key":"SMITH"},{"data":"RitualDagger","floor":23,"key":"SMITH"},{"data":"True Grit","floor":29,"key":"SMITH"},{"data":"Headbutt","floor":32,"key":"SMITH"}],"neow_cost":"NONE","seed_source_timestamp":492497431876943,"circlet_count":0,"master_deck":["Strike_R","Strike_R","Strike_R","Defend_R","Defend_R","Defend_R","Defend_R","Bash+1","AscendersBane","Pummel","Thunderclap","True Grit+1","Headbutt+1","Clothesline+1","Anger","Inflame+1","Offering","Reaper","RitualDagger+1","Shockwave","Reaper","Battle Trance"],"relics":["Burning Blood","Singing Bowl","Bag of Preparation","Oddly Smooth Stone","Velvet Choker","Red Skull","Juzu Bracelet","Mummified Hand"],"potions_floor_usage":[5,7,12,21,33],"damage_taken":[{"damage":6,"enemies":"Cultist","floor":1,"turns":4},{"damage":12,"enemies":"Small Slimes","floor":2,"turns":4},{"damage":9,"enemies":"Jaw Worm","floor":3,"turns":3},{"damage":12,"enemies":"Blue Slaver","floor":4,"turns":5},{"damage":19,"enemies":"Lots of Slimes","floor":5,"turns":4},{"damage":22,"enemies":"Lagavulin","floor":7,"turns":6},{"damage":0,"enemies":"Red Slaver","floor":10,"turns":5},{"damage":4,"enemies":"2 Fungi Beasts","floor":11,"turns":4},{"damage":12,"enemies":"Gremlin Nob","floor":12,"turns":3},{"damage":0,"enemies":"Large Slime","floor":14,"turns":9},{"damage":4,"enemies":"Slime Boss","floor":16,"turns":8},{"damage":8,"enemies":"3 Byrds","floor":18,"turns":4},{"damage":22,"enemies":"2 Thieves","floor":19,"turns":4},{"damage":1,"enemies":"Snecko","floor":21,"turns":4},{"damage":28,"enemies":"Shelled Parasite and Fungi","floor":24,"turns":4},{"damage":35,"enemies":"Book of Stabbing","floor":25,"turns":5},{"damage":31,"enemies":"Gremlin Leader","floor":28,"turns":10},{"damage":42,"enemies":"3 Cultists","floor":30,"turns":5},{"damage":17,"enemies":"Centurion and Healer","floor":31,"turns":5},{"damage":146,"enemies":"Champ","floor":33,"turns":17}],"seed_played":"-1615424046154577783","potions_obtained":[{"floor":1,"key":"Poison Potion"},{"floor":5,"key":"SteroidPotion"},{"floor":7,"key":"Energy Potion"},{"floor":10,"key":"SpeedPotion"},{"floor":11,"key":"Strength Potion"},{"floor":19,"key":"BloodPotion"},{"floor":21,"key":"Weak Potion"}],"is_trial":false,"path_per_floor":["M","M","M","M","M","R","E","R","T","M","M","E","$","M","R","B",null,"M","M","$","M","?","R","M","E","T","?","E","R","M","M","R"],"character_chosen":"IRONCLAD","items_purchased":["Strength Potion","Reaper"],"campfire_rested":1,"item_purchase_floors":[13,20],"current_hp_per_floor":[68,62,59,53,40,40,26,49,49,57,59,55,55,61,61,63,77,77,63,63,87,81,81,66,47,47,47,72,72,73,86,86,0],"gold":124,"neow_bonus":"UPGRADE_CARD","is_prod":false,"is_daily":false,"chose_seed":false,"campfire_upgraded":5,"win_rate":0,"timestamp":1537878415,"path_taken":["M","M","M","M","M","R","E","R","T","M","?","E","$","M","R","BOSS","M","M","$","M","?","R","M","E","T","?","E","R","M","M","R","BOSS"],"build_version":"2018-09-20","purchased_purges":2,"victory":false,"max_hp_per_floor":[75,75,75,75,75,75,77,77,77,79,79,81,81,81,81,81,81,83,85,85,87,87,87,87,87,87,87,89,89,91,91,91,91],"card_choices":[{"not_picked":["Cleave","Havoc"],"picked":"Pummel","floor":1},{"not_picked":["Evolve","Sword Boomerang"],"picked":"Thunderclap","floor":2},{"not_picked":["Havoc","Sword Boomerang"],"picked":"True Grit","floor":3},{"not_picked":["Metallicize","Twin Strike"],"picked":"Headbutt","floor":4},{"not_picked":["Intimidate","Warcry"],"picked":"Clothesline","floor":5},{"not_picked":["Thunderclap","Metallicize","Carnage"],"picked":"Singing Bowl","floor":7},{"not_picked":["Metallicize","Whirlwind","Combust"],"picked":"Singing Bowl","floor":10},{"not_picked":["Rampage","Perfected Strike"],"picked":"Anger","floor":11},{"not_picked":["Anger","Warcry","Flex"],"picked":"Singing Bowl","floor":12},{"not_picked":["Warcry","Spot Weakness"],"picked":"Inflame","floor":14},{"not_picked":["Double Tap","Limit Break"],"picked":"Offering","floor":16},{"not_picked":["True Grit","Rupture","Seeing Red+1"],"picked":"Singing Bowl","floor":18},{"not_picked":["Thunderclap","Whirlwind","True Grit"],"picked":"Singing Bowl","floor":19},{"not_picked":["Cleave","Burning Pact+1","Heavy Blade"],"picked":"Singing Bowl","floor":21},{"not_picked":["Iron Wave","Shrug It Off"],"picked":"Shockwave","floor":24},{"not_picked":["Sentinel","Corruption"],"picked":"Reaper","floor":25},{"not_picked":["Combust","Flex","Perfected Strike"],"picked":"Singing Bowl","floor":28},{"not_picked":["Sword Boomerang","Cleave","Clothesline"],"picked":"Singing Bowl","floor":30},{"not_picked":["True Grit","Sword Boomerang+1"],"picked":"Battle Trance","floor":31}],"player_experience":1233037,"relics_obtained":[{"floor":7,"key":"Singing Bowl"},{"floor":9,"key":"Bag of Preparation"},{"floor":12,"key":"Oddly Smooth Stone"},{"floor":25,"key":"Red Skull"},{"floor":26,"key":"Juzu Bracelet"},{"floor":28,"key":"Mummified Hand"}],"event_choices":[{"event_name":"Nest","player_choice":"Joined the Cult","floor":22,"damage_taken":0},{"event_name":"N\u0027loth","player_choice":"Ignored","floor":27,"damage_taken":0}],"is_beta":false,"boss_relics":[{"not_picked":["Runic Cube","Mark of Pain"],"picked":"Velvet Choker"}],"items_purged_floors":[13,20],"is_endless":false,"potions_floor_spawned":[1,5,7,10,11,19,21,25,30],"killed_by":"Champ","ascension_level":16}