{"gold_per_floor":[114,129,15,15,31,59,70,70,97,124,124,124,150,167,167,245,245,257,274,189,189,199,232,232,232,287,187,187,206,221,36,36,113,113,126,176,176,187,93,126,126,154,179,179,198,198,232,265,265,265],"floor_reached":51,"playtime":3051,"items_purged":["Strike_B","Strike_B","Strike_B"],"score":1547,"play_id":"1c21c8a5-4fab-42e5-84d0-8ac95e73e4e0","local_time":"20180928194934","is_ascension_mode":true,"campfire_choices":[{"data":"Compile Driver","floor":8,"key":"SMITH"},{"data":"Go for the Eyes","floor":11,"key":"SMITH"},{"data":"Glacier","floor":15,"key":"SMITH"},{"data":"Glacier","floor":24,"key":"SMITH"},{"data":"Defend_B","floor":28,"key":"SMITH"},{"data":"Force Field","floor":32,"key":"SMITH"},{"data":"Defragment","floor":41,"key":"SMITH"},{"data":"Self Repair","floor":44,"key":"SMITH"},{"data":"Amplify","floor":49,"key":"SMITH"}],"neow_cost":"NONE","seed_source_timestamp":770038227046374,"circlet_count":0,"master_deck":["Strike_B+1","Defend_B","Defend_B","Defend_B","Defend_B+1","Zap","Dualcast","AscendersBane","FTL+1","BootSequence","Doom and Gloom+1","Compile Driver+1","White Noise","White Noise","Go for the Eyes+1","Glacier+1","Genetic Algorithm","Echo Form","Self Repair+1","Glacier+1","Force Field+1","Amplify+1","Defragment+1","Conserve Battery+1","Reboot","Skim+1"],"relics":["Cracked Core","Oddly Smooth Stone","Strawberry","Dream Catcher","Vajra","Thread and Needle","Coffee Dripper","Pear","Orichalcum","Mummified Hand","Regal Pillow","Sozu","WingedGreaves","Turnip","Whetstone","Anchor","Meat on the Bone"],"potions_floor_usage":[6,10,13,33,50],"damage_taken":[{"damage":1,"enemies":"2 Louse","floor":1,"turns":3},{"damage":0,"enemies":"Cultist","floor":2,"turns":4},{"damage":0,"enemies":"Small Slimes","floor":5,"turns":3},{"damage":24,"enemies":"3 Sentries","floor":6,"turns":4},{"damage":5,"enemies":"Looter","floor":7,"turns":3},{"damage":17,"enemies":"Lagavulin","floor":10,"turns":4},{"damage":0,"enemies":"3 Sentries","floor":13,"turns":4},{"damage":4,"enemies":"Large Slime","floor":14,"turns":4},{"damage":6,"enemies":"The Guardian","floor":16,"turns":12},{"damage":7,"enemies":"2 Thieves","floor":18,"turns":3},{"damage":0,"enemies":"Chosen","floor":19,"turns":4},{"damage":11,"enemies":"Shelled Parasite and Fungi","floor":22,"turns":6},{"damage":28,"enemies":"Gremlin Leader","floor":23,"turns":10},{"damage":1,"enemies":"Snecko","floor":29,"turns":5},{"damage":2,"enemies":"Snake Plant","floor":30,"turns":5},{"damage":17,"enemies":"Champ","floor":33,"turns":9},{"damage":0,"enemies":"3 Shapes","floor":35,"turns":6},{"damage":0,"enemies":"Orb Walker","floor":38,"turns":5},{"damage":31,"enemies":"Giant Head","floor":40,"turns":15},{"damage":22,"enemies":"Nemesis","floor":42,"turns":11},{"damage":0,"enemies":"3 Darklings","floor":45,"turns":6},{"damage":0,"enemies":"Giant Head","floor":47,"turns":12},{"damage":9,"enemies":"Nemesis","floor":48,"turns":9},{"damage":3,"enemies":"Donu and Deca","floor":50,"turns":9}],"seed_played":"-5441242686658360072","potions_obtained":[{"floor":1,"key":"Fire Potion"},{"floor":2,"key":"Energy Potion"},{"floor":5,"key":"Regen Potion"},{"floor":6,"key":"Weak Potion"},{"floor":22,"key":"SmokeBomb"},{"floor":23,"key":"Block Potion"},{"floor":30,"key":"Explosive Potion"},{"floor":33,"key":"Block Potion"}],"is_trial":false,"path_per_floor":["M","M","$","?","M","E","M","R","T","E","R","?","E","M","R","B",null,"M","M","?","?","M","E","R","T","T","$","R","M","M","$","R","B",null,"M","?","?","M","$","E","R","E","T","R","M","?","E","E","R","B"],"character_chosen":"DEFECT","items_purchased":["Doom and Gloom","Strength Potion","Defragment"],"campfire_rested":0,"item_purchase_floors":[3,31,39],"current_hp_per_floor":[63,63,63,63,63,57,52,52,52,35,35,35,42,45,45,39,68,61,61,71,71,67,46,46,46,46,46,46,52,57,57,57,47,78,85,77,77,84,84,67,67,52,52,52,62,62,82,84,84,84],"gold":265,"neow_bonus":"RANDOM_COMMON_RELIC","is_prod":false,"is_daily":false,"chose_seed":false,"campfire_upgraded":9,"win_rate":0,"timestamp":1538156974,"path_taken":["M","M","$","?","M","E","M","R","T","E","R","?","E","M","R","BOSS","M","M","?","?","M","E","R","?","T","$","R","M","M","$","R","BOSS","M","?","?","M","$","E","R","E","T","R","M","?","E","E","R","BOSS"],"build_version":"2018-09-27","purchased_purges":3,"victory":true,"max_hp_per_floor":[71,71,71,71,71,78,78,78,78,78,78,78,78,78,78,78,78,78,78,88,88,88,88,88,88,88,88,88,88,88,88,88,88,88,88,88,84,84,84,84,84,84,84,84,84,84,84,84,84,84],"card_choices":[{"not_picked":["Leap","Double Energy"],"picked":"FTL","floor":1},{"not_picked":["Gash","Turbo"],"picked":"BootSequence","floor":2},{"not_picked":["Gash","Streamline"],"picked":"Compile Driver","floor":5},{"not_picked":["Hologram","Streamline"],"picked":"White Noise","floor":6},{"not_picked":["Darkness","Amplify"],"picked":"White Noise","floor":7},{"not_picked":["Skim","Tempest"],"picked":"Go for the Eyes","floor":10},{"not_picked":["Gash","Lockon"],"picked":"Glacier","floor":13},{"not_picked":["Lockon","Hologram"],"picked":"Genetic Algorithm","floor":14},{"not_picked":["All For One","Creative AI"],"picked":"Echo Form","floor":16},{"not_picked":["Beam Cell","Gash","Streamline"],"picked":"SKIP","floor":18},{"not_picked":["Force Field","Hologram"],"picked":"Self Repair","floor":19},{"not_picked":["Redo","Static Discharge","Cold Snap"],"picked":"SKIP","floor":22},{"not_picked":["Lockon+1","Chill"],"picked":"Glacier","floor":23},{"not_picked":["Compile Driver","Turbo+1"],"picked":"Force Field","floor":29},{"not_picked":["Darkness","Leap","Beam Cell"],"picked":"SKIP","floor":30},{"not_picked":["Core Surge","Multi-Cast"],"picked":"Amplify","floor":33},{"not_picked":["Rebound","Recycle","Reprogram"],"picked":"SKIP","floor":35},{"not_picked":["Conserve Battery","Doom and Gloom","Auto Shields"],"picked":"SKIP","floor":38},{"not_picked":["Redo+1","Seek"],"picked":"Conserve Battery+1","floor":40},{"not_picked":["Fusion+1","Leap"],"picked":"Reboot","floor":42},{"not_picked":["Auto Shields","Sunder","Leap+1"],"picked":"SKIP","floor":45},{"not_picked":["Auto Shields","Leap+1"],"picked":"Sunder","floor":45},{"not_picked":["Go for the Eyes+1","Coolheaded","Beam Cell"],"picked":"SKIP","floor":47},{"not_picked":["Rainbow","Compile Driver"],"picked":"Skim+1","floor":48}],"player_experience":1279845,"relics_obtained":[{"floor":6,"key":"Strawberry"},{"floor":9,"key":"Dream Catcher"},{"floor":10,"key":"Vajra"},{"floor":13,"key":"Thread and Needle"},{"floor":23,"key":"Orichalcum"},{"floor":25,"key":"Mummified Hand"},{"floor":26,"key":"Regal Pillow"},{"floor":40,"key":"WingedGreaves"},{"floor":42,"key":"Turnip"},{"floor":43,"key":"Whetstone"},{"floor":47,"key":"Anchor"},{"floor":48,"key":"Meat on the Bone"}],"event_choices":[{"event_name":"Accursed Blacksmith","player_choice":"Forge","floor":4,"damage_taken":0},{"event_name":"Liars Game","player_choice":"disagreed","floor":12,"damage_taken":0},{"event_name":"Addict","player_choice":"Obtained Relic","floor":20,"damage_taken":0},{"event_name":"Ghosts","player_choice":"Ignored","floor":21,"damage_taken":0},{"event_name":"FaceTrader","player_choice":"Touch","floor":36,"damage_taken":0},{"event_name":"Winding Halls","player_choice":"Max HP","floor":37,"damage_taken":0},{"event_name":"Falling","player_choice":"Removed Attack","floor":46,"damage_taken":0}],"is_beta":false,"boss_relics":[{"not_picked":["Lizard Tail","Busted Crown"],"picked":"Coffee Dripper"},{"not_picked":["Astrolabe","Cursed Key"],"picked":"Sozu"}],"items_purged_floors":[3,27,31],"is_endless":false,"potions_floor_spawned":[1,2,5,6,22,23,30,33,38,47,48],"ascension_level":18}