{"gold_per_floor":[113,124,139,151,161,161,1,28,75,75,89,116,116,127,127,127],"floor_reached":16,"playtime":820,"items_purged":["Strike_G"],"score":278,"play_id":"4ecf45f5-3f4b-4030-92ab-9336cfbf02ae","local_time":"20181009020945","is_ascension_mode":true,"campfire_choices":[{"floor":6,"key":"REST"},{"data":"Dash","floor":10,"key":"SMITH"},{"data":"Corpse Explosion","floor":13,"key":"SMITH"},{"data":"Neutralize","floor":15,"key":"SMITH"}],"neow_cost":"NONE","seed_source_timestamp":1659225859162742,"circlet_count":0,"master_deck":["Defend_G","Defend_G","Defend_G","Defend_G","Defend_G","Strike_G","Strike_G+1","Strike_G","Strike_G+1","Survivor","Neutralize+1","AscendersBane","Bane","Deadly Poison","Noxious Fumes","Dagger Spray","Poisoned Stab","Dash+1","Corpse Explosion+1","Noxious Fumes","All Out Attack"],"relics":["Ring of the Snake","Bag of Marbles","Ornamental Fan","Whetstone","Bottled Lightning"],"potions_floor_usage":[8,11,12,16],"damage_taken":[{"damage":0,"enemies":"Cultist","floor":1,"turns":3},{"damage":2,"enemies":"Jaw Worm","floor":2,"turns":5},{"damage":0,"enemies":"2 Louse","floor":3,"turns":3},{"damage":29,"enemies":"Exordium Thugs","floor":4,"turns":7},{"damage":10,"enemies":"Lots of Slimes","floor":5,"turns":4},{"damage":0,"enemies":"3 Sentries","floor":8,"turns":6},{"damage":2,"enemies":"Large Slime","floor":11,"turns":6},{"damage":7,"enemies":"Gremlin Nob","floor":12,"turns":3},{"damage":9,"enemies":"Exordium Thugs","floor":14,"turns":5},{"damage":21,"enemies":"The Guardian","floor":16,"turns":6}],"seed_played":"-4282546705543278909","potions_obtained":[{"floor":3,"key":"SpeedPotion"},{"floor":5,"key":"SteroidPotion"},{"floor":8,"key":"AttackPotion"},{"floor":11,"key":"SkillPotion"}],"is_trial":false,"path_per_floor":["M","M","M","M","M","R","$","E","T","R","M","E","R","M","R"],"character_chosen":"THE_SILENT","items_purchased":["Dash"],"campfire_rested":1,"item_purchase_floors":[7],"current_hp_per_floor":[59,57,57,28,18,37,37,37,37,37,35,28,28,19,19,0],"gold":127,"neow_bonus":"RANDOM_COMMON_RELIC","is_prod":false,"is_daily":false,"chose_seed":false,"campfire_upgraded":3,"win_rate":0,"timestamp":1539043785,"path_taken":["M","M","M","M","M","R","?","E","T","R","M","E","R","M","R","BOSS"],"build_version":"2018-10-04v2","purchased_purges":1,"victory":false,"max_hp_per_floor":[66,66,66,66,66,66,66,66,66,66,66,66,66,66,66,66],"card_choices":[{"not_picked":["Deflect","Catalyst"],"picked":"Bane","floor":1},{"not_picked":["Sucker Punch","Bane"],"picked":"Deadly Poison","floor":2},{"not_picked":["Footwork","Cloak And Dagger"],"picked":"Noxious Fumes","floor":3},{"not_picked":["Predator","Finisher"],"picked":"Dagger Spray","floor":4},{"not_picked":["Distraction","PiercingWail"],"picked":"Poisoned Stab","floor":5},{"not_picked":["Flechettes","Quick Slash","Expertise"],"picked":"SKIP","floor":8},{"not_picked":["Backflip","Cloak And Dagger"],"picked":"Corpse Explosion","floor":11},{"not_picked":["Bouncing Flask","Concentrate"],"picked":"Noxious Fumes","floor":12},{"not_picked":["Sucker Punch","Bane"],"picked":"All Out Attack","floor":14}],"player_experience":1382672,"relics_obtained":[{"floor":8,"key":"Ornamental Fan"},{"floor":9,"key":"Whetstone"},{"floor":12,"key":"Bottled Lightning"}],"event_choices":[],"is_beta":false,"boss_relics":[],"items_purged_floors":[7],"is_endless":false,"potions_floor_spawned":[3,5,8,11],"killed_by":"The Guardian","ascension_level":20}