{"gold_per_floor":[114,124,144,160,173,204,204,238,261,291,301,301,321,22,22,99,99,119,119,119,129,144,144,176,35,35,55,55,55,107,49,49,127,127,137,137,187,205,221,283,283,313,313,313,313,313,326,326,326,326,326],"floor_reached":51,"playtime":2717,"items_purged":["Defend_B","Strike_B"],"score":1640,"play_id":"54e8a57d-0e98-47c9-b72a-a1b20adc3cff","local_time":"20181003012922","is_ascension_mode":true,"campfire_choices":[{"data":"Ball Lightning","floor":7,"key":"SMITH"},{"data":"Reinforced Body","floor":12,"key":"SMITH"},{"data":"Cold Snap","floor":15,"key":"SMITH"},{"data":"Biased Cognition","floor":23,"key":"SMITH"},{"data":"Defragment","floor":29,"key":"SMITH"},{"floor":32,"key":"REST"},{"floor":41,"key":"REST"},{"data":"Discovery","floor":44,"key":"SMITH"},{"data":"Reboot","floor":46,"key":"SMITH"},{"data":"Conserve Battery","floor":49,"key":"SMITH"}],"neow_cost":"TEN_PERCENT_HP_LOSS","seed_source_timestamp":1136048911820250,"circlet_count":0,"master_deck":["Defend_B","Defend_B","Defend_B","Zap","Dualcast","AscendersBane","Biased Cognition+1","Cold Snap+1","Genetic Algorithm","Reinforced Body+1","Ball Lightning+1","Hologram","Conserve Battery+1","Buffer","Seek","Buffer","Hologram+1","White Noise","Defragment+1","Chill","Turbo","Ball Lightning+1","Reboot+1","Master of Strategy","Discovery+1","Bandage Up","Melter+1","Storm+1","Electrodynamics","Force Field+1"],"relics":["Cracked Core","Gambling Chip","Pen Nib","Juzu Bracelet","Dream Catcher","Orichalcum","Runic Dome","MutagenicStrength","Potion Belt","PreservedInsect","Lantern","Sozu","Tiny Chest","Toxic Egg 2","Question Card","Ginger","Kunai"],"potions_floor_usage":[5,6,10,16,24,24,51,51,51],"damage_taken":[{"damage":0,"enemies":"Cultist","floor":1,"turns":4},{"damage":8,"enemies":"2 Louse","floor":2,"turns":2},{"damage":9,"enemies":"Jaw Worm","floor":3,"turns":3},{"damage":7,"enemies":"Looter","floor":4,"turns":4},{"damage":3,"enemies":"3 Louse","floor":5,"turns":7},{"damage":18,"enemies":"Gremlin Nob","floor":6,"turns":4},{"damage":14,"enemies":"3 Sentries","floor":8,"turns":7},{"damage":6,"enemies":"Lagavulin","floor":10,"turns":5},{"damage":0,"enemies":"Red Slaver","floor":11,"turns":2},{"damage":0,"enemies":"Blue Slaver","floor":13,"turns":3},{"damage":0,"enemies":"Hexaghost","floor":16,"turns":7},{"damage":0,"enemies":"Spheric Guardian","floor":18,"turns":6},{"damage":6,"enemies":"3 Byrds","floor":21,"turns":4},{"damage":1,"enemies":"Cultist and Chosen","floor":22,"turns":6},{"damage":39,"enemies":"Gremlin Leader","floor":24,"turns":6},{"damage":18,"enemies":"Chosen and Byrds","floor":27,"turns":7},{"damage":4,"enemies":"Champ","floor":33,"turns":12},{"damage":0,"enemies":"Orb Walker","floor":35,"turns":3},{"damage":0,"enemies":"3 Shapes","floor":38,"turns":5},{"damage":16,"enemies":"Spire Growth","floor":39,"turns":5},{"damage":11,"enemies":"Nemesis","floor":40,"turns":3},{"damage":0,"enemies":"Giant Head","floor":42,"turns":6},{"damage":0,"enemies":"Mind Bloom Boss Battle","floor":45,"turns":6},{"damage":0,"enemies":"4 Shapes","floor":47,"turns":4},{"damage":0,"enemies":"Donu and Deca","floor":50,"turns":4},{"damage":81,"enemies":"Awakened One","floor":51,"turns":13}],"seed_played":"-4761973173641435680","potions_obtained":[{"floor":3,"key":"Regen Potion"},{"floor":4,"key":"Strength Potion"},{"floor":5,"key":"Regen Potion"},{"floor":8,"key":"SkillPotion"},{"floor":11,"key":"Weak Potion"},{"floor":16,"key":"Block Potion"},{"floor":18,"key":"Regen Potion"},{"floor":22,"key":"Regen Potion"},{"floor":24,"key":"Regen Potion"},{"floor":27,"key":"Ancient Potion"}],"is_trial":false,"path_per_floor":["M","M","M","M","M","E","R","E","T","E","M","R","M","$","R","B",null,"M","?","?","M","M","R","E","$","T","M","?","R","T","$","R","B",null,"M","?","?","M","M","E","R","E","T","R","?","R","M","T","R","B"],"character_chosen":"DEFECT","items_purchased":["Orichalcum","PowerPotion","Defragment","AttackPotion"],"campfire_rested":2,"item_purchase_floors":[14,14,25,31],"current_hp_per_floor":[64,56,47,40,52,34,34,20,20,28,28,28,28,28,28,28,55,55,55,55,49,48,48,49,49,49,31,31,31,31,31,50,46,60,60,50,50,54,42,31,50,54,54,54,58,58,62,62,62,62,0],"gold":326,"neow_bonus":"TRANSFORM_TWO_CARDS","is_prod":false,"is_daily":false,"chose_seed":false,"campfire_upgraded":8,"win_rate":0,"timestamp":1538522962,"path_taken":["M","M","?","M","M","E","R","E","T","E","M","R","M","?","R","BOSS","M","?","?","M","M","R","E","$","T","M","?","R","?","?","R","BOSS","M","?","?","M","M","E","R","E","T","R","?","R","M","?","R","BOSS","BOSS"],"build_version":"2018-09-27","purchased_purges":2,"victory":false,"max_hp_per_floor":[64,64,64,64,64,64,64,64,64,64,64,64,64,64,64,64,64,64,64,64,64,64,64,64,64,64,64,64,64,64,64,64,64,64,64,64,64,64,64,64,64,64,64,64,64,64,64,64,64,64,64],"card_choices":[{"not_picked":["Steam","Rip and Tear","Turbo"],"picked":"SKIP","floor":1},{"not_picked":["Rip and Tear","Compile Driver"],"picked":"Genetic Algorithm","floor":2},{"not_picked":["Beam Cell","Steam","Steam Power"],"picked":"SKIP","floor":3},{"not_picked":["Streamline","Stack"],"picked":"Reinforced Body","floor":4},{"not_picked":["Genetic Algorithm","Scrape"],"picked":"Ball Lightning","floor":5},{"not_picked":["Auto Shields","Beam Cell"],"picked":"Hologram","floor":6},{"not_picked":["Force Field","Stack"],"picked":"Conserve Battery","floor":8},{"not_picked":["Rainbow","Stack"],"picked":"Buffer","floor":10},{"not_picked":["Steam","Hologram","Auto Shields"],"picked":"SKIP","floor":11},{"not_picked":["Loop","Beam Cell"],"picked":"Seek","floor":13},{"not_picked":["Amplify","Rainbow"],"picked":"Buffer","floor":16},{"not_picked":["Compile Driver","Coolheaded"],"picked":"Hologram+1","floor":18},{"not_picked":["Reprogram","Heatsinks","Turbo"],"picked":"SKIP","floor":21},{"not_picked":["Reprogram","Streamline"],"picked":"White Noise","floor":22},{"not_picked":["Force Field","Chaos","Static Discharge"],"picked":"SKIP","floor":24},{"not_picked":["Rip and Tear","Leap"],"picked":"Chill","floor":27},{"not_picked":["Turbo","Rebound"],"picked":"Ball Lightning+1","floor":32},{"not_picked":["Amplify","Meteor Strike"],"picked":"Reboot","floor":33},{"not_picked":["Darkness+1","Ball Lightning","Redo"],"picked":"SKIP","floor":35},{"not_picked":["Purity","Transmutation"],"picked":"Master of Strategy","floor":36},{"not_picked":["Forethought","Sadistic Nature"],"picked":"Discovery","floor":36},{"not_picked":["Good Instincts","Blind"],"picked":"Bandage Up","floor":36},{"not_picked":["Go for the Eyes","Hologram","Hello World"],"picked":"SKIP","floor":38},{"not_picked":["Blizzard","Ball Lightning","Steam Power"],"picked":"SKIP","floor":39},{"not_picked":["Go for the Eyes","Static Discharge","Coolheaded"],"picked":"SKIP","floor":40},{"not_picked":["Steam","Conserve Battery"],"picked":"Melter+1","floor":41},{"not_picked":["Heatsinks","Darkness+1"],"picked":"Storm+1","floor":42},{"not_picked":["Rebound","Chaos+1","Conserve Battery+1"],"picked":"Electrodynamics","floor":45},{"not_picked":["Sweeping Beam","Barrage","Steam+1"],"picked":"Force Field+1","floor":47}],"player_experience":1331433,"relics_obtained":[{"floor":6,"key":"Gambling Chip"},{"floor":8,"key":"Pen Nib"},{"floor":9,"key":"Juzu Bracelet"},{"floor":10,"key":"Dream Catcher"},{"floor":24,"key":"Potion Belt"},{"floor":26,"key":"PreservedInsect"},{"floor":30,"key":"Lantern"},{"floor":40,"key":"Tiny Chest"},{"floor":42,"key":"Toxic Egg 2"},{"floor":43,"key":"Question Card"},{"floor":45,"key":"Ginger"},{"floor":48,"key":"Kunai"}],"event_choices":[{"event_name":"Match and Keep!","player_choice":"0 cards matched","floor":19,"damage_taken":0},{"event_name":"Drug Dealer","player_choice":"Inject Mutagens","floor":20,"damage_taken":0},{"event_name":"Transmorgrifier","player_choice":"Transform","floor":28,"damage_taken":0},{"event_name":"SensoryStone","player_choice":"Memory 3","floor":36,"damage_taken":0},{"event_name":"Golden Shrine","player_choice":"Pray","floor":37,"damage_taken":0},{"event_name":"MindBloom","player_choice":"Fight","floor":45,"damage_taken":0}],"is_beta":false,"boss_relics":[{"not_picked":["White Beast Statue","Astrolabe"],"picked":"Runic Dome"},{"not_picked":["Philosopher\u0027s Stone","Coffee Dripper"],"picked":"Sozu"}],"items_purged_floors":[14,25],"is_endless":false,"potions_floor_spawned":[3,4,5,8,11,16,18,22,24,27,38,39,40,47],"killed_by":"Awakened One","ascension_level":20}