{"gold_per_floor":[116,116,136,211,211,239,239,259,335,361,361,379,412,428,428,524,524,535,535,545,545,260,260,185,185,185,255,269,125,125,137,137,235,235,251,251,251],"floor_reached":37,"playtime":2329,"items_purged":["Writhe"],"score":492,"play_id":"d2cf73c6-98cb-46b5-a845-a083fb085940","local_time":"20190310065129","is_ascension_mode":true,"campfire_choices":[{"data":"Zap","floor":7,"key":"SMITH"},{"floor":11,"key":"REST"},{"data":"Fusion","floor":15,"key":"SMITH"},{"data":"Creative AI","floor":23,"key":"SMITH"},{"data":"Capacitor","floor":25,"key":"SMITH"},{"data":"Go for the Eyes","floor":32,"key":"SMITH"}],"neow_cost":"NONE","seed_source_timestamp":47881561095191,"circlet_count":0,"master_deck":["Strike_B+1","Strike_B+1","Strike_B+1","Strike_B+1","Defend_B+1","Defend_B+1","Defend_B+1","Defend_B+1","Zap+1","Dualcast","Ball Lightning","Ball Lightning","Loop","Compile Driver","Fusion+1","Creative AI+1","Hyperbeam","Capacitor+1","Conserve Battery","Steam","Go for the Eyes+1","Meteor Strike","Conserve Battery","Bandage Up","Secret Technique"],"relics":["Cracked Core","NeowsBlessing","Happy Flower","Dodecahedron","Meat on the Bone","Pantograph","Runic Pyramid","Question Card","Membership Card","Ginger","Gremlin Horn","Kunai","Fusion Hammer"],"potions_floor_usage":[20],"damage_taken":[{"damage":0,"enemies":"Jaw Worm","floor":1,"turns":1},{"damage":0,"enemies":"Small Slimes","floor":3,"turns":1},{"damage":0,"enemies":"Lagavulin","floor":6,"turns":1},{"damage":6,"enemies":"2 Louse","floor":8,"turns":2},{"damage":25,"enemies":"3 Sentries","floor":10,"turns":5},{"damage":6,"enemies":"Looter","floor":12,"turns":2},{"damage":16,"enemies":"Gremlin Nob","floor":13,"turns":3},{"damage":15,"enemies":"2 Fungi Beasts","floor":14,"turns":3},{"damage":41,"enemies":"Slime Boss","floor":16,"turns":7},{"damage":23,"enemies":"Shell Parasite","floor":18,"turns":4},{"damage":6,"enemies":"3 Byrds","floor":20,"turns":3},{"damage":40,"enemies":"Shelled Parasite and Fungi","floor":28,"turns":5},{"damage":9,"enemies":"3 Cultists","floor":31,"turns":4},{"damage":51,"enemies":"Automaton","floor":33,"turns":12},{"damage":24,"enemies":"Orb Walker","floor":35,"turns":4}],"seed_played":"-7513790579684240599","potions_obtained":[{"floor":12,"key":"EssenceOfSteel"},{"floor":13,"key":"PowerPotion"},{"floor":31,"key":"Swift Potion"},{"floor":33,"key":"Strength Potion"}],"is_trial":false,"path_per_floor":["M","?","M","?","?","E","R","M","T","E","R","M","E","M","R","B",null,"M","?","M","?","$","R","?","R","T","T","M","$","?","M","R","B",null,"M","?","$"],"character_chosen":"DEFECT","items_purchased":["Membership Card","Capacitor","Conserve Battery","Go for the Eyes","Kunai"],"campfire_rested":1,"item_purchase_floors":[22,22,22,29,29],"current_hp_per_floor":[75,60,60,49,54,54,54,48,48,23,47,41,37,34,34,30,80,57,57,51,51,51,51,51,51,51,51,23,23,28,31,31,17,80,56,51,51],"gold":251,"neow_bonus":"THREE_ENEMY_KILL","is_prod":false,"is_daily":false,"chose_seed":false,"campfire_upgraded":5,"win_rate":0,"timestamp":1552193489,"path_taken":["M","?","M","?","?","E","R","M","T","E","R","M","E","M","R","BOSS","M","?","M","?","$","R","?","R","T","?","M","$","?","?","R","BOSS","M","?","$"],"build_version":"2019-01-23","purchased_purges":1,"victory":false,"max_hp_per_floor":[75,75,75,75,80,80,80,80,80,80,80,80,80,80,80,80,80,80,80,80,80,80,80,80,80,80,80,80,80,80,80,80,80,80,80,80,80],"card_choices":[{"not_picked":["Stack","Go for the Eyes"],"picked":"Beam Cell","floor":1},{"not_picked":["Auto Shields","Hologram"],"picked":"Ball Lightning","floor":3},{"not_picked":["Reprogram","Electrodynamics"],"picked":"Stack","floor":6},{"not_picked":["Steam","Go for the Eyes"],"picked":"Ball Lightning","floor":8},{"not_picked":["Rebound","Multi-Cast"],"picked":"Loop","floor":10},{"not_picked":["Turbo","Coolheaded"],"picked":"Compile Driver","floor":12},{"not_picked":["Steam Power","Blizzard"],"picked":"Fusion","floor":13},{"not_picked":["Cold Snap","Stack","Sunder"],"picked":"SKIP","floor":14},{"not_picked":["Multi-Cast","Reboot"],"picked":"Creative AI","floor":16},{"not_picked":["Barrage","Stack","Streamline"],"picked":"SKIP","floor":18},{"not_picked":["Beam Cell","Turbo","Go for the Eyes"],"picked":"Hyperbeam","floor":20},{"not_picked":["Beam Cell","Sweeping Beam","Force Field"],"picked":"Steam","floor":28},{"not_picked":["Steam","Streamline","Cold Snap","Darkness"],"picked":"SKIP","floor":31},{"not_picked":["Amplify","Machine Learning","Rainbow"],"picked":"Meteor Strike","floor":33},{"not_picked":["Steam+1","Ball Lightning+1","Leap+1"],"picked":"Conserve Battery","floor":35},{"not_picked":["Blind","PanicButton","Mind Blast"],"picked":"Bandage Up","floor":36},{"not_picked":["Violence","Deep Breath","Sadistic Nature"],"picked":"Secret Technique","floor":36}],"player_experience":744466,"relics_obtained":[{"floor":6,"key":"Happy Flower"},{"floor":9,"key":"Dodecahedron"},{"floor":10,"key":"Meat on the Bone"},{"floor":13,"key":"Pantograph"},{"floor":26,"key":"Ginger"},{"floor":27,"key":"Gremlin Horn"}],"event_choices":[{"damage_healed":0,"gold_gain":0,"player_choice":"Entered Light","damage_taken":15,"max_hp_gain":0,"max_hp_loss":0,"event_name":"Shining Light","floor":2,"gold_loss":0,"cards_upgraded":["Defend_B","Strike_B"]},{"damage_healed":0,"gold_gain":75,"player_choice":"Gather Gold","damage_taken":11,"max_hp_gain":0,"max_hp_loss":0,"event_name":"World of Goop","floor":4,"gold_loss":0},{"damage_healed":0,"gold_gain":0,"player_choice":"Donut","damage_taken":0,"max_hp_gain":5,"max_hp_loss":0,"event_name":"Big Fish","floor":5,"gold_loss":0},{"damage_healed":0,"gold_gain":0,"player_choice":"Opened","damage_taken":0,"relics_obtained":["Question Card"],"max_hp_gain":0,"max_hp_loss":0,"event_name":"The Mausoleum","floor":19,"gold_loss":0,"cards_obtained":["Writhe"]},{"damage_healed":0,"gold_gain":0,"player_choice":"Simplicity","damage_taken":0,"max_hp_gain":0,"max_hp_loss":0,"event_name":"Back to Basics","floor":21,"gold_loss":0,"cards_upgraded":["Strike_B","Strike_B","Strike_B","Defend_B","Defend_B","Defend_B"]},{"cards_removed":["Stack"],"damage_healed":0,"gold_gain":0,"player_choice":"Gave Gold","damage_taken":0,"max_hp_gain":0,"max_hp_loss":0,"event_name":"Beggar","floor":24,"gold_loss":75},{"cards_removed":["Beam Cell"],"damage_healed":5,"gold_gain":0,"player_choice":"Offered Common","damage_taken":0,"max_hp_gain":0,"max_hp_loss":0,"event_name":"Bonfire Elementals","floor":30,"gold_loss":0},{"cards_removed":["Beam Cell"],"damage_healed":5,"gold_gain":0,"player_choice":"Offered Special","damage_taken":0,"max_hp_gain":0,"max_hp_loss":0,"event_name":"Bonfire Elementals","floor":30,"gold_loss":0},{"damage_healed":0,"gold_gain":0,"player_choice":"Memory 2","damage_taken":5,"max_hp_gain":0,"max_hp_loss":0,"event_name":"SensoryStone","floor":36,"gold_loss":0}],"is_beta":false,"boss_relics":[{"not_picked":["Calling Bell","FrozenCore"],"picked":"Runic Pyramid"},{"not_picked":["Black Star","Astrolabe"],"picked":"Fusion Hammer"}],"items_purged_floors":[22],"is_endless":false,"potions_floor_spawned":[12,13,31,33],"ascension_level":4}