{"gold_per_floor":[118,89,49,49,65,65,96,19,43,19,19,32,70,84,84,215,215,239,239,41,241,266,266,266],"floor_reached":24,"playtime":848,"items_purged":["Writhe"],"score":295,"play_id":"8439c806-efbb-4ed6-8bdc-9188169467e9","local_time":"20190308014057","is_ascension_mode":true,"campfire_choices":[{"data":"Sunder","floor":6,"key":"SMITH"},{"data":"Go for the Eyes","floor":11,"key":"SMITH"},{"data":"Zap","floor":15,"key":"SMITH"},{"data":"Defragment","floor":23,"key":"SMITH"}],"neow_cost":"NONE","seed_source_timestamp":48497637149099,"circlet_count":0,"master_deck":["Strike_B","Strike_B","Strike_B","Strike_B","Defend_B","Defend_B","Defend_B","Defend_B","Zap+1","Dualcast","Steam","Sunder+1","Cold Snap","Go for the Eyes+1","Capacitor","Turbo","Compile Driver","Cold Snap","Machine Learning","Creative AI","Defragment+1","Leap","Conserve Battery+1"],"relics":["Cracked Core","NeowsBlessing","Golden Idol","Lantern","DataDisk","Cables","Snecko Eye","Mercury Hourglass"],"potions_floor_usage":[13,13,13,16],"damage_taken":[{"damage":0,"enemies":"Small Slimes","floor":1,"turns":1},{"damage":0,"enemies":"2 Louse","floor":5,"turns":1},{"damage":0,"enemies":"Gremlin Nob","floor":7,"turns":1},{"damage":0,"enemies":"Jaw Worm","floor":12,"turns":2},{"damage":5,"enemies":"3 Sentries","floor":13,"turns":6},{"damage":0,"enemies":"Large Slime","floor":14,"turns":3},{"damage":33,"enemies":"Hexaghost","floor":16,"turns":9},{"damage":7,"enemies":"Spheric Guardian","floor":18,"turns":3},{"damage":16,"enemies":"3 Byrds","floor":22,"turns":4},{"damage":40,"enemies":"Snake Plant","floor":24,"turns":2}],"seed_played":"7924229071421529790","potions_obtained":[{"floor":5,"key":"FocusPotion"},{"floor":12,"key":"EntropicBrew"},{"floor":18,"key":"EssenceOfSteel"}],"is_trial":false,"path_per_floor":["M","?","$","?","M","R","E","$","T","$","R","M","E","M","R","B",null,"M","?","$","?","M","R","M"],"character_chosen":"DEFECT","items_purchased":["Sunder","Capacitor","Turbo","Defragment","Leap"],"campfire_rested":0,"item_purchase_floors":[3,8,10,20,20],"current_hp_per_floor":[68,68,68,68,68,68,68,68,68,68,68,68,63,63,63,30,59,52,52,52,52,36,36,0],"gold":266,"neow_bonus":"THREE_ENEMY_KILL","is_prod":false,"is_daily":false,"chose_seed":false,"campfire_upgraded":4,"win_rate":0,"timestamp":1552038057,"path_taken":["M","?","$","?","M","R","E","$","T","?","R","M","E","M","R","BOSS","M","?","$","?","M","R","M"],"build_version":"2019-01-23","purchased_purges":1,"victory":false,"max_hp_per_floor":[75,75,75,69,69,69,69,69,69,69,69,69,69,69,69,69,69,69,69,69,69,69,69,69],"card_choices":[{"not_picked":["Turbo","Double Energy"],"picked":"Steam","floor":1},{"not_picked":["Lockon","Gash"],"picked":"Cold Snap","floor":5},{"not_picked":["Blizzard","Gash"],"picked":"Go for the Eyes","floor":7},{"not_picked":["Tempest","Barrage"],"picked":"Compile Driver","floor":12},{"not_picked":["Go for the Eyes","Hologram"],"picked":"Cold Snap","floor":13},{"not_picked":["Go for the Eyes","Rebound"],"picked":"Machine Learning","floor":14},{"not_picked":["Fission","Buffer"],"picked":"Creative AI","floor":16},{"not_picked":["Genetic Algorithm","Stack+1","Go for the Eyes"],"picked":"SKIP","floor":18},{"not_picked":["Steam+1","Lockon+1"],"picked":"Conserve Battery+1","floor":22}],"player_experience":367233,"relics_obtained":[{"floor":7,"key":"Lantern"},{"floor":9,"key":"DataDisk"},{"floor":13,"key":"Cables"}],"event_choices":[{"damage_healed":0,"gold_gain":0,"player_choice":"Left Gold","damage_taken":0,"max_hp_gain":0,"max_hp_loss":0,"event_name":"World of Goop","floor":2,"gold_loss":29},{"damage_healed":0,"gold_gain":0,"player_choice":"Lose Max HP","damage_taken":0,"relics_obtained":["Golden Idol"],"max_hp_gain":0,"max_hp_loss":6,"event_name":"Golden Idol","floor":4,"gold_loss":0},{"damage_healed":0,"gold_gain":0,"player_choice":"Opened","damage_taken":0,"relics_obtained":["Mercury Hourglass"],"max_hp_gain":0,"max_hp_loss":0,"event_name":"The Mausoleum","floor":19,"gold_loss":0,"cards_obtained":["Writhe"]},{"damage_healed":0,"gold_gain":200,"player_choice":"Gold","damage_taken":0,"max_hp_gain":0,"max_hp_loss":0,"event_name":"Wheel of Change","floor":21,"gold_loss":0}],"is_beta":false,"boss_relics":[{"not_picked":["Inserter","Fusion Hammer"],"picked":"Snecko Eye"}],"items_purged_floors":[20],"is_endless":false,"potions_floor_spawned":[5,12,18],"killed_by":"Snake Plant","ascension_level":6}