{"gold_per_floor":[361,380,10,10,22,22,56,56,56,75,75,109,109,142,142,217,217,233,233,248,260,260,260,260,286,286,306,333,352,378,404,404,481,481,493,510,98,110,123,123,154,502,549,549,549,549,244,262,262,262],"floor_reached":51,"playtime":3424,"items_purged":["Strike_G","Strike_G"],"score":1305,"play_id":"6331f77f-23d4-4ce6-888a-b6523b6b8051","local_time":"20180924232747","is_ascension_mode":true,"campfire_choices":[{"data":"All Out Attack","floor":6,"key":"SMITH"},{"data":"A Thousand Cuts","floor":8,"key":"SMITH"},{"data":"Leg Sweep","floor":11,"key":"SMITH"},{"data":"Flying Knee","floor":15,"key":"SMITH"},{"data":"Cloak And Dagger","floor":23,"key":"SMITH"},{"floor":32,"key":"REST"},{"data":"A Thousand Cuts","floor":40,"key":"SMITH"},{"floor":44,"key":"REST"},{"data":"A Thousand Cuts","floor":46,"key":"SMITH"},{"floor":49,"key":"REST"}],"neow_cost":"TEN_PERCENT_HP_LOSS","seed_source_timestamp":437151106198628,"circlet_count":0,"master_deck":["Defend_G","Defend_G+1","Defend_G","Defend_G+1","Defend_G","Strike_G","Strike_G","Strike_G","Survivor","Neutralize","AscendersBane","Predator","Leg Sweep+1","Well Laid Plans","All Out Attack+1","A Thousand Cuts+1","Backflip","PiercingWail","Cloak And Dagger+1","Backflip","Endless Agony","Backflip","A Thousand Cuts+1","After Image","A Thousand Cuts+1","PiercingWail"],"relics":["Ring of the Snake","Kunai","The Specimen","Gremlin Horn","Paper Crane","Bag of Preparation","Letter Opener","Sozu","FaceOfCleric","Mercury Hourglass","Peace Pipe","Incense Burner","Snake Skull","Red Mask","Busted Crown","Matryoshka","Boot","Old Coin","Oddly Smooth Stone","War Paint","Cauldron"],"potions_floor_usage":[12,50],"damage_taken":[{"damage":0,"enemies":"Jaw Worm","floor":1,"turns":6},{"damage":0,"enemies":"Cultist","floor":2,"turns":3},{"damage":0,"enemies":"Small Slimes","floor":5,"turns":5},{"damage":9,"enemies":"Lagavulin","floor":7,"turns":12},{"damage":1,"enemies":"Red Slaver","floor":10,"turns":4},{"damage":6,"enemies":"Gremlin Nob","floor":12,"turns":4},{"damage":16,"enemies":"3 Sentries","floor":14,"turns":5},{"damage":1,"enemies":"Slime Boss","floor":16,"turns":8},{"damage":2,"enemies":"Chosen","floor":18,"turns":5},{"damage":11,"enemies":"Spheric Guardian","floor":20,"turns":4},{"damage":4,"enemies":"Snake Plant","floor":21,"turns":6},{"damage":7,"enemies":"Book of Stabbing","floor":25,"turns":7},{"damage":0,"enemies":"Cultist and Chosen","floor":27,"turns":5},{"damage":18,"enemies":"Slavers","floor":28,"turns":5},{"damage":4,"enemies":"Shelled Parasite and Fungi","floor":29,"turns":4},{"damage":14,"enemies":"Book of Stabbing","floor":30,"turns":6},{"damage":0,"enemies":"Masked Bandits","floor":31,"turns":3},{"damage":4,"enemies":"Automaton","floor":33,"turns":9},{"damage":0,"enemies":"3 Darklings","floor":35,"turns":3},{"damage":0,"enemies":"3 Shapes","floor":36,"turns":4},{"damage":32,"enemies":"Spire Growth","floor":38,"turns":6},{"damage":0,"enemies":"Sphere and 2 Shapes","floor":39,"turns":3},{"damage":10,"enemies":"Giant Head","floor":41,"turns":10},{"damage":0,"enemies":"Mysterious Sphere","floor":42,"turns":2},{"damage":0,"enemies":"4 Shapes","floor":48,"turns":2},{"damage":15,"enemies":"Time Eater","floor":50,"turns":12}],"seed_played":"2952411679088537079","potions_obtained":[{"floor":5,"key":"PowerPotion"},{"floor":10,"key":"Swift Potion"},{"floor":16,"key":"Weak Potion"}],"is_trial":false,"path_per_floor":["M","M","$","?","M","R","E","R","T","M","R","E","?","E","R","B",null,"M","?","M","M","?","R","?","E","T","M","E","M","E","?","R","B",null,"M","M","$","M","M","R","E","?","T","R","?","R","$","M","R","B"],"character_chosen":"THE_SILENT","items_purchased":["Kunai","Well Laid Plans","Matryoshka","A Thousand Cuts","Cauldron"],"campfire_rested":3,"item_purchase_floors":[3,3,37,37,47],"current_hp_per_floor":[59,59,59,64,64,64,55,55,55,54,54,48,48,32,32,31,57,55,55,44,40,75,75,75,69,69,70,53,50,37,38,62,59,76,77,78,78,47,48,48,39,40,40,66,66,66,66,67,89,75],"gold":262,"neow_bonus":"TWO_FIFTY_GOLD","is_prod":false,"is_daily":false,"chose_seed":false,"campfire_upgraded":7,"win_rate":0,"timestamp":1537824467,"path_taken":["M","M","$","?","M","R","E","R","T","M","R","E","?","E","R","BOSS","M","?","M","M","?","R","?","E","T","M","E","M","E","?","R","BOSS","M","M","$","M","M","R","E","?","T","R","?","R","$","M","R","BOSS"],"build_version":"2018-09-20","purchased_purges":2,"victory":true,"max_hp_per_floor":[60,60,60,65,65,65,65,65,65,65,65,65,65,65,65,65,65,65,65,65,65,75,75,75,76,76,77,78,79,80,81,81,82,82,83,84,84,85,86,86,87,88,88,88,88,88,88,89,89,90],"card_choices":[{"not_picked":["Outmaneuver","Dodge and Roll"],"picked":"Predator","floor":1},{"not_picked":["Prepared","Deadly Poison"],"picked":"Leg Sweep","floor":2},{"not_picked":["Sucker Punch","Backflip"],"picked":"All Out Attack","floor":5},{"not_picked":["Masterful Stab","Poisoned Stab"],"picked":"A Thousand Cuts","floor":7},{"not_picked":["Deflect","Expertise","Setup"],"picked":"SKIP","floor":10},{"not_picked":["Choke","All Out Attack"],"picked":"Flying Knee","floor":12},{"not_picked":["Deadly Poison","Quick Slash"],"picked":"Backflip","floor":14},{"not_picked":["Storm of Steel","Envenom"],"picked":"A Thousand Cuts","floor":16},{"not_picked":["Dagger Throw","All Out Attack","Caltrops"],"picked":"SKIP","floor":18},{"not_picked":["Underhanded Strike","Concentrate"],"picked":"Cloak And Dagger","floor":20},{"not_picked":["Finisher","Leg Sweep"],"picked":"Backflip","floor":21},{"not_picked":["Reflex","Blur"],"picked":"Endless Agony","floor":25},{"not_picked":["Dagger Spray","Deflect","Poisoned Stab"],"picked":"SKIP","floor":27},{"not_picked":["Concentrate+1","Well Laid Plans","Dagger Spray+1"],"picked":"SKIP","floor":28},{"not_picked":["Quick Slash","Terror"],"picked":"Backflip","floor":29},{"not_picked":["Dagger Throw","Accuracy"],"picked":"A Thousand Cuts","floor":30},{"not_picked":["Storm of Steel","Glass Knife"],"picked":"After Image","floor":33},{"not_picked":["Blade Dance"],"picked":"SKIP","floor":35},{"not_picked":["Flying Knee"],"picked":"SKIP","floor":36},{"not_picked":["Finisher"],"picked":"SKIP","floor":38},{"not_picked":[],"picked":"PiercingWail","floor":39},{"not_picked":["Infinite Blades"],"picked":"SKIP","floor":41},{"not_picked":["Slice"],"picked":"SKIP","floor":48}],"player_experience":1226601,"relics_obtained":[{"floor":7,"key":"The Specimen"},{"floor":9,"key":"Gremlin Horn"},{"floor":12,"key":"Paper Crane"},{"floor":13,"key":"Bag of Preparation"},{"floor":14,"key":"Letter Opener"},{"floor":25,"key":"Mercury Hourglass"},{"floor":26,"key":"Peace Pipe"},{"floor":28,"key":"Incense Burner"},{"floor":30,"key":"Snake Skull"},{"floor":31,"key":"Red Mask"},{"floor":41,"key":"Boot"},{"floor":42,"key":"Old Coin"},{"floor":43,"key":"Oddly Smooth Stone"},{"floor":43,"key":"War Paint"}],"event_choices":[{"event_name":"Big Fish","player_choice":"Donut","floor":4,"damage_taken":0},{"event_name":"Wheel of Change","player_choice":"Relic","floor":13,"damage_taken":0},{"event_name":"The Library","player_choice":"Read","floor":19,"damage_taken":0},{"event_name":"Bonfire Elementals","player_choice":"RARE","floor":22,"damage_taken":0},{"event_name":"FaceTrader","player_choice":"Trade","floor":24,"damage_taken":0},{"event_name":"Masked Bandits","player_choice":"Fought Bandits","floor":31,"damage_taken":0},{"event_name":"Mysterious Sphere","player_choice":"Fight","floor":42,"damage_taken":0},{"event_name":"Falling","player_choice":"Removed Attack","floor":45,"damage_taken":0}],"is_beta":false,"boss_relics":[{"not_picked":["Lizard Tail","White Beast Statue"],"picked":"Sozu"},{"not_picked":["Black Star","Empty Cage"],"picked":"Busted Crown"}],"items_purged_floors":[3,47],"is_endless":false,"potions_floor_spawned":[5,10,16,18,21,28,29,30,38,48],"ascension_level":15}