{"gold_per_floor":[115,133,133,308,42,42,76,76,99,99,116,142,142,159,159,260,260,241,261,276,289,303,303,335,347,347,347,39,56,56,69,69,173,173,189,189,289,18,28,60,60],"floor_reached":41,"playtime":8644,"items_purged":["Doubt","Strike_G","Grand Finale+1"],"score":657,"play_id":"7da8cd51-9be2-48bb-a3e4-e4b4a7fd8d1b","local_time":"20190226141416","is_ascension_mode":true,"campfire_choices":[{"data":"Footwork","floor":6.0,"key":"SMITH"},{"data":"Backflip","floor":8.0,"key":"SMITH"},{"data":"Skewer","floor":13.0,"key":"SMITH"},{"floor":15.0,"key":"REST"},{"floor":23,"key":"REST"},{"data":"After Image","floor":27,"key":"SMITH"},{"floor":30,"key":"REST"},{"data":"Footwork","floor":32,"key":"SMITH"}],"neow_cost":"NONE","seed_source_timestamp":1069770017332300,"circlet_count":0,"master_deck":["Defend_G","Defend_G","Defend_G","Defend_G","Defend_G","Survivor","Neutralize+1","Footwork+1","Backflip+1","Unload","Dagger Throw","PiercingWail","Skewer+1","After Image+1","A Thousand Cuts","Unload+1","Tools of the Trade+1","Cloak And Dagger+1","Tactician+1","Dash","Dodge and Roll+1","Underhanded Strike+1","Footwork+1","Noxious Fumes","Corpse Explosion","Noxious Fumes","PiercingWail","Cloak And Dagger","Deadly Poison+1","Panacea","Crippling Poison+1"],"special_seed":0,"relics":["Ring of the Snake","Question Card","Bronze Scales","GremlinMask","Shuriken","Astrolabe","Pantograph","Gambling Chip","Runic Pyramid","Vajra","Molten Egg 2"],"potions_floor_usage":[16,20,22,24,31,33,40],"damage_taken":[{"damage":2.0,"enemies":"Cultist","floor":1.0,"turns":5.0},{"damage":5.0,"enemies":"Small Slimes","floor":2.0,"turns":7.0},{"damage":16.0,"enemies":"3 Sentries","floor":7.0,"turns":13.0},{"damage":0.0,"enemies":"Jaw Worm","floor":11.0,"turns":3.0},{"damage":8.0,"enemies":"Lagavulin","floor":12.0,"turns":9.0},{"damage":0.0,"enemies":"Gremlin Gang","floor":14.0,"turns":7.0},{"damage":15,"enemies":"Slime Boss","floor":16,"turns":14},{"damage":6,"enemies":"2 Thieves","floor":18,"turns":4},{"damage":0,"enemies":"Shell Parasite","floor":19,"turns":7},{"damage":37,"enemies":"Cultist and Chosen","floor":20,"turns":10},{"damage":0,"enemies":"Snake Plant","floor":21,"turns":6},{"damage":0,"enemies":"3 Cultists","floor":22,"turns":7},{"damage":6,"enemies":"Gremlin Leader","floor":24,"turns":5},{"damage":8,"enemies":"Centurion and Healer","floor":25,"turns":9},{"damage":18,"enemies":"Snecko","floor":29,"turns":6},{"damage":0,"enemies":"3 Cultists","floor":31,"turns":3},{"damage":19,"enemies":"Champ","floor":33,"turns":15},{"damage":0,"enemies":"Orb Walker","floor":35,"turns":4},{"damage":0,"enemies":"3 Darklings","floor":39,"turns":5},{"damage":42,"enemies":"Nemesis","floor":40,"turns":11},{"damage":43,"enemies":"Jaw Worm Horde","floor":41,"turns":5}],"seed_played":"4444487011841355700","potions_obtained":[{"floor":1.0,"key":"EssenceOfSteel"},{"floor":2.0,"key":"SpeedPotion"},{"floor":16,"key":"GamblersBrew"},{"floor":21,"key":"SteroidPotion"},{"floor":22,"key":"FearPotion"},{"floor":24,"key":"Explosive Potion"},{"floor":29,"key":"GhostInAJar"},{"floor":35,"key":"PowerPotion"},{"floor":40,"key":"FairyPotion"}],"is_trial":false,"path_per_floor":["M","M","?","?","$","R","E","R","T","?","M","E","R","M","R","B",null,"M","M","M","M","M","R","E","M","T","R","$","M","R","M","R","B",null,"M","?","?","$","M","E","M"],"character_chosen":"THE_SILENT","items_purchased":["Unload","AttackPotion","Corpse Explosion","Noxious Fumes","PiercingWail","Vajra"],"campfire_rested":3,"item_purchase_floors":[5,5,28,28,28,38],"current_hp_per_floor":[61,56,49,49,49,49,33,33,33,33,33,25,25,25,46,31,60,54,54,17,17,17,38,32,24,24,24,24,6,27,27,27,33,61,61,61,61,61,61,19,0],"gold":60,"neow_bonus":"UPGRADE_CARD","is_prod":false,"is_daily":false,"chose_seed":false,"campfire_upgraded":5,"win_rate":0,"timestamp":1551208456,"path_taken":["M","M","?","?","$","R","E","R","T","?","M","E","R","M","R","BOSS","M","M","?","M","?","R","E","M","T","R","?","M","R","M","R","BOSS","M","?","?","$","?","E","M"],"build_version":"2019-01-23","purchased_purges":3,"victory":false,"max_hp_per_floor":[70,70,70,70,70,70,70,70,70,70,70,70,70,70,70,70,70,70,70,70,70,70,70,70,70,70,70,70,70,70,70,70,70,70,70,70,70,70,70,70,70],"card_choices":[{"not_picked":["PiercingWail","Bane"],"picked":"Footwork","floor":1.0},{"not_picked":["Eviscerate","Flying Knee"],"picked":"Backflip","floor":2.0},{"not_picked":["Heel Hook","All Out Attack"],"picked":"Dagger Throw","floor":7.0},{"not_picked":["Outmaneuver","Backstab","Footwork"],"picked":"PiercingWail","floor":11.0},{"not_picked":["Outmaneuver","Concentrate","Bouncing Flask"],"picked":"Skewer","floor":12.0},{"not_picked":["Poisoned Stab","Concentrate","Quick Slash"],"picked":"After Image","floor":14.0},{"not_picked":["Venomology","Night Terror","Grand Finale"],"picked":"A Thousand Cuts","floor":16},{"not_picked":["Catalyst","Sucker Punch","Heel Hook"],"picked":"Cloak And Dagger+1","floor":18},{"not_picked":["Endless Agony","Escape Plan","Slice"],"picked":"Tactician+1","floor":19},{"not_picked":["Bane+1","Deadly Poison","Dagger Spray"],"picked":"Dash","floor":20},{"not_picked":["Quick Slash+1","Leg Sweep","PiercingWail"],"picked":"Dodge and Roll+1","floor":21},{"not_picked":["Distraction+1","Heel Hook+1","Flying Knee"],"picked":"Underhanded Strike+1","floor":22},{"not_picked":["Tactician+1","Malaise","Dagger Spray"],"picked":"Footwork","floor":24},{"not_picked":["Blade Dance","Deflect","Dagger Throw"],"picked":"Noxious Fumes","floor":25},{"not_picked":["Skewer+1","Flechettes+1","Flying Knee"],"picked":"Cloak And Dagger","floor":29},{"not_picked":["Slice","Blade Dance","Outmaneuver","Underhanded Strike"],"picked":"SKIP","floor":31},{"not_picked":["Blade Dance","Poisoned Stab+1","Endless Agony+1"],"picked":"Deadly Poison+1","floor":35},{"not_picked":["Thinking Ahead","Deep Breath","Trip"],"picked":"Panacea","floor":36},{"not_picked":["Poisoned Stab","Blade Dance","Dash+1"],"picked":"Crippling Poison+1","floor":39},{"not_picked":["Poisoned Stab+1","Riddle With Holes","Infinite Blades+1","Predator+1"],"picked":"SKIP","floor":40}],"player_experience":292672,"relics_obtained":[{"floor":7.0,"key":"Question Card"},{"floor":9.0,"key":"Bronze Scales"},{"floor":12.0,"key":"Shuriken"},{"floor":24,"key":"Pantograph"},{"floor":26,"key":"Gambling Chip"},{"floor":40,"key":"Molten Egg 2"}],"event_choices":[{"cards_removed":["Strike_G"],"damage_healed":0.0,"max_hp_gain":0.0,"max_hp_loss":0.0,"gold_gain":0.0,"event_name":"Golden Wing","player_choice":"Card Removal","floor":3.0,"gold_loss":0.0,"damage_taken":7.0},{"damage_healed":0.0,"max_hp_gain":0.0,"max_hp_loss":0.0,"gold_gain":175.0,"event_name":"Liars Game","player_choice":"AGREE","floor":4.0,"gold_loss":0.0,"damage_taken":0.0,"cards_obtained":["Doubt"]},{"damage_healed":0.0,"max_hp_gain":0.0,"max_hp_loss":0.0,"gold_gain":0.0,"event_name":"FaceTrader","player_choice":"Trade","floor":10.0,"gold_loss":0.0,"damage_taken":0.0,"relics_obtained":["GremlinMask"]},{"damage_healed":0,"gold_gain":0,"player_choice":"Memory 1","damage_taken":0,"max_hp_gain":0,"max_hp_loss":0,"event_name":"SensoryStone","floor":36,"gold_loss":0},{"damage_healed":0,"gold_gain":100,"player_choice":"Pray","damage_taken":0,"max_hp_gain":0,"max_hp_loss":0,"event_name":"Golden Shrine","floor":37,"gold_loss":0}],"is_beta":false,"boss_relics":[{"not_picked":["Busted Crown","Orrery"],"picked":"Astrolabe"},{"not_picked":["Sozu","White Beast Statue"],"picked":"Runic Pyramid"}],"items_purged_floors":[5,28,38],"is_endless":false,"potions_floor_spawned":[1,2,16,21,22,24,29,35,40],"killed_by":"Jaw Worm Horde","ascension_level":9}