{"gold_per_floor":[114,129,147,72,84,84,100,117,197,214,243,270,284,92,92,189,189,205,220,173,173,148,168,168,168,168,187,201,300,352,362,362,464,464,474,491,19,19,30,30,46,46,93,105,121,134,134,85,85,85,85,85,47,47],"floor_reached":54,"playtime":3077,"items_purged":["Strike_R","Strike_R","Pain"],"score":722,"play_id":"bd0a322d-1b8b-42d7-afc7-af7b2c86ee31","local_time":"20190310232317","is_ascension_mode":false,"campfire_choices":[{"data":"Body Slam","floor":6.0,"key":"SMITH"},{"data":"True Grit","floor":15,"key":"SMITH"},{"floor":25,"key":"RECALL"},{"data":"Armaments","floor":32,"key":"SMITH"},{"data":"Barricade","floor":40,"key":"SMITH"},{"data":"Juggernaut","floor":42,"key":"SMITH"},{"floor":49,"key":"REST"},{"data":"Corruption","floor":52,"key":"SMITH"}],"neow_cost":"NONE","seed_source_timestamp":839973931371520,"circlet_count":0,"master_deck":["Defend_R","Defend_R","Defend_R","Defend_R","Bash","Body Slam+1","Shrug It Off","Body Slam+1","Ghostly Armor","True Grit+1","Juggernaut+1","Shrug It Off","Shockwave","Hemokinesis","Armaments+1","Body Slam","Pain","Corruption+1","Barricade+1","Sentinel+1","Dual Wield+1","Shrug It Off+1","Entrench+1","Normality","Sentinel+1","Shrug It Off","Battle Trance","Second Wind"],"special_seed":0,"relics":["Burning Blood","Mercury Hourglass","Dead Branch","Odd Mushroom","Cursed Key","Nilry\u0027s Codex","Dream Catcher","Sozu","Pear","War Paint"],"potions_floor_usage":[50],"damage_taken":[{"damage":11.0,"enemies":"Jaw Worm","floor":1.0,"turns":3.0},{"damage":0.0,"enemies":"Small Slimes","floor":2.0,"turns":3.0},{"damage":2.0,"enemies":"2 Louse","floor":3.0,"turns":3.0},{"damage":15.0,"enemies":"Looter","floor":5.0,"turns":3.0},{"damage":0.0,"enemies":"Lots of Slimes","floor":7.0,"turns":5.0},{"damage":4.0,"enemies":"Exordium Wildlife","floor":8.0,"turns":5.0},{"damage":0.0,"enemies":"Gremlin Gang","floor":10.0,"turns":5.0},{"damage":13.0,"enemies":"3 Sentries","floor":11.0,"turns":7.0},{"damage":13.0,"enemies":"The Mushroom Lair","floor":12.0,"turns":4.0},{"damage":0.0,"enemies":"3 Louse","floor":13.0,"turns":2.0},{"damage":25,"enemies":"Slime Boss","floor":16,"turns":9},{"damage":14,"enemies":"Spheric Guardian","floor":18,"turns":4},{"damage":0,"enemies":"Shell Parasite","floor":19,"turns":4},{"damage":0,"enemies":"Cultist and Chosen","floor":23,"turns":6},{"damage":23,"enemies":"Centurion and Healer","floor":27,"turns":5},{"damage":1,"enemies":"3 Cultists","floor":28,"turns":4},{"damage":4,"enemies":"Snecko","floor":31,"turns":3},{"damage":12,"enemies":"Collector","floor":33,"turns":5},{"damage":2,"enemies":"Orb Walker","floor":35,"turns":3},{"damage":39,"enemies":"3 Darklings","floor":36,"turns":5},{"damage":5,"enemies":"Writhing Mass","floor":39,"turns":5},{"damage":9,"enemies":"Transient","floor":41,"turns":5},{"damage":17,"enemies":"Spire Growth","floor":44,"turns":4},{"damage":1,"enemies":"Maw","floor":45,"turns":5},{"damage":23,"enemies":"4 Shapes","floor":46,"turns":4},{"damage":31,"enemies":"Donu and Deca","floor":50,"turns":8},{"damage":77,"enemies":"Shield and Spear","floor":54,"turns":4}],"seed_played":"6987780397578678824","potions_obtained":[{"floor":3.0,"key":"PowerPotion"},{"floor":7.0,"key":"Energy Potion"},{"floor":8.0,"key":"LiquidBronze"},{"floor":11.0,"key":"Regen Potion"},{"floor":13.0,"key":"Block Potion"}],"is_trial":false,"path_per_floor":["M","M","M","$","M","R","M","M","T","M","E","?","M","$","R","B",null,"M","M","$","?","$","M","?","R","T","M","M","?","T","M","R","B",null,"M","M","$","$","M","R","M","R","T","M","M","M","?","$","R","B",null,"R","$","E"],"character_chosen":"IRONCLAD","items_purchased":["Ghostly Armor","True Grit","Shrug It Off","Armaments","Dual Wield","Shrug It Off","Pear","Shrug It Off","Second Wind"],"campfire_rested":1,"item_purchase_floors":[14,14,20,22,37,37,37,48,53],"current_hp_per_floor":[75,80,80,80,71,71,77,79,79,80,73,66,72,72,72,53,80,72,78,78,78,78,80,64,64,64,47,52,52,52,54,54,48,80,80,47,57,57,58,58,55,55,55,44,49,32,32,32,59,34,90,90,90,13],"gold":47,"neow_bonus":"REMOVE_CARD","is_prod":false,"is_daily":false,"chose_seed":false,"campfire_upgraded":6,"win_rate":0,"timestamp":1552274597,"path_taken":["M","M","M","$","M","R","M","M","T","M","E","?","M","$","R","BOSS","M","M","$","?","$","M","?","R","T","M","M","?","?","M","R","BOSS","M","M","?","$","M","R","M","R","T","M","M","M","?","$","R","BOSS","R","$","E"],"build_version":"2019-01-23","purchased_purges":3,"victory":false,"max_hp_per_floor":[80,80,80,80,80,80,80,80,80,80,80,80,80,80,80,80,80,80,80,80,80,80,80,80,80,80,80,80,80,80,80,80,80,80,80,80,90,90,90,90,90,90,90,90,90,90,90,90,90,90,90,90,90,90],"card_choices":[{"not_picked":["Cleave","Power Through","Havoc"],"picked":"SKIP","floor":1.0},{"not_picked":["Iron Wave","Fire Breathing"],"picked":"Body Slam","floor":2.0},{"not_picked":["Sword Boomerang","Hemokinesis"],"picked":"Shrug It Off","floor":3.0},{"not_picked":["Spot Weakness","Brutality","Clothesline"],"picked":"SKIP","floor":5.0},{"not_picked":["Flex","Uppercut","Headbutt"],"picked":"SKIP","floor":7.0},{"not_picked":["Blood for Blood","Corruption","Thunderclap"],"picked":"SKIP","floor":8.0},{"not_picked":["Pommel Strike","Havoc"],"picked":"Body Slam","floor":10.0},{"not_picked":["Twin Strike","Feel No Pain","Carnage"],"picked":"SKIP","floor":11.0},{"not_picked":["Warcry","Double Tap","Carnage"],"picked":"SKIP","floor":13.0},{"not_picked":["Impervious","Immolate"],"picked":"Juggernaut","floor":16},{"not_picked":["Flex+1","Cleave+1","Burning Pact"],"picked":"SKIP","floor":18},{"not_picked":["Sword Boomerang","Warcry+1","Rupture"],"picked":"SKIP","floor":19},{"not_picked":["Anger","Rupture+1"],"picked":"Body Slam","floor":23},{"not_picked":["Perfected Strike","Twin Strike+1","Iron Wave"],"picked":"SKIP","floor":27},{"not_picked":["Berserk","Anger","Dropkick"],"picked":"SKIP","floor":28},{"not_picked":["Anger","Pummel+1"],"picked":"Corruption","floor":31},{"not_picked":["Reaper","Brutality"],"picked":"Barricade","floor":33},{"not_picked":["Havoc","Corruption+1","Bloodletting"],"picked":"SKIP","floor":35},{"not_picked":["True Grit","Anger"],"picked":"Sentinel+1","floor":36},{"not_picked":["Carnage+1","Iron Wave+1","Cleave+1"],"picked":"SKIP","floor":39},{"not_picked":["True Grit","Perfected Strike+1"],"picked":"Entrench+1","floor":41},{"not_picked":["Thunderclap","Perfected Strike"],"picked":"Sentinel+1","floor":44},{"not_picked":["True Grit+1","Inflame+1","Pummel"],"picked":"SKIP","floor":45},{"not_picked":["Feed","Thunderclap","Sword Boomerang+1"],"picked":"SKIP","floor":46},{"not_picked":["Pommel Strike","Limit Break"],"picked":"Battle Trance","floor":49}],"player_experience":1201972,"relics_obtained":[{"floor":9.0,"key":"Mercury Hourglass"},{"floor":11.0,"key":"Dead Branch"},{"floor":12.0,"key":"Odd Mushroom"},{"floor":24,"key":"Nilry\u0027s Codex"},{"floor":30,"key":"Dream Catcher"},{"floor":43,"key":"War Paint"}],"event_choices":[{"damage_healed":0.0,"max_hp_gain":0.0,"max_hp_loss":0.0,"gold_gain":0.0,"event_name":"Mushrooms","player_choice":"Fought Mushrooms","floor":12.0,"gold_loss":0.0,"damage_taken":0.0},{"damage_healed":0,"gold_gain":0,"cards_transformed":["Strike_R","Strike_R"],"player_choice":"Became Test Subject","damage_taken":0,"max_hp_gain":0,"max_hp_loss":0,"event_name":"Drug Dealer","floor":21,"gold_loss":0,"cards_obtained":["Shockwave","Hemokinesis"]},{"damage_healed":0,"gold_gain":0,"player_choice":"Obtained Book","damage_taken":16,"max_hp_gain":0,"max_hp_loss":0,"event_name":"Cursed Tome","floor":24,"gold_loss":0},{"damage_healed":0,"gold_gain":99,"player_choice":"Stole From Cult","damage_taken":0,"max_hp_gain":0,"max_hp_loss":0,"event_name":"Nest","floor":29,"gold_loss":0},{"damage_healed":0,"gold_gain":0,"player_choice":"Forge","damage_taken":0,"max_hp_gain":0,"max_hp_loss":0,"event_name":"Accursed Blacksmith","floor":47,"gold_loss":0,"cards_upgraded":["Body Slam"]}],"is_beta":false,"boss_relics":[{"not_picked":["Empty Cage","Fusion Hammer"],"picked":"Cursed Key"},{"not_picked":["Tiny House","Velvet Choker"],"picked":"Sozu"}],"items_purged_floors":[4,14,37],"is_endless":false,"potions_floor_spawned":[3,7,8,11,13,31,33,36,41,44,46],"killed_by":"Shield and Spear","ascension_level":0}