{"gold_per_floor":[109,109,109,109,109,149,173,173,198,222,260,260,36,52,52,141,141,155,80,130,143,161,200,200,233,279,279,295,295,335,335,335,433,433,447,447,463,363,382,382,398,172,172,172,172,215,215,215,215,215,215,215,215,49,90,90],"floor_reached":57,"playtime":2891,"items_purged":["Strike_B","Strike_B","Dualcast"],"score":3223,"play_id":"842b1799-b7c0-4c5a-8d98-c7ff524e3c92","local_time":"20181228165817","is_ascension_mode":true,"campfire_choices":[{"data":"Buffer","floor":8,"key":"SMITH"},{"data":"Self Repair","floor":12,"key":"SMITH"},{"data":"Melter","floor":15,"key":"SMITH"},{"data":"Electrodynamics","floor":24,"key":"SMITH"},{"data":"Hologram","floor":27,"key":"SMITH"},{"floor":29,"key":"RECALL"},{"data":"Reinforced Body","floor":32,"key":"SMITH"},{"data":"Biased Cognition","floor":40,"key":"SMITH"},{"data":"White Noise","floor":44,"key":"SMITH"},{"data":"PanicButton","floor":47,"key":"SMITH"},{"data":"Dark Shackles","floor":49,"key":"SMITH"},{"data":"Defend_B","floor":53,"key":"SMITH"}],"neow_cost":"NONE","seed_source_timestamp":319892224311818,"circlet_count":0,"master_deck":["AscendersBane","Strike_B+1","Defend_B","Defend_B","Defend_B+1","Defend_B+1","Zap+1","Melter+1","Buffer+1","Glacier","Self Repair+1","Glacier","Hologram+1","Electrodynamics+1","Glacier","Ball Lightning","BootSequence+1","Ball Lightning","Reinforced Body+1","Biased Cognition+1","White Noise+1","PanicButton+1","Dark Shackles+1","Capacitor","Creative AI"],"relics":["Cracked Core","NeowsBlessing","Dead Branch","Golden Idol","Pocketwatch","Bag of Preparation","Cables","Runic Capacitor","Nuclear Battery","Boot","Oddly Smooth Stone","Art of War","Orichalcum","Runic Dome","OrangePellets","Incense Burner","FossilizedHelix"],"potions_floor_usage":[11,21,23,25,30,56,56,56,56],"damage_taken":[{"damage":0,"enemies":"Jaw Worm","floor":1,"turns":1},{"damage":0,"enemies":"Lagavulin","floor":6,"turns":1},{"damage":0,"enemies":"2 Louse","floor":7,"turns":1},{"damage":0,"enemies":"Small Slimes","floor":10,"turns":3},{"damage":0,"enemies":"Gremlin Nob","floor":11,"turns":5},{"damage":7,"enemies":"3 Louse","floor":14,"turns":3},{"damage":0,"enemies":"The Guardian","floor":16,"turns":10},{"damage":0,"enemies":"Chosen","floor":18,"turns":4},{"damage":0,"enemies":"2 Thieves","floor":21,"turns":4},{"damage":3,"enemies":"Snake Plant","floor":22,"turns":5},{"damage":11,"enemies":"Gremlin Leader","floor":23,"turns":7},{"damage":18,"enemies":"Slavers","floor":25,"turns":5},{"damage":0,"enemies":"Centurion and Healer","floor":28,"turns":5},{"damage":19,"enemies":"Book of Stabbing","floor":30,"turns":5},{"damage":0,"enemies":"Collector","floor":33,"turns":9},{"damage":0,"enemies":"Orb Walker","floor":35,"turns":4},{"damage":0,"enemies":"3 Darklings","floor":37,"turns":2},{"damage":7,"enemies":"Spire Growth","floor":39,"turns":5},{"damage":0,"enemies":"Sphere and 2 Shapes","floor":41,"turns":3},{"damage":0,"enemies":"Nemesis","floor":46,"turns":5},{"damage":0,"enemies":"Time Eater","floor":50,"turns":71},{"damage":0,"enemies":"Donu and Deca","floor":51,"turns":8},{"damage":39,"enemies":"Shield and Spear","floor":55,"turns":5},{"damage":7,"enemies":"The Heart","floor":56,"turns":10}],"seed_played":"6077128869157094644","potions_obtained":[{"floor":10,"key":"Block Potion"},{"floor":11,"key":"Block Potion"},{"floor":14,"key":"LiquidBronze"},{"floor":22,"key":"Fire Potion"},{"floor":23,"key":"Explosive Potion"},{"floor":28,"key":"Strength Potion"},{"floor":35,"key":"EntropicBrew"},{"floor":46,"key":"Weak Potion"}],"is_trial":false,"path_per_floor":["M","?","?","?","?","E","M","R","T","M","E","R","$","M","R","B",null,"M","$","?","M","M","E","R","E","T","R","M","R","E","?","R","B",null,"M","?","M","$","M","R","M","$","T","R","?","E","R","?","R","B","B",null,"R","$","E","B",null],"character_chosen":"DEFECT","items_purchased":["Runic Capacitor","OrangePellets","Capacitor"],"campfire_rested":0,"item_purchase_floors":[13,42,54],"current_hp_per_floor":[64,43,17,17,17,17,17,17,17,17,24,24,24,27,27,37,57,64,64,64,64,64,63,63,55,55,55,64,64,55,55,55,64,64,64,61,61,61,61,61,61,61,61,61,51,61,61,61,61,61,61,61,61,61,32,35],"gold":90,"neow_bonus":"THREE_ENEMY_KILL","is_prod":false,"is_daily":false,"chose_seed":false,"campfire_upgraded":11,"win_rate":0,"timestamp":1546012697,"path_taken":["M","?","?","?","?","E","M","R","T","?","E","R","$","M","R","BOSS","M","$","?","M","M","E","R","E","T","R","M","R","E","?","R","BOSS","M","?","M","$","M","R","M","$","T","R","?","E","R","?","R","BOSS","BOSS","R","$","E","BOSS"],"build_version":"2018-12-20","purchased_purges":3,"victory":true,"max_hp_per_floor":[71,71,71,64,64,64,64,64,64,64,64,64,64,64,64,64,64,64,64,64,64,64,64,64,64,64,64,64,64,64,64,64,64,64,64,61,61,61,61,61,61,61,61,61,61,61,61,61,61,61,61,61,61,61,61,61],"card_choices":[{"not_picked":["Beam Cell","Redo"],"picked":"Melter","floor":1},{"not_picked":["Gash","Turbo"],"picked":"Buffer","floor":6},{"not_picked":["Fusion","Darkness"],"picked":"Glacier","floor":7},{"not_picked":["Hologram","Compile Driver"],"picked":"Self Repair","floor":10},{"not_picked":["Steam","Chill"],"picked":"Glacier","floor":11},{"not_picked":["Sweeping Beam","Streamline"],"picked":"Hologram","floor":14},{"not_picked":["Buffer","Rainbow"],"picked":"Electrodynamics","floor":16},{"not_picked":["Go for the Eyes","Gash"],"picked":"Glacier","floor":18},{"not_picked":["Coolheaded","Beam Cell","Hello World"],"picked":"SKIP","floor":21},{"not_picked":["Stack","Skim"],"picked":"Ball Lightning","floor":22},{"not_picked":["Loop","Coolheaded"],"picked":"BootSequence+1","floor":23},{"not_picked":["Sweeping Beam+1","Double Energy"],"picked":"Ball Lightning","floor":25},{"not_picked":["Ball Lightning","Skim","FTL"],"picked":"SKIP","floor":28},{"not_picked":["Static Discharge","Heatsinks"],"picked":"Reinforced Body","floor":30},{"not_picked":["Buffer","Fission"],"picked":"Biased Cognition","floor":33},{"not_picked":["Darkness","Rebound","Gash"],"picked":"SKIP","floor":35},{"not_picked":["Barrage+1","Turbo","Gash+1"],"picked":"SKIP","floor":37},{"not_picked":["Force Field","Ball Lightning","Compile Driver"],"picked":"SKIP","floor":39},{"not_picked":["Compile Driver","Ball Lightning"],"picked":"White Noise","floor":41},{"not_picked":["Blind","Deep Breath"],"picked":"PanicButton","floor":45},{"not_picked":["Madness","Chrysalis"],"picked":"Dark Shackles","floor":45},{"not_picked":["Go for the Eyes","Coolheaded","Steam+1"],"picked":"SKIP","floor":46},{"not_picked":["Go for the Eyes","Coolheaded","Steam+1"],"picked":"SKIP","floor":46},{"not_picked":["Conserve Battery+1","FTL"],"picked":"Creative AI","floor":55}],"player_experience":1753164,"relics_obtained":[{"floor":6,"key":"Pocketwatch"},{"floor":9,"key":"Bag of Preparation"},{"floor":11,"key":"Cables"},{"floor":23,"key":"Boot"},{"floor":25,"key":"Oddly Smooth Stone"},{"floor":26,"key":"Art of War"},{"floor":30,"key":"Orichalcum"},{"floor":46,"key":"Incense Burner"},{"floor":55,"key":"FossilizedHelix"}],"event_choices":[{"damage_healed":0,"gold_gain":0,"player_choice":"Entered Light","damage_taken":21,"max_hp_gain":0,"max_hp_loss":0,"event_name":"Shining Light","floor":2,"gold_loss":0,"cards_upgraded":["Strike_B","Defend_B"]},{"damage_healed":0,"gold_gain":0,"player_choice":"Success","damage_taken":26,"relics_obtained":["Dead Branch"],"max_hp_gain":0,"max_hp_loss":0,"event_name":"Scrap Ooze","floor":3,"gold_loss":0},{"damage_healed":0,"gold_gain":0,"player_choice":"Lose Max HP","damage_taken":0,"relics_obtained":["Golden Idol"],"max_hp_gain":0,"max_hp_loss":7,"event_name":"Golden Idol","floor":4,"gold_loss":0},{"damage_healed":0,"gold_gain":0,"player_choice":"Grow","damage_taken":0,"max_hp_gain":0,"max_hp_loss":0,"event_name":"Living Wall","floor":5,"gold_loss":0,"cards_upgraded":["Zap"]},{"damage_healed":0,"gold_gain":50,"player_choice":"Stole From Cult","damage_taken":0,"max_hp_gain":0,"max_hp_loss":0,"event_name":"Nest","floor":20,"gold_loss":0},{"cards_removed":["Strike_B"],"damage_healed":0,"gold_gain":0,"player_choice":"Elegance","damage_taken":0,"max_hp_gain":0,"max_hp_loss":0,"event_name":"Back to Basics","floor":31,"gold_loss":0},{"damage_healed":0,"gold_gain":0,"player_choice":"Max HP","damage_taken":0,"max_hp_gain":0,"max_hp_loss":3,"event_name":"Winding Halls","floor":36,"gold_loss":0},{"damage_healed":0,"gold_gain":0,"player_choice":"Memory 3","damage_taken":10,"max_hp_gain":0,"max_hp_loss":0,"event_name":"SensoryStone","floor":45,"gold_loss":0},{"damage_healed":0,"gold_gain":0,"player_choice":"Ignored","damage_taken":0,"max_hp_gain":0,"max_hp_loss":0,"event_name":"Tomb of Lord Red Mask","floor":48,"gold_loss":0}],"is_beta":false,"boss_relics":[{"not_picked":["Calling Bell","Lizard Tail"],"picked":"Nuclear Battery"},{"not_picked":["White Beast Statue","Eternal Feather"],"picked":"Runic Dome"}],"items_purged_floors":[19,38,54],"is_endless":false,"potions_floor_spawned":[10,11,14,22,23,28,35,46],"ascension_level":20}