{"gold_per_floor":[114,132,132,143,163,188,201,201],"floor_reached":8,"playtime":442,"items_purged":[],"score":170,"play_id":"2872f00f-6f72-42c8-8305-de70d2a70220","local_time":"20181027150815","is_ascension_mode":true,"campfire_choices":[],"neow_cost":"NONE","seed_source_timestamp":932036460826068,"circlet_count":0,"master_deck":["Strike_B","Strike_B","Strike_B","Strike_B","Defend_B","Defend_B","Defend_B","Defend_B","Zap+1","Dualcast+1","AscendersBane","Self Repair","Glacier","Sweeping Beam","Consume","Buffer","Undo"],"relics":["Cracked Core","Omamori"],"potions_floor_usage":[6,8],"damage_taken":[{"damage":5,"enemies":"Small Slimes","floor":1,"turns":2},{"damage":9,"enemies":"Jaw Worm","floor":2,"turns":4},{"damage":0,"enemies":"2 Louse","floor":4,"turns":4},{"damage":3,"enemies":"Blue Slaver","floor":5,"turns":5},{"damage":0,"enemies":"3 Sentries","floor":6,"turns":11},{"damage":44,"enemies":"Gremlin Gang","floor":7,"turns":7},{"damage":35,"enemies":"Gremlin Nob","floor":8,"turns":5}],"seed_played":"-5302229525394222499","potions_obtained":[{"floor":1,"key":"EssenceOfSteel"},{"floor":2,"key":"Dexterity Potion"},{"floor":7,"key":"Strength Potion"}],"is_trial":false,"path_per_floor":["M","M","?","M","M","E","M"],"character_chosen":"DEFECT","items_purchased":[],"campfire_rested":0,"item_purchase_floors":[],"current_hp_per_floor":[59,57,57,64,68,71,34,0],"gold":201,"neow_bonus":"UPGRADE_CARD","is_prod":false,"is_daily":false,"chose_seed":false,"campfire_upgraded":0,"win_rate":0,"timestamp":1540645695,"path_taken":["M","M","?","M","M","E","M","E"],"build_version":"2018-10-25v2","purchased_purges":0,"victory":false,"max_hp_per_floor":[71,71,71,71,71,71,71,71],"card_choices":[{"not_picked":["Conserve Battery","Force Field"],"picked":"Self Repair","floor":1},{"not_picked":["Undo","Recycle"],"picked":"Glacier","floor":2},{"not_picked":["Coolheaded","Leap"],"picked":"Sweeping Beam","floor":4},{"not_picked":["Auto Shields","Gash"],"picked":"Consume","floor":5},{"not_picked":["Redo","Coolheaded"],"picked":"Buffer","floor":6},{"not_picked":["Stack","Skim"],"picked":"Undo","floor":7}],"player_experience":1491501,"relics_obtained":[{"floor":6,"key":"Omamori"}],"event_choices":[{"damage_healed":0,"gold_gain":0,"player_choice":"Grow","damage_taken":0,"max_hp_gain":0,"max_hp_loss":0,"event_name":"Living Wall","floor":3,"gold_loss":0,"cards_upgraded":["Dualcast"]}],"is_beta":false,"boss_relics":[],"items_purged_floors":[],"is_endless":false,"potions_floor_spawned":[1,2,4,7],"killed_by":"Gremlin Nob","ascension_level":20}