{"gold_per_floor":[111,111,129,147,322,322,351,351,351,29,29,29,29,59,59,59],"floor_reached":16,"playtime":717,"items_purged":["Doubt"],"score":148,"play_id":"c425ddd3-4eb3-4098-9682-c5d81c51f537","local_time":"20190217154211","is_ascension_mode":true,"campfire_choices":[{"data":"Bash","floor":6,"key":"SMITH"},{"floor":8,"key":"REST"},{"data":"Cleave","floor":12,"key":"SMITH"},{"floor":15,"key":"REST"}],"neow_cost":"TEN_PERCENT_HP_LOSS","seed_source_timestamp":305512193018600,"circlet_count":0,"master_deck":["Strike_R","Strike_R","Strike_R","Strike_R","Defend_R","Defend_R+1","Defend_R","Bash+1","Second Wind+1","Warcry","Cleave+1","Armaments+1","Feel No Pain","Shrug It Off"],"relics":["Burning Blood","WingedGreaves","Bottled Flame","Letter Opener","Incense Burner"],"potions_floor_usage":[7],"damage_taken":[{"damage":5,"enemies":"2 Louse","floor":1,"turns":4},{"damage":12,"enemies":"Jaw Worm","floor":3,"turns":3},{"damage":4,"enemies":"Small Slimes","floor":4,"turns":3},{"damage":43,"enemies":"3 Sentries","floor":7,"turns":13},{"damage":20,"enemies":"Gremlin Nob","floor":14,"turns":4},{"damage":51,"enemies":"Hexaghost","floor":16,"turns":16}],"seed_played":"1491844656093877276","potions_obtained":[{"floor":4,"key":"Dexterity Potion"},{"floor":7,"key":"Explosive Potion"}],"is_trial":false,"path_per_floor":["M","?","M","M","?","R","E","R","T","$","?","R","$","E","R","B"],"character_chosen":"IRONCLAD","items_purchased":["Letter Opener"],"campfire_rested":2,"item_purchase_floors":[10],"current_hp_per_floor":[72,58,52,54,54,54,17,38,38,38,38,38,38,24,45,0],"gold":59,"neow_bonus":"TRANSFORM_TWO_CARDS","is_prod":false,"is_daily":false,"chose_seed":false,"campfire_upgraded":2,"win_rate":0,"timestamp":1550436131,"path_taken":["M","?","M","M","?","R","E","R","T","$","?","R","?","E","R","BOSS"],"build_version":"2019-01-23","purchased_purges":1,"victory":false,"max_hp_per_floor":[72,72,72,72,72,72,72,72,72,72,72,72,72,72,72,72],"card_choices":[{"not_picked":["Thunderclap","Rupture"],"picked":"Cleave","floor":1},{"not_picked":["Clash","Flex","Cleave"],"picked":"SKIP","floor":3},{"not_picked":["Sword Boomerang","Entrench"],"picked":"Armaments","floor":4},{"not_picked":["Warcry","Clash"],"picked":"Feel No Pain","floor":7},{"not_picked":["Clothesline","Warcry"],"picked":"Shrug It Off","floor":14}],"player_experience":261422,"relics_obtained":[{"floor":7,"key":"WingedGreaves"},{"floor":9,"key":"Bottled Flame"},{"floor":14,"key":"Incense Burner"}],"event_choices":[{"damage_healed":0,"gold_gain":0,"player_choice":"Entered Light","damage_taken":14,"max_hp_gain":0,"max_hp_loss":0,"event_name":"Shining Light","floor":2,"gold_loss":0,"cards_upgraded":["Second Wind","Defend_R"]},{"damage_healed":0,"gold_gain":175,"player_choice":"AGREE","damage_taken":0,"max_hp_gain":0,"max_hp_loss":0,"event_name":"Liars Game","floor":5,"gold_loss":0,"cards_obtained":["Doubt"]},{"damage_healed":0,"gold_gain":0,"player_choice":"Grow","damage_taken":0,"max_hp_gain":0,"max_hp_loss":0,"event_name":"Living Wall","floor":11,"gold_loss":0,"cards_upgraded":["Armaments"]}],"is_beta":false,"boss_relics":[],"items_purged_floors":[10],"is_endless":false,"potions_floor_spawned":[4,7],"killed_by":"Hexaghost","ascension_level":8}