{"gold_per_floor":[115,115,290,69,79,107,127,127,177,177,189,206,65,75,75,175,225,238,248,148,73,92,92,102,102,102,102,116,116],"floor_reached":29,"playtime":1956,"items_purged":["Doubt","Strike_G"],"score":261,"play_id":"664527d5-161c-4266-94dc-85952081f568","local_time":"20190310003400","is_ascension_mode":true,"campfire_choices":[{"data":"Footwork","floor":8,"key":"SMITH"},{"data":"Phantasmal Killer","floor":10,"key":"SMITH"},{"floor":15,"key":"REST"},{"floor":23,"key":"REST"},{"floor":27,"key":"REST"}],"neow_cost":"NONE","seed_source_timestamp":130950742464497,"circlet_count":0,"master_deck":["Defend_G","Defend_G","Defend_G","Defend_G","Defend_G","Strike_G","Strike_G","Strike_G","Survivor","Neutralize","Phantasmal Killer+1","Backflip+1","Poisoned Stab","Footwork+1","Deflect","Dodge and Roll","Well Laid Plans","Adrenaline","Sucker Punch","Unload","Leg Sweep","Footwork+1","Predator"],"relics":["Ring of the Snake","Anchor","Bag of Preparation","Potion Belt","Tiny House","Bottled Tornado"],"potions_floor_usage":[6,16,18,18,19],"damage_taken":[{"damage":3,"enemies":"2 Louse","floor":1,"turns":4},{"damage":0,"enemies":"Jaw Worm","floor":5,"turns":4},{"damage":46,"enemies":"Gremlin Nob","floor":6,"turns":6},{"damage":0,"enemies":"Cultist","floor":7,"turns":4},{"damage":3,"enemies":"Exordium Thugs","floor":11,"turns":4},{"damage":8,"enemies":"3 Louse","floor":12,"turns":5},{"damage":0,"enemies":"Blue Slaver","floor":14,"turns":4},{"damage":2,"enemies":"Hexaghost","floor":16,"turns":11},{"damage":18,"enemies":"3 Byrds","floor":18,"turns":7},{"damage":18,"enemies":"2 Thieves","floor":19,"turns":5},{"damage":26,"enemies":"Shelled Parasite and Fungi","floor":22,"turns":10},{"damage":8,"enemies":"Chosen and Byrds","floor":24,"turns":12},{"damage":22,"enemies":"Sentry and Sphere","floor":28,"turns":11},{"damage":37,"enemies":"3 Cultists","floor":29,"turns":5}],"seed_played":"-2917884485593208313","potions_obtained":[{"floor":5,"key":"GhostInAJar"},{"floor":11,"key":"PowerPotion"},{"floor":16,"key":"SteroidPotion"},{"floor":17,"key":"Poison Potion"},{"floor":18,"key":"SteroidPotion"},{"floor":28,"key":"Weak Potion"}],"is_trial":false,"path_per_floor":["M","?","?","$","M","E","M","R","T","R","M","M","$","M","R","B",null,"M","M","$","?","M","R","M","$","T","R","M","M"],"character_chosen":"THE_SILENT","items_purchased":["Anchor","Well Laid Plans","Adrenaline"],"campfire_rested":3,"item_purchase_floors":[4,13,13],"current_hp_per_floor":[67,67,67,67,67,21,21,21,21,21,18,10,10,10,31,29,75,57,39,39,39,13,35,27,27,27,49,27,0],"gold":116,"neow_bonus":"ONE_RANDOM_RARE_CARD","is_prod":false,"is_daily":false,"chose_seed":false,"campfire_upgraded":2,"win_rate":0,"timestamp":1552206840,"path_taken":["M","?","?","$","M","E","M","R","T","R","M","M","?","M","R","BOSS","M","M","$","?","M","R","M","?","T","R","M","M"],"build_version":"2019-01-23","purchased_purges":2,"victory":false,"max_hp_per_floor":[70,70,70,70,70,70,70,70,70,70,70,70,70,70,70,70,75,75,75,75,75,75,75,75,75,75,75,75,75],"card_choices":[{"not_picked":["Underhanded Strike","PiercingWail"],"picked":"Backflip","floor":1},{"not_picked":["Acrobatics","Expertise"],"picked":"Poisoned Stab","floor":5},{"not_picked":["Cloak And Dagger","Bane"],"picked":"Footwork","floor":6},{"not_picked":["Escape Plan","Blade Dance"],"picked":"Deflect","floor":7},{"not_picked":["Accuracy","All Out Attack","Deflect"],"picked":"SKIP","floor":11},{"not_picked":["Crippling Poison","Prepared"],"picked":"Dodge and Roll","floor":12},{"not_picked":["Escape Plan","Crippling Poison"],"picked":"Sucker Punch","floor":14},{"not_picked":["A Thousand Cuts","Phantasmal Killer"],"picked":"Unload","floor":16},{"not_picked":["Quick Slash","Catalyst"],"picked":"Leg Sweep","floor":17},{"not_picked":["Deflect","Flying Knee","Heel Hook"],"picked":"SKIP","floor":18},{"not_picked":["Acrobatics","Storm of Steel"],"picked":"Footwork+1","floor":19},{"not_picked":["Distraction","Slice+1","Blade Dance"],"picked":"SKIP","floor":22},{"not_picked":["Deadly Poison+1","Dagger Spray+1"],"picked":"Predator","floor":24},{"not_picked":["Slice","Calculated Gamble","All Out Attack"],"picked":"SKIP","floor":28}],"player_experience":387816,"relics_obtained":[{"floor":6,"key":"Bag of Preparation"},{"floor":9,"key":"Potion Belt"},{"floor":26,"key":"Bottled Tornado"}],"event_choices":[{"damage_healed":0,"gold_gain":0,"player_choice":"Ignored","damage_taken":0,"max_hp_gain":0,"max_hp_loss":0,"event_name":"Shining Light","floor":2,"gold_loss":0},{"damage_healed":0,"gold_gain":175,"player_choice":"AGREE","damage_taken":0,"max_hp_gain":0,"max_hp_loss":0,"event_name":"Liars Game","floor":3,"gold_loss":0,"cards_obtained":["Doubt"]},{"cards_removed":["Strike_G"],"damage_healed":0,"gold_gain":0,"player_choice":"Gave Gold","damage_taken":0,"max_hp_gain":0,"max_hp_loss":0,"event_name":"Beggar","floor":21,"gold_loss":75}],"is_beta":false,"boss_relics":[{"not_picked":["Ectoplasm","Coffee Dripper"],"picked":"Tiny House"}],"items_purged_floors":[4,20],"is_endless":false,"potions_floor_spawned":[5,11,16,18,28],"killed_by":"3 Cultists","ascension_level":3}