{"gold_per_floor":[218,231,243,243,0,35,35,61,61,61,73,73,92,108,108,183,233,244,264,31,42,42,42,74,74,156,156,171,24,37,50,50,50],"floor_reached":33,"playtime":1451,"items_purged":["Strike_B"],"score":658,"play_id":"8c94772e-0ded-424e-b9c9-14ef645bcc8d","local_time":"20190202163910","is_ascension_mode":true,"campfire_choices":[{"floor":7,"key":"REST"},{"data":"Static Discharge","floor":10,"key":"SMITH"},{"data":"White Noise","floor":12,"key":"SMITH"},{"data":"Defragment","floor":15,"key":"SMITH"},{"floor":23,"key":"REST"},{"data":"Thunder Strike","floor":25,"key":"SMITH"},{"floor":27,"key":"REST"},{"floor":32,"key":"REST"}],"neow_cost":"NONE","seed_source_timestamp":325922202934589,"circlet_count":0,"master_deck":["AscendersBane","Strike_B+1","Defend_B","Defend_B","Defend_B","Defend_B","Zap","Dualcast","FTL","Undo","Beam Cell","Static Discharge+1","Cold Snap","Ball Lightning","White Noise+1","Defragment+1","Rip and Tear","Thunder Strike+1","Fusion","Leap","Capacitor","Panacea","Glacier","Go for the Eyes+1"],"relics":["Cracked Core","Lantern","Thread and Needle","Symbiotic Virus","Matryoshka","Tiny House","Anchor","Happy Flower","Strawberry","Bottled Tornado"],"potions_floor_usage":[6,8,16,21,24],"damage_taken":[{"damage":1,"enemies":"Cultist","floor":1,"turns":3},{"damage":0,"enemies":"2 Louse","floor":2,"turns":1},{"damage":12,"enemies":"Jaw Worm","floor":3,"turns":3},{"damage":11,"enemies":"Lagavulin","floor":6,"turns":7},{"damage":5,"enemies":"Gremlin Nob","floor":8,"turns":4},{"damage":0,"enemies":"Red Slaver","floor":11,"turns":3},{"damage":2,"enemies":"Blue Slaver","floor":13,"turns":1},{"damage":0,"enemies":"Large Slime","floor":14,"turns":2},{"damage":0,"enemies":"Slime Boss","floor":16,"turns":5},{"damage":13,"enemies":"Shell Parasite","floor":18,"turns":5},{"damage":16,"enemies":"2 Thieves","floor":19,"turns":3},{"damage":15,"enemies":"Snake Plant","floor":21,"turns":3},{"damage":19,"enemies":"Gremlin Leader","floor":24,"turns":6},{"damage":0,"enemies":"Centurion and Healer","floor":28,"turns":4},{"damage":49,"enemies":"Shelled Parasite and Fungi","floor":30,"turns":5},{"damage":3,"enemies":"Snake Plant","floor":31,"turns":5},{"damage":45,"enemies":"Collector","floor":33,"turns":7}],"seed_played":"-1052474388824143148","potions_obtained":[{"floor":1,"key":"Dexterity Potion"},{"floor":2,"key":"SmokeBomb"},{"floor":6,"key":"EssenceOfSteel"},{"floor":13,"key":"Swift Potion"},{"floor":14,"key":"FocusPotion"},{"floor":17,"key":"Swift Potion"},{"floor":21,"key":"Fruit Juice"}],"is_trial":false,"path_per_floor":["M","M","M","?","$","E","R","E","T","R","M","R","M","M","R","B",null,"M","M","$","M","?","R","E","R","T","R","M","$","M","M","R","B"],"character_chosen":"DEFECT","items_purchased":["Lantern","Static Discharge","Anchor","Capacitor","Panacea"],"campfire_rested":4,"item_purchase_floors":[5,5,20,29,29],"current_hp_per_floor":[63,63,51,44,44,33,54,49,49,49,49,49,47,47,47,47,70,57,41,41,31,31,55,36,36,43,69,69,69,20,17,43,0],"gold":50,"neow_bonus":"HUNDRED_GOLD","is_prod":false,"is_daily":false,"chose_seed":false,"campfire_upgraded":4,"win_rate":0,"timestamp":1549118350,"path_taken":["M","M","M","?","$","E","R","E","T","R","M","R","M","M","R","BOSS","M","M","$","M","?","R","E","R","T","R","M","$","M","M","R","BOSS"],"build_version":"2019-01-23","purchased_purges":1,"victory":false,"max_hp_per_floor":[71,71,71,71,71,71,71,71,71,71,71,71,71,71,71,71,76,76,76,76,81,81,81,81,81,88,88,88,88,88,88,88,88],"card_choices":[{"not_picked":["Double Energy","Steam"],"picked":"FTL","floor":1},{"not_picked":["Compile Driver","Blizzard"],"picked":"Undo","floor":2},{"not_picked":["Turbo","Hologram"],"picked":"Beam Cell","floor":3},{"not_picked":["Heatsinks","Rebound"],"picked":"Cold Snap","floor":6},{"not_picked":["Hologram","Doom and Gloom"],"picked":"Ball Lightning","floor":8},{"not_picked":["Turbo","Streamline"],"picked":"White Noise","floor":11},{"not_picked":["Seek","Barrage"],"picked":"Defragment","floor":13},{"not_picked":["Loop","Recycle"],"picked":"Rip and Tear","floor":14},{"not_picked":["Buffer","Meteor Strike"],"picked":"Thunder Strike","floor":16},{"not_picked":["Gash","Barrage","Compile Driver"],"picked":"SKIP","floor":18},{"not_picked":["Aggregate","Doom and Gloom","Force Field"],"picked":"SKIP","floor":19},{"not_picked":["Recycle","Hologram"],"picked":"Fusion","floor":21},{"not_picked":["Rebound","Turbo"],"picked":"Leap","floor":24},{"not_picked":["Streamline","Heatsinks","Leap"],"picked":"SKIP","floor":28},{"not_picked":["Auto Shields","Capacitor"],"picked":"Glacier","floor":30},{"not_picked":["Darkness+1","Conserve Battery"],"picked":"Go for the Eyes+1","floor":31}],"player_experience":1505357,"relics_obtained":[{"floor":6,"key":"Thread and Needle"},{"floor":8,"key":"Symbiotic Virus"},{"floor":9,"key":"Matryoshka"},{"floor":24,"key":"Happy Flower"},{"floor":26,"key":"Strawberry"},{"floor":26,"key":"Bottled Tornado"}],"event_choices":[{"cards_removed":["Strike_B"],"damage_healed":0,"gold_gain":0,"player_choice":"Card Removal","damage_taken":7,"max_hp_gain":0,"max_hp_loss":0,"event_name":"Golden Wing","floor":4,"gold_loss":0},{"cards_removed":["Strike_B"],"damage_healed":0,"gold_gain":0,"player_choice":"Purged","damage_taken":0,"max_hp_gain":0,"max_hp_loss":0,"event_name":"Purifier","floor":22,"gold_loss":0}],"is_beta":false,"boss_relics":[{"not_picked":["Fusion Hammer","Calling Bell"],"picked":"Tiny House"}],"items_purged_floors":[20],"is_endless":false,"potions_floor_spawned":[1,2,6,13,14,21],"killed_by":"Collector","ascension_level":20}