{"gold_per_floor":[118,135,149,18,38,38,68,68,68,99,99,110,110,189,189,260,260,273,273,273,273,273,273,323,323,348,367,430,430,460,375,375,448,448,459,188,205,205,280,307,307,307,307,307,327,342,353,353,353,353],"floor_reached":50,"playtime":5413,"items_purged":["Strike_G","Dodge and Roll"],"score":1128,"play_id":"6974aa70-48eb-4562-9666-23e93d68e1a2","local_time":"20181010002315","is_ascension_mode":true,"campfire_choices":[{"data":"Bouncing Flask","floor":6,"key":"SMITH"},{"data":"Leg Sweep","floor":11,"key":"SMITH"},{"floor":13,"key":"REST"},{"data":"Well Laid Plans","floor":15,"key":"SMITH"},{"floor":23,"key":"REST"},{"floor":25,"key":"REST"},{"floor":29,"key":"REST"},{"floor":32,"key":"REST"},{"floor":42,"key":"REST"},{"floor":44,"key":"REST"},{"floor":49,"key":"REST"}],"neow_cost":"TEN_PERCENT_HP_LOSS","seed_source_timestamp":1734595599087742,"circlet_count":0,"master_deck":["Defend_G+1","Defend_G+1","Defend_G+1","Defend_G+1","Defend_G+1","Strike_G+1","Strike_G+1","Strike_G+1","Survivor","Neutralize","AscendersBane","Tools of the Trade","Flechettes","Bouncing Flask+1","Dodge and Roll","Leg Sweep+1","Well Laid Plans+1","Backstab","After Image","Caltrops+1","Blade Dance+1","Underhanded Strike+1","Blade Dance+1"],"relics":["Ring of the Snake","Juzu Bracelet","Mercury Hourglass","Shuriken","Fusion Hammer","Anchor","Tiny Chest","Boot","Happy Flower","Busted Crown","Art of War","FossilizedHelix","Bag of Marbles","FaceOfCleric","Paper Crane"],"potions_floor_usage":[7,18,28,40,50,50],"damage_taken":[{"damage":4,"enemies":"Cultist","floor":1,"turns":6},{"damage":2,"enemies":"Jaw Worm","floor":2,"turns":6},{"damage":0,"enemies":"2 Louse","floor":3,"turns":3},{"damage":20,"enemies":"Large Slime","floor":5,"turns":10},{"damage":4,"enemies":"Lagavulin","floor":7,"turns":6},{"damage":9,"enemies":"3 Sentries","floor":10,"turns":8},{"damage":19,"enemies":"Gremlin Gang","floor":12,"turns":5},{"damage":0,"enemies":"The Guardian","floor":16,"turns":10},{"damage":8,"enemies":"Spheric Guardian","floor":18,"turns":6},{"damage":10,"enemies":"Colosseum Slavers","floor":21,"turns":7},{"damage":5,"enemies":"2 Thieves","floor":27,"turns":5},{"damage":1,"enemies":"Gremlin Leader","floor":28,"turns":8},{"damage":17,"enemies":"Book of Stabbing","floor":30,"turns":5},{"damage":34,"enemies":"Automaton","floor":33,"turns":11},{"damage":11,"enemies":"3 Darklings","floor":35,"turns":5},{"damage":0,"enemies":"3 Shapes","floor":37,"turns":4},{"damage":0,"enemies":"Mind Bloom Boss Battle","floor":38,"turns":7},{"damage":62,"enemies":"Giant Head","floor":40,"turns":10},{"damage":0,"enemies":"Maw","floor":45,"turns":7},{"damage":0,"enemies":"Spire Growth","floor":46,"turns":5},{"damage":0,"enemies":"4 Shapes","floor":47,"turns":7},{"damage":88,"enemies":"Time Eater","floor":50,"turns":12}],"seed_played":"5940596137014148367","potions_obtained":[{"floor":3,"key":"FairyPotion"},{"floor":12,"key":"EssenceOfSteel"},{"floor":27,"key":"Strength Potion"},{"floor":37,"key":"GamblersBrew"},{"floor":40,"key":"Block Potion"},{"floor":47,"key":"Block Potion"}],"is_trial":false,"path_per_floor":["M","M","M","$","M","R","E","?","T","E","R","M","R","?","R","B",null,"M","?","?","?","?","R","?","R","T","M","E","R","E","?","R","B",null,"M","$","M","?","T","E","?","R","T","R","M","M","M","?","R"],"character_chosen":"THE_SILENT","items_purchased":["Poison Potion","Art of War"],"campfire_rested":8,"item_purchase_floors":[4,36],"current_hp_per_floor":[55,53,53,53,33,33,29,29,29,20,20,1,19,19,19,19,50,42,70,50,40,40,62,62,75,75,70,69,75,58,58,75,41,67,56,56,56,56,56,7,7,29,29,51,52,53,54,54,77,0],"gold":353,"neow_bonus":"THREE_RARE_CARDS","is_prod":false,"is_daily":false,"chose_seed":false,"campfire_upgraded":3,"win_rate":0,"timestamp":1539123795,"path_taken":["M","M","M","$","M","R","E","?","T","E","R","M","R","?","R","BOSS","M","?","?","?","?","R","?","R","T","M","E","R","E","?","R","BOSS","M","$","M","?","?","E","?","R","T","R","M","M","M","?","R","BOSS"],"build_version":"2018-10-04v2","purchased_purges":2,"victory":false,"max_hp_per_floor":[60,60,60,60,60,60,60,60,60,60,60,60,60,60,60,60,60,60,70,75,75,75,75,75,75,75,75,75,75,75,75,75,75,75,75,75,75,75,75,75,75,75,75,75,76,77,78,78,78,78],"card_choices":[{"not_picked":["Burst","Phantasmal Killer"],"picked":"Tools of the Trade","floor":0},{"not_picked":["Deflect","Riddle With Holes"],"picked":"Flechettes","floor":1},{"not_picked":["Finisher","Calculated Gamble"],"picked":"Dodge and Roll","floor":2},{"not_picked":["Deadly Poison","PiercingWail"],"picked":"Bouncing Flask","floor":3},{"not_picked":["Cloak And Dagger","Slice"],"picked":"Dodge and Roll","floor":5},{"not_picked":["Accuracy","Slice"],"picked":"Leg Sweep","floor":7},{"not_picked":["Terror","Underhanded Strike"],"picked":"Tools of the Trade","floor":10},{"not_picked":["Quick Slash","Flechettes"],"picked":"Backstab","floor":12},{"not_picked":["A Thousand Cuts","Wraith Form v2"],"picked":"After Image","floor":16},{"not_picked":["Dagger Throw","Reflex","Sucker Punch"],"picked":"SKIP","floor":18},{"not_picked":["Blade Dance","Backflip","Flechettes"],"picked":"SKIP","floor":27},{"not_picked":["Flying Knee","Blur"],"picked":"Caltrops+1","floor":28},{"not_picked":["Tools of the Trade","Accuracy+1"],"picked":"Blade Dance+1","floor":30},{"not_picked":["Dagger Throw"],"picked":"SKIP","floor":35},{"not_picked":["Blade Dance"],"picked":"SKIP","floor":37},{"not_picked":[],"picked":"Underhanded Strike+1","floor":40},{"not_picked":["Dagger Throw"],"picked":"SKIP","floor":45},{"not_picked":["Crippling Poison"],"picked":"SKIP","floor":46},{"not_picked":[],"picked":"Blade Dance+1","floor":47}],"player_experience":1396737,"relics_obtained":[{"floor":7,"key":"Juzu Bracelet"},{"floor":9,"key":"Mercury Hourglass"},{"floor":10,"key":"Shuriken"},{"floor":26,"key":"Anchor"},{"floor":28,"key":"Tiny Chest"},{"floor":30,"key":"Boot"},{"floor":38,"key":"FossilizedHelix"},{"floor":40,"key":"Bag of Marbles"},{"floor":43,"key":"Paper Crane"}],"event_choices":[{"event_name":"Match and Keep!","player_choice":"1 cards matched","floor":8,"damage_taken":0},{"event_name":"Golden Wing","player_choice":"Gained Gold","floor":14,"damage_taken":0},{"event_name":"Bonfire Elementals","player_choice":"RARE","floor":19,"damage_taken":0},{"event_name":"Forgotten Altar","player_choice":"Shed Blood","floor":20,"damage_taken":0},{"event_name":"Colosseum","player_choice":"Fight","floor":21,"damage_taken":0},{"event_name":"Colosseum","player_choice":"Fled From Nobs","floor":21,"damage_taken":0},{"event_name":"Back to Basics","player_choice":"Simplicity","floor":22,"damage_taken":0},{"event_name":"Nest","player_choice":"Stole From Cult","floor":24,"damage_taken":0},{"event_name":"Addict","player_choice":"Obtained Relic","floor":31,"damage_taken":0},{"event_name":"MindBloom","player_choice":"Fight","floor":38,"damage_taken":0},{"event_name":"FaceTrader","player_choice":"Trade","floor":41,"damage_taken":0},{"event_name":"Falling","player_choice":"Removed Attack","floor":48,"damage_taken":0}],"is_beta":false,"boss_relics":[{"not_picked":["Calling Bell","Sozu"],"picked":"Fusion Hammer"},{"not_picked":["Runic Dome","Tiny House"],"picked":"Busted Crown"}],"items_purged_floors":[4,36],"is_endless":false,"potions_floor_spawned":[3,5,12,21,27,37,40,47],"killed_by":"Time Eater","ascension_level":20}