{"gold_per_floor":[118,133,145,156,170,170,25,59,59,87,6,6,6,24,24,121,121,140,140,150,161,175,175,200,200,200,200,160,7,7],"floor_reached":30,"playtime":1269,"items_purged":["Strike_G"],"score":402,"play_id":"2aacdce7-bbf0-4a72-9df1-b179b5a10584","local_time":"20190304001013","is_ascension_mode":true,"campfire_choices":[{"data":"Neutralize","floor":6.0,"key":"SMITH"},{"floor":12,"key":"REST"},{"data":"Noxious Fumes","floor":15,"key":"SMITH"},{"floor":23,"key":"REST"},{"floor":25,"key":"REST"}],"neow_cost":"NONE","seed_source_timestamp":1544989283098500,"circlet_count":0,"master_deck":["Defend_G","Defend_G","Defend_G","Defend_G","Defend_G","Survivor+1","Neutralize+1","PiercingWail","Skewer","Deflect","Poisoned Stab","Dodge and Roll","Noxious Fumes","PiercingWail","Caltrops","Noxious Fumes+1","Deadly Poison","Corpse Explosion+1","Accuracy+1","Storm of Steel+1","Cloak And Dagger+1","Blur","Ghostly","Ghostly","Ghostly","Ghostly","Ghostly","Flying Knee+1","Crippling Poison+1","Malaise"],"special_seed":0,"relics":["Ring of the Snake","NeowsBlessing","Omamori","Ornamental Fan","Ginger","Astrolabe","Paper Crane","Juzu Bracelet","Strawberry"],"potions_floor_usage":[10,16,22,22,24],"damage_taken":[{"damage":0.0,"enemies":"Cultist","floor":1.0,"turns":1.0},{"damage":0.0,"enemies":"Small Slimes","floor":2.0,"turns":1.0},{"damage":0.0,"enemies":"2 Louse","floor":3.0,"turns":1.0},{"damage":4.0,"enemies":"Looter","floor":4.0,"turns":4.0},{"damage":3.0,"enemies":"Red Slaver","floor":5.0,"turns":3.0},{"damage":19,"enemies":"Gremlin Nob","floor":8,"turns":5},{"damage":29,"enemies":"Lagavulin","floor":10,"turns":10},{"damage":0,"enemies":"Exordium Wildlife","floor":14,"turns":4},{"damage":22,"enemies":"The Guardian","floor":16,"turns":9},{"damage":13,"enemies":"3 Byrds","floor":18,"turns":2},{"damage":4,"enemies":"Shell Parasite","floor":20,"turns":7},{"damage":7,"enemies":"Shelled Parasite and Fungi","floor":21,"turns":6},{"damage":12,"enemies":"Snake Plant","floor":22,"turns":4},{"damage":27,"enemies":"Book of Stabbing","floor":24,"turns":8},{"damage":29,"enemies":"Gremlin Leader","floor":30,"turns":6}],"seed_played":"7303484872043719642","potions_obtained":[{"floor":1.0,"key":"Explosive Potion"},{"floor":2.0,"key":"Dexterity Potion"},{"floor":4.0,"key":"Dexterity Potion"},{"floor":10,"key":"Energy Potion"},{"floor":22,"key":"Regen Potion"},{"floor":24,"key":"SpeedPotion"}],"is_trial":false,"path_per_floor":["M","M","M","M","M","R","$","E","T","E","$","R","$","M","R","B",null,"M","?","M","M","M","R","E","R","T","?","?","$","E"],"character_chosen":"THE_SILENT","items_purchased":["Noxious Fumes","Noxious Fumes","Strawberry"],"campfire_rested":3,"item_purchase_floors":[7,11,29],"current_hp_per_floor":[63,63,63,59,56,56,56,37,37,8,8,29,29,29,29,7,54,41,35,31,24,12,22,7,17,17,17,17,24,0],"gold":7,"neow_bonus":"THREE_ENEMY_KILL","is_prod":false,"is_daily":false,"chose_seed":false,"campfire_upgraded":2,"win_rate":0,"timestamp":1551676213,"path_taken":["M","M","M","M","M","R","$","E","T","E","$","R","?","M","R","BOSS","M","?","M","M","M","R","E","R","T","?","?","$","E"],"build_version":"2019-01-23","purchased_purges":1,"victory":false,"max_hp_per_floor":[70,70,70,70,70,70,70,70,70,70,70,70,70,70,70,70,70,70,35,35,35,35,35,35,35,35,35,35,42,42],"card_choices":[{"not_picked":["Dodge and Roll","Reflex"],"picked":"PiercingWail","floor":1.0},{"not_picked":["Endless Agony","Backstab"],"picked":"Skewer","floor":2.0},{"not_picked":["Choke","Dagger Spray"],"picked":"Deflect","floor":3.0},{"not_picked":["Dagger Spray","Prepared"],"picked":"Poisoned Stab","floor":4.0},{"not_picked":["Deadly Poison","Underhanded Strike"],"picked":"Dodge and Roll","floor":5.0},{"not_picked":["Quick Slash","Accuracy"],"picked":"PiercingWail","floor":8},{"not_picked":["Choke","Predator"],"picked":"Caltrops","floor":10},{"not_picked":["Concentrate","Underhanded Strike"],"picked":"Deadly Poison","floor":14},{"not_picked":["Glass Knife","Die Die Die"],"picked":"Corpse Explosion","floor":16},{"not_picked":["All Out Attack+1","Prepared"],"picked":"Blur","floor":18},{"not_picked":["Quick Slash+1","Poisoned Stab","Flying Knee+1"],"picked":"SKIP","floor":20},{"not_picked":["Quick Slash+1","Poisoned Stab"],"picked":"Flying Knee+1","floor":20},{"not_picked":["Skewer","Setup"],"picked":"Crippling Poison+1","floor":21},{"not_picked":["Bane","Acrobatics"],"picked":"Malaise","floor":22},{"not_picked":["Flechettes","Bouncing Flask","Dagger Throw"],"picked":"SKIP","floor":24}],"player_experience":336339,"relics_obtained":[{"floor":8,"key":"Omamori"},{"floor":9,"key":"Ornamental Fan"},{"floor":10,"key":"Ginger"},{"floor":24,"key":"Paper Crane"},{"floor":26,"key":"Juzu Bracelet"}],"event_choices":[{"damage_healed":0,"gold_gain":0,"player_choice":"Became a Ghost","damage_taken":0,"max_hp_gain":0,"max_hp_loss":35,"event_name":"Ghosts","floor":19,"gold_loss":0,"cards_obtained":["Ghostly","Ghostly","Ghostly","Ghostly","Ghostly"]},{"cards_removed":["Strike_G"],"damage_healed":0,"gold_gain":0,"player_choice":"Elegance","damage_taken":0,"max_hp_gain":0,"max_hp_loss":0,"event_name":"Back to Basics","floor":27,"gold_loss":0},{"damage_healed":0,"gold_gain":0,"player_choice":"Upgraded Two","damage_taken":0,"max_hp_gain":0,"max_hp_loss":0,"event_name":"Designer","floor":28,"gold_loss":40,"cards_upgraded":["Survivor","Corpse Explosion"]}],"is_beta":false,"boss_relics":[{"not_picked":["Snecko Eye","WristBlade"],"picked":"Astrolabe"}],"items_purged_floors":[7],"is_endless":false,"potions_floor_spawned":[1,2,4,10,14,22,24],"killed_by":"Gremlin Leader","ascension_level":9}