{"gold_per_floor":[110,127,139,64,76,76,103,103,103,132,152,178,189,222,222,297,297,317,328,338,349,26,26,42,42,65,100,8,41,41,59,59,134,134,151,166,15,15,26,26,58,58,58,90,90,121,176,206,206,206],"floor_reached":51,"playtime":2383,"items_purged":["Strike_R","Cleave"],"score":1641,"play_id":"693e74d0-a732-45b5-8b75-db2cb18ed220","local_time":"20180927234223","is_ascension_mode":true,"campfire_choices":[{"data":"Bash","floor":6,"key":"SMITH"},{"data":"Whirlwind","floor":8,"key":"SMITH"},{"data":"Inflame","floor":15,"key":"SMITH"},{"floor":23,"key":"REST"},{"data":"Clothesline","floor":30,"key":"SMITH"},{"data":"Heavy Blade","floor":32,"key":"SMITH"},{"floor":40,"key":"REST"},{"floor":42,"key":"REST"},{"floor":49,"key":"REST"}],"neow_cost":"PERCENT_DAMAGE","seed_source_timestamp":698298347660386,"circlet_count":0,"master_deck":["Bash+1","AscendersBane","Inflame+1","Whirlwind+1","Anger","Reaper","Ghostly Armor+1","Havoc+1","Armaments+1","Spot Weakness+1","Spot Weakness+1","Fiend Fire","Metallicize","Heavy Blade","Cleave","Anger","Heavy Blade+1","Clothesline+1","Headbutt","Flex+1","Warcry+1","Warcry+1","Infernal Blade+1","Warcry+1","Spot Weakness+1","Impervious+1","Intimidate+1","Impervious+1","Flex+1","Havoc+1","Power Through+1","Flex+1","True Grit+1","Shockwave+1"],"relics":["Burning Blood","Du-Vu Doll","Toxic Egg 2","Ornamental Fan","Pantograph","Mercury Hourglass","Ancient Tea Set","Pandora\u0027s Box","ClockworkSouvenir","MutagenicStrength","Boot","Juzu Bracelet","Singing Bowl","Fusion Hammer","Bronze Scales","Shuriken","Champion Belt","Happy Flower","Ginger","Dodecahedron"],"potions_floor_usage":[11,20,27,27,50,50],"damage_taken":[{"damage":7,"enemies":"Small Slimes","floor":1,"turns":4},{"damage":4,"enemies":"Jaw Worm","floor":2,"turns":6},{"damage":1,"enemies":"Cultist","floor":3,"turns":3},{"damage":16,"enemies":"Blue Slaver","floor":5,"turns":4},{"damage":20,"enemies":"Lagavulin","floor":7,"turns":6},{"damage":0,"enemies":"Gremlin Nob","floor":10,"turns":3},{"damage":4,"enemies":"3 Louse","floor":11,"turns":3},{"damage":12,"enemies":"3 Sentries","floor":12,"turns":4},{"damage":5,"enemies":"Red Slaver","floor":13,"turns":3},{"damage":16,"enemies":"Gremlin Nob","floor":14,"turns":4},{"damage":15,"enemies":"The Guardian","floor":16,"turns":12},{"damage":33,"enemies":"Spheric Guardian","floor":18,"turns":4},{"damage":22,"enemies":"2 Thieves","floor":19,"turns":2},{"damage":43,"enemies":"Cultist and Chosen","floor":20,"turns":6},{"damage":15,"enemies":"Centurion and Healer","floor":21,"turns":5},{"damage":18,"enemies":"Snake Plant","floor":24,"turns":2},{"damage":26,"enemies":"Slavers","floor":27,"turns":3},{"damage":30,"enemies":"Gremlin Leader","floor":29,"turns":4},{"damage":0,"enemies":"Sentry and Sphere","floor":31,"turns":1},{"damage":43,"enemies":"Collector","floor":33,"turns":7},{"damage":22,"enemies":"3 Shapes","floor":35,"turns":5},{"damage":7,"enemies":"3 Darklings","floor":36,"turns":3},{"damage":0,"enemies":"Transient","floor":39,"turns":6},{"damage":14,"enemies":"2 Orb Walkers","floor":41,"turns":4},{"damage":0,"enemies":"Nemesis","floor":44,"turns":5},{"damage":16,"enemies":"2 Orb Walkers","floor":46,"turns":4},{"damage":22,"enemies":"Mysterious Sphere","floor":47,"turns":3},{"damage":4,"enemies":"Giant Head","floor":48,"turns":6},{"damage":64,"enemies":"Awakened One","floor":50,"turns":8}],"seed_played":"7984405023979175393","potions_obtained":[{"floor":2,"key":"Fire Potion"},{"floor":7,"key":"FearPotion"},{"floor":10,"key":"EssenceOfSteel"},{"floor":13,"key":"AttackPotion"},{"floor":18,"key":"Energy Potion"},{"floor":21,"key":"Block Potion"},{"floor":27,"key":"Poison Potion"},{"floor":33,"key":"Ancient Potion"},{"floor":41,"key":"Weak Potion"}],"is_trial":false,"path_per_floor":["M","M","M","$","M","R","E","R","T","E","M","E","M","E","R","B",null,"M","M","M","M","$","R","M","?","T","E","$","E","R","M","R","B",null,"M","M","$","?","M","R","E","R","T","E","?","E","?","E","R","B"],"character_chosen":"IRONCLAD","items_purchased":["ClockworkSouvenir","Spot Weakness+1","Havoc+1","Power Through+1"],"campfire_rested":4,"item_purchase_floors":[22,28,37,37],"current_hp_per_floor":[49,51,56,56,46,46,42,42,42,48,64,69,75,65,65,66,73,46,52,25,32,32,54,42,42,42,58,58,51,51,65,65,70,74,60,77,77,73,73,73,67,75,75,75,75,65,61,79,79,57],"gold":206,"neow_bonus":"ONE_RARE_RELIC","is_prod":false,"is_daily":false,"chose_seed":false,"campfire_upgraded":5,"win_rate":0,"timestamp":1538084543,"path_taken":["M","M","M","$","M","R","E","R","T","E","M","E","M","E","R","BOSS","M","M","M","M","$","R","M","?","T","E","$","E","R","M","R","BOSS","M","M","$","?","M","R","E","R","T","E","?","E","?","E","R","BOSS"],"build_version":"2018-09-20","purchased_purges":2,"victory":true,"max_hp_per_floor":[75,75,75,75,75,75,75,75,75,75,75,75,75,75,75,75,75,75,75,75,75,75,75,75,75,75,75,75,75,75,75,75,75,75,77,77,77,73,73,73,75,75,75,75,75,75,77,79,79,79],"card_choices":[{"not_picked":["Shrug It Off","Cleave"],"picked":"Inflame","floor":1},{"not_picked":["Searing Blow","Burning Pact"],"picked":"Whirlwind","floor":2},{"not_picked":["Warcry","Havoc"],"picked":"Anger","floor":3},{"not_picked":["Thunderclap","Wild Strike"],"picked":"Reaper","floor":5},{"not_picked":["True Grit","Bloodletting"],"picked":"Ghostly Armor","floor":7},{"not_picked":["Clash","Dark Embrace"],"picked":"Havoc+1","floor":10},{"not_picked":["Anger","Clash"],"picked":"Armaments+1","floor":11},{"not_picked":["Dropkick","Anger","Armaments+1"],"picked":"SKIP","floor":12},{"not_picked":["Headbutt","Burning Pact+1"],"picked":"Spot Weakness+1","floor":13},{"not_picked":["Inflame","Wild Strike"],"picked":"Spot Weakness+1","floor":14},{"not_picked":["Berserk","Demon Form"],"picked":"Fiend Fire","floor":16},{"not_picked":["Iron Wave","Armaments+1","Combust"],"picked":"SKIP","floor":18},{"not_picked":["Wild Strike","Armaments+1"],"picked":"Flex+1","floor":19},{"not_picked":["Whirlwind+1","Thunderclap"],"picked":"Warcry+1","floor":20},{"not_picked":["Armaments+1","Body Slam"],"picked":"Warcry+1","floor":21},{"not_picked":["Twin Strike","Warcry+1"],"picked":"Infernal Blade+1","floor":24},{"not_picked":["Berserk","Cleave"],"picked":"Warcry+1","floor":27},{"not_picked":["Shockwave+1","Twin Strike"],"picked":"Impervious+1","floor":29},{"not_picked":["Seeing Red+1","Headbutt"],"picked":"Intimidate+1","floor":31},{"not_picked":["Fiend Fire","Berserk"],"picked":"Impervious+1","floor":33},{"not_picked":["Clothesline","Perfected Strike+1","Evolve"],"picked":"Singing Bowl","floor":35},{"not_picked":["Sentinel+1","Headbutt"],"picked":"Flex+1","floor":36},{"not_picked":["Pommel Strike","Thunderclap"],"picked":"Flex+1","floor":39},{"not_picked":["Metallicize","Cleave","Searing Blow"],"picked":"Singing Bowl","floor":41},{"not_picked":["Barricade","Sentinel+1"],"picked":"True Grit+1","floor":44},{"not_picked":["Evolve","Ghostly Armor+1"],"picked":"Shockwave+1","floor":46},{"not_picked":["Anger","Perfected Strike","Cleave"],"picked":"Singing Bowl","floor":47},{"not_picked":["Juggernaut","Clothesline","Rupture+1"],"picked":"Singing Bowl","floor":48}],"player_experience":1262271,"relics_obtained":[{"floor":7,"key":"Toxic Egg 2"},{"floor":9,"key":"Ornamental Fan"},{"floor":10,"key":"Pantograph"},{"floor":12,"key":"Mercury Hourglass"},{"floor":14,"key":"Ancient Tea Set"},{"floor":26,"key":"Boot"},{"floor":27,"key":"Juzu Bracelet"},{"floor":29,"key":"Singing Bowl"},{"floor":41,"key":"Bronze Scales"},{"floor":43,"key":"Shuriken"},{"floor":44,"key":"Champion Belt"},{"floor":46,"key":"Happy Flower"},{"floor":47,"key":"Ginger"},{"floor":48,"key":"Dodecahedron"}],"event_choices":[{"event_name":"Drug Dealer","player_choice":"Inject Mutagens","floor":25,"damage_taken":0},{"event_name":"Winding Halls","player_choice":"Max HP","floor":38,"damage_taken":0},{"event_name":"SecretPortal","player_choice":"Rejected Portal.","floor":45,"damage_taken":0},{"event_name":"Mysterious Sphere","player_choice":"Fight","floor":47,"damage_taken":0}],"is_beta":false,"boss_relics":[{"not_picked":["Ectoplasm","Velvet Choker"],"picked":"Pandora\u0027s Box"},{"not_picked":["Tiny House","White Beast Statue"],"picked":"Fusion Hammer"}],"items_purged_floors":[4,22],"is_endless":false,"potions_floor_spawned":[2,7,10,13,16,18,21,27,33,39,41,44,47],"ascension_level":17}