{"gold_per_floor":[109,259,184,184,20,20,51,51,51,51,85,95,129,142,142,217,217,236,236,253,36,36,36,71,85,112,123,136,51,51,78,78,149,149,165,210,485,18,33,64,64,76,76,76,76,104,4,30,30,30,30,30,30,30,57,57],"floor_reached":56,"playtime":3248,"items_purged":["Regret","Dualcast"],"score":2299,"play_id":"f4e20b5a-6b1d-4667-9521-901e4512d5bb","local_time":"20190109135331","is_ascension_mode":true,"campfire_choices":[{"data":"Zap","floor":6,"key":"SMITH"},{"data":"Buffer","floor":8,"key":"SMITH"},{"data":"1","floor":10,"key":"LIFT"},{"data":"2","floor":15,"key":"LIFT"},{"data":"3","floor":23,"key":"LIFT"},{"data":"Beam Cell","floor":30,"key":"SMITH"},{"data":"Beam Cell","floor":32,"key":"SMITH"},{"data":"Buffer","floor":41,"key":"SMITH"},{"floor":44,"key":"RECALL"},{"data":"Biased Cognition","floor":49,"key":"SMITH"},{"floor":53,"key":"REST"}],"neow_cost":"NONE","seed_source_timestamp":1345407287604806,"circlet_count":0,"master_deck":["AscendersBane","Strike_B","Strike_B","Strike_B","Defend_B","Defend_B","Defend_B","Defend_B","Zap+1","Ball Lightning","Buffer+1","Compile Driver","Compile Driver","Ball Lightning","Hologram","Cold Snap","Steam+1","Core Surge","Glacier","Beam Cell+1","Beam Cell+1","Go for the Eyes","Buffer+1","Barrage","FTL","Thunder Strike+1","Coolheaded","Biased Cognition+1"],"relics":["Cracked Core","NeowsBlessing","DataDisk","Peace Pipe","Girya","Strawberry","Bag of Preparation","Velvet Choker","MutagenicStrength","OrangePellets","Mercury Hourglass","Anchor","Juzu Bracelet","Question Card","Lizard Tail","Pocketwatch","Runic Capacitor","Oddly Smooth Stone","Pear","Omamori","Art of War","Symbiotic Virus"],"potions_floor_usage":[13,24,31,33,40,50,55],"damage_taken":[{"damage":0,"enemies":"2 Louse","floor":1,"turns":1},{"damage":0,"enemies":"3 Sentries","floor":7,"turns":1},{"damage":0,"enemies":"Gremlin Nob","floor":11,"turns":1},{"damage":0,"enemies":"Small Slimes","floor":12,"turns":2},{"damage":20,"enemies":"3 Sentries","floor":13,"turns":6},{"damage":2,"enemies":"Jaw Worm","floor":14,"turns":2},{"damage":21,"enemies":"The Guardian","floor":16,"turns":9},{"damage":0,"enemies":"Spheric Guardian","floor":18,"turns":3},{"damage":0,"enemies":"Shell Parasite","floor":20,"turns":3},{"damage":32,"enemies":"Gremlin Leader","floor":24,"turns":6},{"damage":0,"enemies":"Snecko","floor":25,"turns":3},{"damage":6,"enemies":"Snake Plant","floor":27,"turns":3},{"damage":6,"enemies":"Cultist and Chosen","floor":28,"turns":4},{"damage":0,"enemies":"Slavers","floor":31,"turns":3},{"damage":30,"enemies":"Automaton","floor":33,"turns":9},{"damage":0,"enemies":"Orb Walker","floor":35,"turns":2},{"damage":14,"enemies":"2 Orb Walkers","floor":36,"turns":5},{"damage":0,"enemies":"3 Darklings","floor":39,"turns":3},{"damage":0,"enemies":"Giant Head","floor":40,"turns":6},{"damage":0,"enemies":"Jaw Worm Horde","floor":42,"turns":3},{"damage":0,"enemies":"Reptomancer","floor":46,"turns":4},{"damage":3,"enemies":"Giant Head","floor":48,"turns":7},{"damage":24,"enemies":"Awakened One","floor":50,"turns":11},{"damage":0,"enemies":"Donu and Deca","floor":51,"turns":9},{"damage":20,"enemies":"Shield and Spear","floor":55,"turns":8},{"damage":121,"enemies":"The Heart","floor":56,"turns":11}],"seed_played":"7345396490744262101","potions_obtained":[{"floor":11,"key":"AttackPotion"},{"floor":12,"key":"Regen Potion"},{"floor":13,"key":"SmokeBomb"},{"floor":14,"key":"Regen Potion"},{"floor":28,"key":"Fire Potion"},{"floor":31,"key":"Regen Potion"},{"floor":33,"key":"Explosive Potion"},{"floor":39,"key":"Strength Potion"},{"floor":46,"key":"GamblersBrew"}],"is_trial":false,"path_per_floor":["M","?","?","?","$","R","E","R","T","R","E","M","E","M","R","B",null,"M","?","M","$","?","R","E","M","T","M","M","?","R","E","R","B",null,"M","?","?","$","M","E","R","M","T","R","?","E","$","E","R","B","B",null,"R","$","E","B"],"character_chosen":"DEFECT","items_purchased":["DataDisk","OrangePellets","Runic Capacitor","Oddly Smooth Stone"],"campfire_rested":1,"item_purchase_floors":[5,21,38,38],"current_hp_per_floor":[64,64,64,57,57,57,57,57,57,57,64,64,44,42,42,21,64,64,64,64,64,64,64,46,46,46,40,34,34,34,43,43,28,66,66,52,52,52,52,62,62,62,62,62,62,62,62,59,59,35,35,75,88,88,68,0],"gold":57,"neow_bonus":"THREE_ENEMY_KILL","is_prod":false,"is_daily":false,"chose_seed":false,"campfire_upgraded":6,"win_rate":0,"timestamp":1547038411,"path_taken":["M","?","?","?","?","R","E","R","T","R","E","M","E","M","R","BOSS","M","?","M","$","?","R","E","M","T","?","M","?","R","E","R","BOSS","M","?","?","$","M","E","R","M","T","R","?","E","$","E","R","BOSS","BOSS","R","$","E","BOSS"],"build_version":"2019-01-03v4","purchased_purges":2,"victory":false,"max_hp_per_floor":[71,71,71,71,71,71,71,71,71,71,78,78,78,78,78,78,78,78,78,78,78,78,78,78,78,78,78,78,78,78,78,78,78,78,78,78,78,78,78,88,88,88,88,88,88,88,88,88,88,88,88,88,88,88,88,88],"card_choices":[{"not_picked":["Cold Snap","Compile Driver"],"picked":"Ball Lightning","floor":1},{"not_picked":["Beam Cell","White Noise"],"picked":"Buffer","floor":7},{"not_picked":["Cold Snap","Beam Cell"],"picked":"Compile Driver","floor":11},{"not_picked":["Stack","Hello World"],"picked":"Compile Driver","floor":12},{"not_picked":["Lockon","Sweeping Beam"],"picked":"Ball Lightning","floor":13},{"not_picked":["Heatsinks","Stack"],"picked":"Hologram","floor":14},{"not_picked":["Leap","Stack"],"picked":"Cold Snap","floor":18},{"not_picked":["Recycle","Double Energy"],"picked":"Steam+1","floor":20},{"not_picked":["Streamline+1","Blizzard"],"picked":"Core Surge","floor":24},{"not_picked":["Rebound","Hello World"],"picked":"Glacier","floor":25},{"not_picked":["Barrage","Conserve Battery"],"picked":"Beam Cell","floor":27},{"not_picked":["Fusion+1","Gash"],"picked":"Beam Cell","floor":28},{"not_picked":["Multi-Cast","Redo"],"picked":"Go for the Eyes","floor":31},{"not_picked":["Thunder Strike","Machine Learning","Amplify"],"picked":"Buffer","floor":33},{"not_picked":["Stack","Gash+1","Chaos","Cold Snap"],"picked":"SKIP","floor":35},{"not_picked":["Self Repair","Recycle","Sunder"],"picked":"Barrage","floor":36},{"not_picked":["Cold Snap","Double Energy","Rebound"],"picked":"FTL","floor":39},{"not_picked":["Consume","Hologram","Chaos+1"],"picked":"Thunder Strike","floor":40},{"not_picked":["Self Repair+1","Stack","Cold Snap","Fusion"],"picked":"SKIP","floor":42},{"not_picked":["Doom and Gloom","Steam Power","Self Repair"],"picked":"Coolheaded","floor":46},{"not_picked":["Compile Driver","Conserve Battery","White Noise"],"picked":"Biased Cognition","floor":48},{"not_picked":["Turbo","Gash+1","Conserve Battery","Rip and Tear"],"picked":"SKIP","floor":55}],"player_experience":1775229,"relics_obtained":[{"floor":7,"key":"Peace Pipe"},{"floor":9,"key":"Girya"},{"floor":11,"key":"Strawberry"},{"floor":13,"key":"Bag of Preparation"},{"floor":24,"key":"Mercury Hourglass"},{"floor":26,"key":"Anchor"},{"floor":31,"key":"Question Card"},{"floor":36,"key":"Pocketwatch"},{"floor":40,"key":"Pear"},{"floor":46,"key":"Omamori"},{"floor":48,"key":"Art of War"},{"floor":55,"key":"Symbiotic Virus"}],"event_choices":[{"damage_healed":0,"gold_gain":150,"player_choice":"AGREE","damage_taken":0,"max_hp_gain":0,"max_hp_loss":0,"event_name":"Liars Game","floor":2,"gold_loss":0,"cards_obtained":["Doubt"]},{"cards_removed":["Doubt"],"damage_healed":0,"gold_gain":0,"player_choice":"Card Removal","damage_taken":0,"max_hp_gain":0,"max_hp_loss":0,"event_name":"The Cleric","floor":3,"gold_loss":75},{"cards_removed":["Strike_B"],"damage_healed":0,"gold_gain":0,"player_choice":"Card Removal","damage_taken":7,"max_hp_gain":0,"max_hp_loss":0,"event_name":"Golden Wing","floor":4,"gold_loss":0},{"damage_healed":0,"gold_gain":0,"player_choice":"Inject Mutagens","damage_taken":0,"relics_obtained":["MutagenicStrength"],"max_hp_gain":0,"max_hp_loss":0,"event_name":"Drug Dealer","floor":19,"gold_loss":0},{"damage_healed":0,"gold_gain":0,"player_choice":"Got Potions","damage_taken":0,"max_hp_gain":0,"max_hp_loss":0,"event_name":"Lab","floor":22,"gold_loss":0},{"damage_healed":0,"gold_gain":0,"player_choice":"Obtained Relic","damage_taken":0,"relics_obtained":["Juzu Bracelet"],"max_hp_gain":0,"max_hp_loss":0,"event_name":"Addict","floor":29,"gold_loss":85},{"damage_healed":0,"gold_gain":0,"player_choice":"Fight","damage_taken":0,"max_hp_gain":0,"max_hp_loss":0,"event_name":"Mysterious Sphere","floor":36,"gold_loss":0},{"damage_healed":0,"gold_gain":275,"player_choice":"Desecrate","damage_taken":0,"max_hp_gain":0,"max_hp_loss":0,"event_name":"Golden Shrine","floor":37,"gold_loss":0,"cards_obtained":["Regret"]},{"damage_healed":0,"gold_gain":0,"player_choice":"Forge","damage_taken":0,"max_hp_gain":0,"max_hp_loss":0,"event_name":"Accursed Blacksmith","floor":45,"gold_loss":0,"cards_upgraded":["Thunder Strike"]}],"is_beta":false,"boss_relics":[{"not_picked":["Pandora\u0027s Box","Runic Dome"],"picked":"Velvet Choker"},{"not_picked":["Inserter","Cursed Key"],"picked":"Lizard Tail"}],"items_purged_floors":[38,47],"is_endless":false,"potions_floor_spawned":[11,12,13,14,20,28,31,33,35,39,46],"killed_by":"The Heart","ascension_level":20}