{"gold_per_floor":[113,131,56,70,80,407,407,435,459,459,478,13,32,60,60,137,137,149,165,183,183,183,217,217,244,244,261,75,102,102,118,118,197,197,216,216,125,135,2,2,22,55,55,68,96,196,214,246,246,246],"floor_reached":50,"playtime":3709,"items_purged":["Regret","Strike_R","Strike_R","Strike_R","Defend_R"],"score":1549,"play_id":"3766cb3c-eab9-4329-8da2-9e0cdde77d69","local_time":"20181221003519","is_ascension_mode":true,"campfire_choices":[{"floor":10,"key":"REST"},{"data":"Immolate","floor":15,"key":"SMITH"},{"data":"Uppercut","floor":24,"key":"SMITH"},{"data":"Inflame","floor":30,"key":"SMITH"},{"data":"True Grit","floor":32,"key":"SMITH"},{"data":"Burning Pact","floor":40,"key":"SMITH"},{"floor":49,"key":"RECALL"}],"neow_cost":"CURSE","seed_source_timestamp":390270502700054,"circlet_count":0,"master_deck":["AscendersBane","Defend_R","Defend_R","Defend_R","Bash","Pummel","Feel No Pain","Uppercut+1","Immolate+1","Inflame+1","Feel No Pain","Shockwave","Rampage","Shrug It Off","Reaper","Shrug It Off","Fiend Fire","True Grit+1","Warcry","True Grit","Disarm","Burning Pact+1","Shrug It Off","Reckless Charge","Sentinel+1"],"relics":["Burning Blood","FossilizedHelix","Old Coin","Bronze Scales","Omamori","Regal Pillow","Thread and Needle","Bag of Marbles","Busted Crown","Turnip","Smiling Mask","Mummified Hand","Centennial Puzzle","Empty Cage","Lantern","Dream Catcher","Bird Faced Urn","Red Skull"],"potions_floor_usage":[6,25,45,45,48,48],"damage_taken":[{"damage":6,"enemies":"2 Louse","floor":1,"turns":4},{"damage":2,"enemies":"Cultist","floor":2,"turns":4},{"damage":0,"enemies":"Jaw Worm","floor":4,"turns":4},{"damage":11,"enemies":"Red Slaver","floor":5,"turns":5},{"damage":41,"enemies":"Lagavulin","floor":6,"turns":10},{"damage":34,"enemies":"Gremlin Nob","floor":8,"turns":5},{"damage":2,"enemies":"Exordium Wildlife","floor":11,"turns":4},{"damage":9,"enemies":"Blue Slaver","floor":13,"turns":4},{"damage":2,"enemies":"3 Sentries","floor":14,"turns":5},{"damage":0,"enemies":"Slime Boss","floor":16,"turns":9},{"damage":0,"enemies":"2 Thieves","floor":18,"turns":2},{"damage":6,"enemies":"Shell Parasite","floor":19,"turns":3},{"damage":5,"enemies":"Snecko","floor":20,"turns":6},{"damage":0,"enemies":"Gremlin Leader","floor":23,"turns":5},{"damage":28,"enemies":"Book of Stabbing","floor":25,"turns":4},{"damage":21,"enemies":"Snake Plant","floor":27,"turns":3},{"damage":6,"enemies":"Slavers","floor":29,"turns":4},{"damage":0,"enemies":"Centurion and Healer","floor":31,"turns":9},{"damage":0,"enemies":"Champ","floor":33,"turns":16},{"damage":0,"enemies":"3 Shapes","floor":35,"turns":6},{"damage":16,"enemies":"3 Darklings","floor":38,"turns":10},{"damage":31,"enemies":"Spire Growth","floor":41,"turns":6},{"damage":15,"enemies":"Nemesis","floor":42,"turns":13},{"damage":0,"enemies":"Sphere and 2 Shapes","floor":44,"turns":9},{"damage":0,"enemies":"Reptomancer","floor":45,"turns":7},{"damage":0,"enemies":"Mind Bloom Boss Battle","floor":46,"turns":16},{"damage":3,"enemies":"Transient","floor":47,"turns":6},{"damage":80,"enemies":"Giant Head","floor":48,"turns":10},{"damage":47,"enemies":"Time Eater","floor":50,"turns":20}],"seed_played":"-1612557697603599461","potions_obtained":[{"floor":2,"key":"SteroidPotion"},{"floor":11,"key":"Fire Potion"},{"floor":14,"key":"Block Potion"},{"floor":19,"key":"Swift Potion"},{"floor":27,"key":"Ancient Potion"},{"floor":29,"key":"EssenceOfSteel"},{"floor":44,"key":"PowerPotion"},{"floor":46,"key":"BloodPotion"},{"floor":47,"key":"Regen Potion"}],"is_trial":false,"path_per_floor":["M","M","$","M","M","E","?","E","T","R","M","$","M","E","R","B",null,"M","M","M","?","?","E","R","E","T","M","$","E","R","M","R","B",null,"M","?","$","M","$","R","M","E","T","M","E","?","M","E","R","B"],"character_chosen":"IRONCLAD","items_purchased":["Thread and Needle","Shockwave","Fiend Fire","True Grit","Disarm","Burning Pact"],"campfire_rested":1,"item_purchase_floors":[12,12,28,28,37,39],"current_hp_per_floor":[68,72,72,75,70,35,35,7,7,44,48,48,45,49,49,55,70,75,75,75,75,71,75,75,53,53,41,41,41,41,64,64,70,74,75,64,64,75,75,75,50,51,51,69,75,75,75,13,13,0],"gold":246,"neow_bonus":"ONE_RARE_RELIC","is_prod":false,"is_daily":false,"chose_seed":false,"campfire_upgraded":5,"win_rate":0,"timestamp":1545348919,"path_taken":["M","M","$","M","M","E","?","E","T","R","M","$","?","E","R","BOSS","M","M","M","?","?","E","R","E","T","?","$","E","R","M","R","BOSS","M","?","$","?","$","R","M","E","T","M","E","?","M","E","R","BOSS"],"build_version":"2018-12-13","purchased_purges":5,"victory":false,"max_hp_per_floor":[75,75,75,75,75,75,75,75,75,75,75,75,75,75,75,75,75,75,75,75,75,75,75,75,75,75,75,75,75,75,75,75,75,75,75,75,75,75,75,75,75,75,75,75,75,75,75,75,75,75],"card_choices":[{"not_picked":["Cleave","Flex"],"picked":"Pummel","floor":1},{"not_picked":["Pommel Strike","Armaments"],"picked":"Feel No Pain","floor":2},{"not_picked":["Wild Strike","Warcry"],"picked":"Uppercut","floor":4},{"not_picked":["Second Wind","Corruption"],"picked":"Flame Barrier","floor":5},{"not_picked":["Warcry","Second Wind"],"picked":"Immolate","floor":6},{"not_picked":["Sword Boomerang","Dark Embrace"],"picked":"Inflame","floor":8},{"not_picked":["Sentinel","Burning Pact"],"picked":"Feel No Pain","floor":11},{"not_picked":["Flex","Uppercut"],"picked":"Rampage","floor":13},{"not_picked":["Anger","Body Slam"],"picked":"Shrug It Off","floor":14},{"not_picked":["Juggernaut","Berserk"],"picked":"Reaper","floor":16},{"not_picked":["Cleave"],"picked":"SKIP","floor":18},{"not_picked":["Flex"],"picked":"SKIP","floor":19},{"not_picked":["Pommel Strike"],"picked":"SKIP","floor":20},{"not_picked":["Clash"],"picked":"SKIP","floor":23},{"not_picked":[],"picked":"Shrug It Off","floor":25},{"not_picked":["Iron Wave"],"picked":"SKIP","floor":27},{"not_picked":[],"picked":"Warcry","floor":29},{"not_picked":[],"picked":"True Grit","floor":31},{"not_picked":["Whirlwind"],"picked":"SKIP","floor":35},{"not_picked":["Anger"],"picked":"SKIP","floor":38},{"not_picked":["Anger"],"picked":"SKIP","floor":41},{"not_picked":[],"picked":"Shrug It Off","floor":42},{"not_picked":["Havoc"],"picked":"SKIP","floor":44},{"not_picked":["Reckless Charge"],"picked":"SKIP","floor":45},{"not_picked":[],"picked":"Reckless Charge","floor":45},{"not_picked":[],"picked":"Sentinel+1","floor":47},{"not_picked":["Flex"],"picked":"SKIP","floor":48}],"player_experience":1680942,"relics_obtained":[{"floor":6,"key":"Old Coin"},{"floor":8,"key":"Omamori"},{"floor":9,"key":"Regal Pillow"},{"floor":14,"key":"Bag of Marbles"},{"floor":23,"key":"Turnip"},{"floor":25,"key":"Smiling Mask"},{"floor":26,"key":"Mummified Hand"},{"floor":29,"key":"Centennial Puzzle"},{"floor":42,"key":"Lantern"},{"floor":45,"key":"Dream Catcher"},{"floor":46,"key":"Bird Faced Urn"},{"floor":48,"key":"Red Skull"}],"event_choices":[{"cards_removed":["Flame Barrier"],"damage_healed":0,"gold_gain":0,"player_choice":"Gave Card","damage_taken":0,"relics_obtained":["Bronze Scales"],"max_hp_gain":0,"max_hp_loss":0,"event_name":"WeMeetAgain","floor":7,"gold_loss":0},{"damage_healed":0,"gold_gain":0,"player_choice":"Ignored","damage_taken":0,"max_hp_gain":0,"max_hp_loss":0,"event_name":"Vampires","floor":21,"gold_loss":0},{"damage_healed":0,"gold_gain":0,"player_choice":"Bought 0 Potions","damage_taken":0,"max_hp_gain":0,"max_hp_loss":0,"event_name":"The Woman in Blue","floor":22,"gold_loss":0},{"damage_healed":0,"gold_gain":0,"player_choice":"Damaged","damage_taken":11,"max_hp_gain":0,"max_hp_loss":0,"event_name":"Wheel of Change","floor":36,"gold_loss":0},{"damage_healed":0,"gold_gain":0,"player_choice":"Fight","damage_taken":0,"max_hp_gain":0,"max_hp_loss":0,"event_name":"MindBloom","floor":46,"gold_loss":0}],"is_beta":false,"boss_relics":[{"not_picked":["Orrery","White Beast Statue"],"picked":"Busted Crown"},{"not_picked":["Philosopher\u0027s Stone","Eternal Feather"],"picked":"Empty Cage"}],"items_purged_floors":[3,12,28,37,39],"is_endless":false,"potions_floor_spawned":[2,11,14,16,19,27,29,31,33,35,44,46,47],"killed_by":"Time Eater","ascension_level":20}