{"gold_per_floor":[113,126,140,140,155,155,186,186,211,242,242,277,28,103,103,208,208,221,73,90,180,194,194,226,226,249,266,300,23,23,37,37,37],"floor_reached":33,"playtime":1782,"items_purged":["Strike_B","Strike_B","Strike_B"],"score":394,"play_id":"21eddb90-2065-4bc6-b675-8e1da049e8f5","local_time":"20190210140458","is_ascension_mode":true,"campfire_choices":[{"data":"Zap","floor":6,"key":"SMITH"},{"data":"Ball Lightning","floor":8,"key":"SMITH"},{"floor":11,"key":"REST"},{"data":"Loop","floor":15,"key":"SMITH"},{"data":"Rainbow","floor":23,"key":"SMITH"},{"data":"Static Discharge","floor":25,"key":"SMITH"},{"data":"Leap","floor":30,"key":"SMITH"},{"floor":32,"key":"REST"}],"neow_cost":"NONE","seed_source_timestamp":398008349202000,"circlet_count":0,"master_deck":["Strike_B","Defend_B","Defend_B","Defend_B","Defend_B","Zap+1","Dualcast","Barrage","Ball Lightning+1","Cold Snap","Static Discharge+1","Leap+1","Coolheaded","Skim","FTL+1","Loop+1","Rainbow+1","Go for the Eyes+1","Sunder+1","Reinforced Body","Chaos+1","Ball Lightning+1"],"relics":["Cracked Core","Vajra","Potion Belt","Anchor","Molten Egg 2","Busted Crown","Bottled Tornado","Lantern","Symbiotic Virus"],"potions_floor_usage":[10,24,24,24,24,28,33,33,33,33],"damage_taken":[{"damage":7,"enemies":"Small Slimes","floor":1,"turns":3},{"damage":4,"enemies":"Jaw Worm","floor":2,"turns":4},{"damage":1,"enemies":"Cultist","floor":3,"turns":3},{"damage":0,"enemies":"2 Fungi Beasts","floor":5,"turns":2},{"damage":18,"enemies":"3 Sentries","floor":7,"turns":5},{"damage":12,"enemies":"Gremlin Nob","floor":10,"turns":3},{"damage":13,"enemies":"3 Sentries","floor":12,"turns":6},{"damage":10,"enemies":"Slime Boss","floor":16,"turns":7},{"damage":2,"enemies":"Shell Parasite","floor":18,"turns":4},{"damage":11,"enemies":"3 Byrds","floor":20,"turns":4},{"damage":4,"enemies":"Snake Plant","floor":22,"turns":4},{"damage":7,"enemies":"Gremlin Leader","floor":24,"turns":5},{"damage":0,"enemies":"Centurion and Healer","floor":27,"turns":4},{"damage":0,"enemies":"Book of Stabbing","floor":28,"turns":4},{"damage":4,"enemies":"Shelled Parasite and Fungi","floor":31,"turns":4},{"damage":62,"enemies":"Champ","floor":33,"turns":9}],"seed_played":"324392792902768302","potions_obtained":[{"floor":5,"key":"SteroidPotion"},{"floor":7,"key":"SkillPotion"},{"floor":16,"key":"Energy Potion"},{"floor":18,"key":"Fruit Juice"},{"floor":24,"key":"SkillPotion"},{"floor":28,"key":"AttackPotion"}],"is_trial":false,"path_per_floor":["M","M","M","?","M","R","E","R","T","E","R","E","$","?","R","B",null,"M","$","M","?","M","R","E","R","T","M","E","$","R","M","R","B"],"character_chosen":"DEFECT","items_purchased":["FTL+1","Loop","SpeedPotion","Go for the Eyes+1","Ball Lightning+1","Energy Potion","Swift Potion"],"campfire_rested":2,"item_purchase_floors":[13,13,13,19,29,29,29],"current_hp_per_floor":[75,71,70,70,70,70,52,52,52,40,64,51,51,40,40,30,82,80,80,69,45,41,41,39,39,39,39,39,39,39,35,61,0],"gold":37,"neow_bonus":"TEN_PERCENT_HP_BONUS","is_prod":false,"is_daily":false,"chose_seed":false,"campfire_upgraded":6,"win_rate":0,"timestamp":1549825498,"path_taken":["M","M","M","?","M","R","E","R","T","E","R","E","$","?","R","BOSS","M","$","M","?","M","R","E","R","T","M","E","?","R","M","R","BOSS"],"build_version":"2019-01-23","purchased_purges":3,"victory":false,"max_hp_per_floor":[82,82,82,82,82,82,82,82,82,82,82,82,82,82,82,82,82,82,82,82,82,82,82,87,87,87,87,87,87,87,87,87,87],"card_choices":[{"not_picked":["Go for the Eyes","Compile Driver"],"picked":"Barrage","floor":1},{"not_picked":["Leap","All For One"],"picked":"Ball Lightning","floor":2},{"not_picked":["Rebound","Beam Cell"],"picked":"Cold Snap","floor":3},{"not_picked":["Leap","Doom and Gloom"],"picked":"Static Discharge","floor":5},{"not_picked":["Undo","Reboot"],"picked":"Leap","floor":7},{"not_picked":["Gash","Go for the Eyes"],"picked":"Coolheaded","floor":10},{"not_picked":["Beam Cell","Turbo"],"picked":"Skim","floor":12},{"not_picked":["Amplify","Hyperbeam+1"],"picked":"Rainbow","floor":16},{"not_picked":["Tempest"],"picked":"SKIP","floor":18},{"not_picked":[],"picked":"Sunder+1","floor":20},{"not_picked":[],"picked":"Reinforced Body","floor":22},{"not_picked":[],"picked":"Chaos+1","floor":24},{"not_picked":["Turbo"],"picked":"SKIP","floor":27},{"not_picked":["Heatsinks"],"picked":"SKIP","floor":28},{"not_picked":["Auto Shields"],"picked":"SKIP","floor":31}],"player_experience":191874,"relics_obtained":[{"floor":7,"key":"Vajra"},{"floor":9,"key":"Potion Belt"},{"floor":10,"key":"Anchor"},{"floor":12,"key":"Molten Egg 2"},{"floor":24,"key":"Bottled Tornado"},{"floor":26,"key":"Lantern"},{"floor":28,"key":"Symbiotic Virus"}],"event_choices":[{"damage_healed":0,"gold_gain":0,"player_choice":"Ignored","damage_taken":0,"max_hp_gain":0,"max_hp_loss":0,"event_name":"Liars Game","floor":4,"gold_loss":0},{"damage_healed":0,"gold_gain":75,"player_choice":"Gather Gold","damage_taken":11,"max_hp_gain":0,"max_hp_loss":0,"event_name":"World of Goop","floor":14,"gold_loss":0},{"damage_healed":0,"gold_gain":90,"player_choice":"POTION GOLD ","damage_taken":24,"max_hp_gain":0,"max_hp_loss":0,"event_name":"Knowing Skull","floor":21,"potions_obtained":["Poison Potion"],"gold_loss":0,"cards_obtained":[]}],"is_beta":false,"boss_relics":[{"not_picked":["Velvet Choker","FrozenCore"],"picked":"Busted Crown"}],"items_purged_floors":[13,19,29],"is_endless":false,"potions_floor_spawned":[5,7,16,18,24,28],"killed_by":"Champ","ascension_level":4}