{"gold_per_floor":[118,43,43,54,68,97,97,109,156,2,2,2,14,0,0,104,104,118,105,105,32,32,32,32],"floor_reached":24,"playtime":958,"items_purged":[],"score":252,"play_id":"5a634b06-e9eb-4208-a3e0-90d125160013","local_time":"20190308011504","is_ascension_mode":true,"campfire_choices":[{"data":"Zap","floor":7,"key":"SMITH"},{"data":"Capacitor","floor":12,"key":"SMITH"},{"floor":15,"key":"REST"},{"floor":23,"key":"REST"}],"neow_cost":"NONE","seed_source_timestamp":46834155633700,"circlet_count":0,"master_deck":["Strike_B","Strike_B","Strike_B","Strike_B","Defend_B","Defend_B","Defend_B","Defend_B","Zap+1","Dualcast","Forethought","Steam","Capacitor+1","Barrage","Doom and Gloom","Consume+1","Coolheaded","Leap","Echo Form","Compile Driver","Defragment","Defragment"],"relics":["Cracked Core","Dodecahedron","Happy Flower","Blood Vial","Velvet Choker","Shovel"],"potions_floor_usage":[16,18,19,24],"damage_taken":[{"damage":1,"enemies":"2 Louse","floor":1,"turns":3},{"damage":1,"enemies":"Jaw Worm","floor":4,"turns":4},{"damage":0,"enemies":"Cultist","floor":5,"turns":4},{"damage":38,"enemies":"Lagavulin","floor":6,"turns":8},{"damage":0,"enemies":"Large Slime","floor":8,"turns":5},{"damage":6,"enemies":"Looter","floor":13,"turns":4},{"damage":31,"enemies":"Hexaghost","floor":16,"turns":12},{"damage":11,"enemies":"Shell Parasite","floor":18,"turns":7},{"damage":39,"enemies":"2 Thieves","floor":19,"turns":4},{"damage":46,"enemies":"3 Cultists","floor":24,"turns":4}],"seed_played":"2272701118392060801","potions_obtained":[{"floor":1,"key":"Energy Potion"},{"floor":13,"key":"Block Potion"},{"floor":16,"key":"AttackPotion"},{"floor":19,"key":"PowerPotion"}],"is_trial":false,"path_per_floor":["M","$","?","M","M","E","R","M","T","$","?","R","M","?","R","B",null,"M","M","?","$","T","R","M"],"character_chosen":"DEFECT","items_purchased":["Capacitor","Blood Vial","Defragment"],"campfire_rested":2,"item_purchase_floors":[2,10,21],"current_hp_per_floor":[67,67,67,66,66,28,28,28,28,28,28,28,24,24,46,17,61,52,15,15,15,15,37,0],"gold":32,"neow_bonus":"RANDOM_COLORLESS","is_prod":false,"is_daily":false,"chose_seed":false,"campfire_upgraded":2,"win_rate":0,"timestamp":1552036504,"path_taken":["M","$","?","M","M","E","R","M","T","$","?","R","?","?","R","BOSS","M","M","?","$","?","R","?"],"build_version":"2019-01-23","purchased_purges":0,"victory":false,"max_hp_per_floor":[75,75,75,75,75,75,75,75,75,75,75,75,75,75,75,75,75,75,75,75,75,75,75,75],"card_choices":[{"not_picked":["Gash","Stack"],"picked":"Steam","floor":1},{"not_picked":["Conserve Battery","Steam"],"picked":"Barrage","floor":4},{"not_picked":["Stack","Scrape"],"picked":"Doom and Gloom","floor":5},{"not_picked":["Amplify","Loop"],"picked":"Consume","floor":6},{"not_picked":["Rebound","Sweeping Beam"],"picked":"Coolheaded","floor":8},{"not_picked":["Barrage","Sweeping Beam"],"picked":"Leap","floor":13},{"not_picked":["Buffer","Hyperbeam"],"picked":"Echo Form","floor":16},{"not_picked":["Beam Cell","Storm"],"picked":"Compile Driver","floor":18},{"not_picked":["Self Repair+1","Reprogram"],"picked":"Defragment","floor":19}],"player_experience":365588,"relics_obtained":[{"floor":6,"key":"Dodecahedron"},{"floor":9,"key":"Happy Flower"},{"floor":22,"key":"Shovel"}],"event_choices":[{"damage_healed":0,"gold_gain":0,"player_choice":"Ignored","damage_taken":0,"max_hp_gain":0,"max_hp_loss":0,"event_name":"Shining Light","floor":3,"gold_loss":0},{"damage_healed":0,"gold_gain":0,"player_choice":"Upgraded","damage_taken":0,"max_hp_gain":0,"max_hp_loss":0,"event_name":"Upgrade Shrine","floor":11,"gold_loss":0,"cards_upgraded":["Consume"]},{"damage_healed":0,"gold_gain":0,"player_choice":"Left Gold","damage_taken":0,"max_hp_gain":0,"max_hp_loss":0,"event_name":"World of Goop","floor":14,"gold_loss":14},{"damage_healed":0,"gold_gain":0,"player_choice":"Leave","damage_taken":0,"max_hp_gain":0,"max_hp_loss":0,"event_name":"FaceTrader","floor":20,"gold_loss":0}],"is_beta":false,"boss_relics":[{"not_picked":["Pandora\u0027s Box","Busted Crown"],"picked":"Velvet Choker"}],"items_purged_floors":[],"is_endless":false,"potions_floor_spawned":[1,13,16,19],"killed_by":"3 Cultists","ascension_level":6}