{"gold_per_floor":[111,127,140,151,226,226,226,16,16,16,26,37,64,64],"floor_reached":14,"playtime":791,"items_purged":[],"score":184,"play_id":"84086c34-5fd8-4311-ac34-a0cc5c9b57a3","local_time":"20190205001041","is_ascension_mode":true,"campfire_choices":[{"data":"Double Energy","floor":6,"key":"SMITH"},{"floor":7,"key":"REST"}],"neow_cost":"TEN_PERCENT_HP_LOSS","seed_source_timestamp":526490064649649,"circlet_count":0,"master_deck":["AscendersBane","Strike_B","Strike_B","Strike_B","Strike_B","Defend_B","Defend_B","Defend_B","Defend_B","Zap","Dualcast","Double Energy+1","Cold Snap","Compile Driver","FTL","Static Discharge","Streamline","Sunder","Multi-Cast"],"relics":["Cracked Core","WingedGreaves","Lantern","Juzu Bracelet","Bottled Tornado"],"potions_floor_usage":[4,11,11,13],"damage_taken":[{"damage":1,"enemies":"Cultist","floor":1,"turns":4},{"damage":4,"enemies":"Small Slimes","floor":2,"turns":4},{"damage":0,"enemies":"2 Louse","floor":3,"turns":3},{"damage":13,"enemies":"Exordium Thugs","floor":4,"turns":5},{"damage":3,"enemies":"Blue Slaver","floor":11,"turns":2},{"damage":19,"enemies":"Gremlin Gang","floor":12,"turns":7},{"damage":9,"enemies":"3 Sentries","floor":13,"turns":7},{"damage":33,"enemies":"Lagavulin","floor":14,"turns":5}],"seed_played":"3830106532716973714","potions_obtained":[{"floor":1,"key":"PowerPotion"},{"floor":4,"key":"Swift Potion"},{"floor":11,"key":"Fruit Juice"},{"floor":12,"key":"Swift Potion"}],"is_trial":false,"path_per_floor":["M","M","M","M","?","R","R","$","T","?","M","M","E","E"],"character_chosen":"DEFECT","items_purchased":["Lantern","Static Discharge"],"campfire_rested":1,"item_purchase_floors":[8,8],"current_hp_per_floor":[63,59,59,46,35,35,54,54,54,54,56,37,28,0],"gold":64,"neow_bonus":"ONE_RARE_RELIC","is_prod":false,"is_daily":false,"chose_seed":false,"campfire_upgraded":1,"win_rate":0,"timestamp":1549318241,"path_taken":["M","?","M","M","?","R","R","$","T","?","M","M","E","E"],"build_version":"2019-01-23","purchased_purges":0,"victory":false,"max_hp_per_floor":[64,64,64,64,64,64,64,64,64,64,69,69,69,69],"card_choices":[{"not_picked":["Skim","Tempest"],"picked":"Double Energy","floor":1},{"not_picked":["Hologram","Turbo"],"picked":"Cold Snap","floor":2},{"not_picked":["Coolheaded","Gash"],"picked":"Compile Driver","floor":3},{"not_picked":["Redo","Compile Driver"],"picked":"FTL","floor":4},{"not_picked":["Hologram","Steam Power"],"picked":"Streamline","floor":11},{"not_picked":["Compile Driver","Scrape"],"picked":"Sunder","floor":12},{"not_picked":["Steam","Rebound"],"picked":"Multi-Cast","floor":13}],"player_experience":1516891,"relics_obtained":[{"floor":9,"key":"Juzu Bracelet"},{"floor":13,"key":"Bottled Tornado"}],"event_choices":[{"damage_healed":0,"gold_gain":75,"player_choice":"Gather Gold","damage_taken":11,"max_hp_gain":0,"max_hp_loss":0,"event_name":"World of Goop","floor":5,"gold_loss":0},{"damage_healed":0,"gold_gain":0,"player_choice":"Searched \u00270\u0027 times","damage_taken":0,"max_hp_gain":0,"max_hp_loss":0,"event_name":"Dead Adventurer","floor":10,"gold_loss":0}],"is_beta":false,"boss_relics":[],"items_purged_floors":[],"is_endless":false,"potions_floor_spawned":[1,4,11,12],"killed_by":"Lagavulin","ascension_level":20}