{"gold_per_floor":[10,10,30,30,41,41,53,53,103,137,149,173,185,212,224,311,323,354,394,406],"floor_reached":20,"playtime":886,"items_purged":[],"score":348,"play_id":"7679d25a-6303-483c-ba65-24aeeca7306a","local_time":"20181228021529","is_ascension_mode":true,"campfire_choices":[{"data":"Carnage","floor":6,"key":"SMITH"},{"data":"Pommel Strike","floor":8,"key":"SMITH"},{"data":"Bash","floor":13,"key":"SMITH"},{"data":"Carnage","floor":15,"key":"SMITH"}],"neow_cost":"NO_GOLD","seed_source_timestamp":268935806135454,"circlet_count":0,"master_deck":["AscendersBane","Strike_R+1","Strike_R+1","Strike_R","Defend_R","Defend_R","Defend_R","Defend_R","Bash+1","Brutality","Perfected Strike","Sword Boomerang+1","Pommel Strike+1","Carnage+1","Shrug It Off","Pommel Strike","Carnage+1","Reaper","Anger"],"relics":["Burning Blood","Smiling Mask","MawBank","Lizard Tail","Red Mask"],"potions_floor_usage":[10,10,16,18,19],"damage_taken":[{"damage":14,"enemies":"Small Slimes","floor":1,"turns":4},{"damage":8,"enemies":"Jaw Worm","floor":3,"turns":4},{"damage":1,"enemies":"Cultist","floor":5,"turns":3},{"damage":4,"enemies":"Large Slime","floor":7,"turns":5},{"damage":17,"enemies":"Lagavulin","floor":10,"turns":4},{"damage":4,"enemies":"Exordium Thugs","floor":12,"turns":5},{"damage":11,"enemies":"Blue Slaver","floor":14,"turns":3},{"damage":24,"enemies":"Slime Boss","floor":16,"turns":7},{"damage":24,"enemies":"2 Thieves","floor":18,"turns":5},{"damage":57,"enemies":"Masked Bandits","floor":19,"turns":4},{"damage":67,"enemies":"Spheric Guardian","floor":20,"turns":6}],"seed_played":"-7008480200930730562","potions_obtained":[{"floor":1,"key":"AttackPotion"},{"floor":3,"key":"Block Potion"},{"floor":7,"key":"Strength Potion"},{"floor":12,"key":"Explosive Potion"},{"floor":16,"key":"Block Potion"},{"floor":18,"key":"Strength Potion"}],"is_trial":false,"path_per_floor":["M","?","M","$","M","R","M","R","T","E","?","M","R","M","R","B",null,"M","?","M"],"character_chosen":"IRONCLAD","items_purchased":[],"campfire_rested":0,"item_purchase_floors":[],"current_hp_per_floor":[60,37,35,35,40,40,42,42,42,31,31,33,33,28,28,10,59,49,16,0],"gold":406,"neow_bonus":"TRANSFORM_TWO_CARDS","is_prod":false,"is_daily":false,"chose_seed":false,"campfire_upgraded":4,"win_rate":0,"timestamp":1545959729,"path_taken":["M","?","M","$","M","R","M","R","T","E","?","M","R","?","R","BOSS","M","?","M"],"build_version":"2018-12-20","purchased_purges":0,"victory":false,"max_hp_per_floor":[75,75,75,75,75,75,75,75,75,75,75,75,75,75,75,75,75,75,75,75],"card_choices":[{"not_picked":["Warcry","Iron Wave"],"picked":"Sword Boomerang","floor":1},{"not_picked":["Searing Blow","Twin Strike"],"picked":"Pommel Strike","floor":3},{"not_picked":["Searing Blow","Clash"],"picked":"Carnage","floor":5},{"not_picked":["Uppercut","Twin Strike","Headbutt"],"picked":"SKIP","floor":7},{"not_picked":["Hemokinesis","Sword Boomerang"],"picked":"Shrug It Off","floor":10},{"not_picked":["Carnage","Dropkick"],"picked":"Pommel Strike","floor":12},{"not_picked":["Headbutt","Armaments"],"picked":"Carnage","floor":14},{"not_picked":["Offering","Exhume"],"picked":"Reaper","floor":16},{"not_picked":["Flex","Warcry"],"picked":"Anger","floor":18}],"player_experience":1750501,"relics_obtained":[{"floor":9,"key":"Smiling Mask"},{"floor":10,"key":"MawBank"},{"floor":19,"key":"Red Mask"}],"event_choices":[{"damage_healed":0,"gold_gain":0,"player_choice":"Entered Light","damage_taken":23,"max_hp_gain":0,"max_hp_loss":0,"event_name":"Shining Light","floor":2,"gold_loss":0,"cards_upgraded":["Strike_R","Strike_R"]},{"damage_healed":0,"gold_gain":0,"player_choice":"Upgraded","damage_taken":0,"max_hp_gain":0,"max_hp_loss":0,"event_name":"Upgrade Shrine","floor":11,"gold_loss":0,"cards_upgraded":["Sword Boomerang"]},{"damage_healed":0,"gold_gain":0,"player_choice":"Fought Bandits","damage_taken":0,"max_hp_gain":0,"max_hp_loss":0,"event_name":"Masked Bandits","floor":19,"gold_loss":0}],"is_beta":false,"boss_relics":[{"not_picked":["Ectoplasm","Tiny House"],"picked":"Lizard Tail"}],"items_purged_floors":[],"is_endless":false,"potions_floor_spawned":[1,3,7,12,16,18],"killed_by":"Spheric Guardian","ascension_level":20}