{"gold_per_floor":[366,366,385,2,18,18,45,45,71,117,129,141,170,207,219,308,320,348,395,427,453,465],"floor_reached":22,"playtime":1410,"items_purged":["Strike_R"],"score":408,"play_id":"2c6c18d4-9b52-4b62-af80-52b5cb261335","local_time":"20190204233032","is_ascension_mode":true,"campfire_choices":[{"data":"Bash","floor":6,"key":"SMITH"},{"data":"Feel No Pain","floor":8,"key":"SMITH"},{"data":"Clothesline","floor":15,"key":"SMITH"}],"neow_cost":"PERCENT_DAMAGE","seed_source_timestamp":1721281721840935,"circlet_count":0,"master_deck":["AscendersBane","Strike_R","Strike_R","Defend_R","Defend_R","Defend_R","Defend_R","Bash+1","Clothesline+1","Reckless Charge","Feel No Pain+1","Battle Trance","PanicButton","Battle Trance","Exhume","Offering","Shrug It Off","Shrug It Off"],"relics":["Burning Blood","Bag of Marbles","MawBank","Omamori","Art of War","Fusion Hammer","Red Mask"],"potions_floor_usage":[7,10,14,16,19,22,22],"damage_taken":[{"damage":4,"enemies":"Jaw Worm","floor":1,"turns":5},{"damage":4,"enemies":"Cultist","floor":3,"turns":3},{"damage":0,"enemies":"2 Louse","floor":5,"turns":2},{"damage":17,"enemies":"3 Sentries","floor":7,"turns":13},{"damage":8,"enemies":"Gremlin Nob","floor":10,"turns":4},{"damage":14,"enemies":"Lots of Slimes","floor":13,"turns":7},{"damage":11,"enemies":"3 Sentries","floor":14,"turns":11},{"damage":29,"enemies":"The Guardian","floor":16,"turns":16},{"damage":24,"enemies":"3 Byrds","floor":18,"turns":9},{"damage":20,"enemies":"Masked Bandits","floor":19,"turns":3},{"damage":17,"enemies":"2 Thieves","floor":20,"turns":4},{"damage":6,"enemies":"Centurion and Healer","floor":21,"turns":8},{"damage":21,"enemies":"Chosen and Byrds","floor":22,"turns":7}],"seed_played":"-8218325764864667073","potions_obtained":[{"floor":5,"key":"Energy Potion"},{"floor":10,"key":"Energy Potion"},{"floor":13,"key":"SpeedPotion"},{"floor":16,"key":"Swift Potion"},{"floor":21,"key":"EntropicBrew"}],"is_trial":false,"path_per_floor":["M","?","M","$","M","R","E","R","T","E","?","$","M","E","R","B",null,"M","?","M","M","M"],"character_chosen":"IRONCLAD","items_purchased":["Feel No Pain","Battle Trance","Fire Potion","PanicButton"],"campfire_rested":0,"item_purchase_floors":[4,4,4,4],"current_hp_per_floor":[52,52,54,54,60,60,49,49,49,47,47,47,39,34,34,11,59,41,27,16,16,0],"gold":465,"neow_bonus":"TWO_FIFTY_GOLD","is_prod":false,"is_daily":false,"chose_seed":false,"campfire_upgraded":3,"win_rate":0,"timestamp":1549319432,"path_taken":["M","?","M","$","?","R","E","R","T","E","?","$","?","E","R","BOSS","M","?","M","M","M"],"build_version":"2019-01-23","purchased_purges":1,"victory":false,"max_hp_per_floor":[75,75,75,75,75,75,75,75,75,75,75,75,75,75,75,75,75,75,75,75,75,75],"card_choices":[{"not_picked":["Heavy Blade","Dual Wield"],"picked":"Clothesline","floor":1},{"not_picked":["Clash","Thunderclap"],"picked":"Reckless Charge","floor":3},{"not_picked":["Intimidate","Havoc","Clothesline"],"picked":"SKIP","floor":5},{"not_picked":["Sever Soul","Hemokinesis","Clothesline"],"picked":"SKIP","floor":7},{"not_picked":["Sword Boomerang","Combust","Entrench"],"picked":"SKIP","floor":10},{"not_picked":["Armaments","Headbutt"],"picked":"Battle Trance","floor":13},{"not_picked":["Warcry","Metallicize"],"picked":"Exhume","floor":14},{"not_picked":["Demon Form","Double Tap"],"picked":"Offering","floor":16},{"not_picked":["Carnage","Fire Breathing","Perfected Strike"],"picked":"SKIP","floor":18},{"not_picked":["Blood for Blood","Reckless Charge"],"picked":"Shrug It Off","floor":20},{"not_picked":["Rampage","Wild Strike"],"picked":"Shrug It Off","floor":21}],"player_experience":1863630,"relics_obtained":[{"floor":7,"key":"Bag of Marbles"},{"floor":9,"key":"MawBank"},{"floor":10,"key":"Omamori"},{"floor":14,"key":"Art of War"},{"floor":19,"key":"Red Mask"}],"event_choices":[{"cards_removed":["Strike_R"],"damage_healed":0,"gold_gain":0,"player_choice":"Offered Basic","damage_taken":0,"max_hp_gain":0,"max_hp_loss":0,"event_name":"Bonfire Elementals","floor":2,"gold_loss":0},{"cards_removed":["Strike_R"],"damage_healed":0,"gold_gain":0,"player_choice":"Purged","damage_taken":0,"max_hp_gain":0,"max_hp_loss":0,"event_name":"Purifier","floor":11,"gold_loss":0},{"damage_healed":0,"gold_gain":0,"player_choice":"Fought Bandits","damage_taken":0,"max_hp_gain":0,"max_hp_loss":0,"event_name":"Masked Bandits","floor":19,"gold_loss":0}],"is_beta":false,"boss_relics":[{"not_picked":["Ectoplasm","Mark of Pain"],"picked":"Fusion Hammer"}],"items_purged_floors":[4],"is_endless":false,"potions_floor_spawned":[5,10,13,16,21],"killed_by":"Chosen and Byrds","ascension_level":20}