{"gold_per_floor":[114,127,147,165,177,177,210,210,210,35,64,81,112,125,125,202,202,202,202,202,202,202,202,202,202],"floor_reached":25,"playtime":1408,"items_purged":[],"score":615,"play_id":"f8666b6f-c303-4123-ae72-20c37c3439d5","local_time":"20181015181009","is_ascension_mode":true,"campfire_choices":[{"data":"Lockon","floor":6,"key":"SMITH"},{"floor":8,"key":"REST"},{"data":"1","floor":15,"key":"LIFT"},{"data":"2","floor":24,"key":"LIFT"}],"neow_cost":"NONE","seed_source_timestamp":447904128460967,"circlet_count":0,"master_deck":["Strike_B","Strike_B","Strike_B","Defend_B","Defend_B","Defend_B","Defend_B","Zap","Dualcast","AscendersBane","Coolheaded","Ball Lightning","Self Repair","Lockon+1","Biased Cognition","Hologram","Undo","Sweeping Beam","Fission","Sunder","Genetic Algorithm","Core Surge","Ghostly","Ghostly","Ghostly","Ghostly","Ghostly","Tempest","Fusion+1","Hologram","BootSequence"],"relics":["Cracked Core","Smiling Mask","Torii","Omamori","Girya","Prayer Wheel","Ectoplasm","Red Mask","Blood Vial"],"potions_floor_usage":[4,12,22,22,23],"damage_taken":[{"damage":2,"enemies":"Small Slimes","floor":1,"turns":4},{"damage":0,"enemies":"2 Louse","floor":2,"turns":4},{"damage":7,"enemies":"Jaw Worm","floor":3,"turns":3},{"damage":6,"enemies":"Red Slaver","floor":4,"turns":4},{"damage":11,"enemies":"3 Louse","floor":5,"turns":4},{"damage":21,"enemies":"Lagavulin","floor":7,"turns":7},{"damage":10,"enemies":"3 Sentries","floor":11,"turns":7},{"damage":2,"enemies":"Blue Slaver","floor":12,"turns":3},{"damage":2,"enemies":"Lagavulin","floor":13,"turns":6},{"damage":24,"enemies":"Exordium Thugs","floor":14,"turns":5},{"damage":0,"enemies":"Slime Boss","floor":16,"turns":6},{"damage":11,"enemies":"Spheric Guardian","floor":18,"turns":4},{"damage":10,"enemies":"Shell Parasite","floor":19,"turns":5},{"damage":16,"enemies":"3 Cultists","floor":21,"turns":8},{"damage":9,"enemies":"Masked Bandits","floor":22,"turns":4},{"damage":7,"enemies":"Slavers","floor":23,"turns":6},{"damage":32,"enemies":"Book of Stabbing","floor":25,"turns":3}],"seed_played":"-9077261736326283196","potions_obtained":[{"floor":1,"key":"EssenceOfSteel"},{"floor":3,"key":"Block Potion"},{"floor":5,"key":"SpeedPotion"},{"floor":14,"key":"SneckoOil"},{"floor":16,"key":"SteroidPotion"},{"floor":18,"key":"Ancient Potion"},{"floor":22,"key":"Strength Potion"}],"is_trial":false,"path_per_floor":["M","M","M","M","M","R","E","R","T","$","E","M","E","M","R","B",null,"M","M","?","M","?","E","R"],"character_chosen":"DEFECT","items_purchased":["Omamori"],"campfire_rested":1,"item_purchase_floors":[10],"current_hp_per_floor":[62,62,55,56,45,45,31,52,52,52,42,47,52,35,35,42,64,60,57,35,26,17,17,17,0],"gold":202,"neow_bonus":"TRANSFORM_CARD","is_prod":false,"is_daily":false,"chose_seed":false,"campfire_upgraded":1,"win_rate":0,"timestamp":1539619809,"path_taken":["M","M","M","M","M","R","E","R","T","$","E","M","E","M","R","BOSS","M","M","?","?","?","E","R","E"],"build_version":"2018-10-11","purchased_purges":0,"victory":false,"max_hp_per_floor":[71,71,71,71,71,71,71,71,71,71,71,71,71,71,71,71,71,71,71,35,35,35,35,35,35],"card_choices":[{"not_picked":["Steam","Blizzard","Reprogram"],"picked":"SKIP","floor":1},{"not_picked":["Cold Snap","Chill"],"picked":"Ball Lightning","floor":2},{"not_picked":["Recycle","Hologram"],"picked":"Self Repair","floor":3},{"not_picked":["Auto Shields","Turbo"],"picked":"Lockon","floor":4},{"not_picked":["Conserve Battery","Barrage","Steam"],"picked":"SKIP","floor":5},{"not_picked":["Gash","Beam Cell"],"picked":"Biased Cognition","floor":7},{"not_picked":["Redo","Gash","Rebound"],"picked":"SKIP","floor":11},{"not_picked":["Turbo","Compile Driver"],"picked":"Hologram","floor":12},{"not_picked":["White Noise","Streamline"],"picked":"Undo","floor":13},{"not_picked":["Go for the Eyes","Conserve Battery"],"picked":"Sweeping Beam","floor":14},{"not_picked":["Chaos","Barrage","Steam"],"picked":"SKIP","floor":14},{"not_picked":["Rainbow","Core Surge"],"picked":"Fission","floor":16},{"not_picked":["Force Field","Cold Snap"],"picked":"Sunder","floor":18},{"not_picked":["Hello World","Conserve Battery","Steam"],"picked":"SKIP","floor":18},{"not_picked":["Hello World","Conserve Battery","Steam"],"picked":"SKIP","floor":18},{"not_picked":["Static Discharge","Go for the Eyes"],"picked":"Genetic Algorithm","floor":19},{"not_picked":["Barrage","Heatsinks"],"picked":"Core Surge","floor":19},{"not_picked":["Go for the Eyes","Coolheaded"],"picked":"Tempest","floor":21},{"not_picked":["Coolheaded","Hologram"],"picked":"Fusion+1","floor":21},{"not_picked":["Redo","Barrage"],"picked":"Hologram","floor":22},{"not_picked":["Go for the Eyes","Blizzard"],"picked":"BootSequence","floor":23}],"player_experience":1444803,"relics_obtained":[{"floor":7,"key":"Smiling Mask"},{"floor":9,"key":"Torii"},{"floor":11,"key":"Girya"},{"floor":13,"key":"Prayer Wheel"},{"floor":22,"key":"Red Mask"},{"floor":23,"key":"Blood Vial"}],"event_choices":[{"event_name":"Ghosts","player_choice":"Became a Ghost","floor":20,"damage_taken":0},{"event_name":"Masked Bandits","player_choice":"Fought Bandits","floor":22,"damage_taken":0}],"is_beta":false,"boss_relics":[{"not_picked":["Eternal Feather","Fusion Hammer"],"picked":"Ectoplasm"}],"items_purged_floors":[],"is_endless":false,"potions_floor_spawned":[1,3,5,14,16,18,22],"killed_by":"Book of Stabbing","ascension_level":20}