{"gold_per_floor":[12,12,25,37,119,149,149,176,200,217,217,245,258,292,292,367,367,383,383,218,229,229,264,264,264],"floor_reached":25,"playtime":1468,"items_purged":["Strike_B"],"score":578,"play_id":"ff15a2ef-2f0f-4f90-852a-4abaac302cbb","local_time":"20181228031531","is_ascension_mode":true,"campfire_choices":[{"data":"Loop","floor":7,"key":"SMITH"},{"data":"Buffer","floor":11,"key":"SMITH"},{"data":"Consume","floor":15,"key":"SMITH"},{"data":"Sunder","floor":24,"key":"SMITH"}],"neow_cost":"NO_GOLD","seed_source_timestamp":271943888602904,"circlet_count":0,"master_deck":["AscendersBane","Defend_B","Defend_B","Defend_B","Defend_B","Zap","Dualcast","Coolheaded","Cold Snap","Sunder+1","Fission","Loop+1","Reinforced Body","Buffer+1","Glacier","Loop","Chill","Consume+1","Seek","Go for the Eyes","Loop","Necronomicurse"],"relics":["Cracked Core","Kunai","Blood Vial","Art of War","Orichalcum","Odd Mushroom","Question Card","Coffee Dripper","Necronomicon","Omamori"],"potions_floor_usage":[6,8,23,25],"damage_taken":[{"damage":0,"enemies":"2 Louse","floor":1,"turns":4},{"damage":0,"enemies":"Cultist","floor":3,"turns":3},{"damage":0,"enemies":"Small Slimes","floor":4,"turns":4},{"damage":16,"enemies":"3 Sentries","floor":6,"turns":7},{"damage":28,"enemies":"Gremlin Nob","floor":8,"turns":4},{"damage":0,"enemies":"2 Fungi Beasts","floor":10,"turns":5},{"damage":4,"enemies":"The Mushroom Lair","floor":12,"turns":4},{"damage":0,"enemies":"3 Louse","floor":13,"turns":4},{"damage":0,"enemies":"Lagavulin","floor":14,"turns":8},{"damage":12,"enemies":"Hexaghost","floor":16,"turns":9},{"damage":0,"enemies":"3 Byrds","floor":18,"turns":8},{"damage":3,"enemies":"Shell Parasite","floor":21,"turns":9},{"damage":0,"enemies":"Gremlin Leader","floor":23,"turns":9},{"damage":42,"enemies":"Book of Stabbing","floor":25,"turns":8}],"seed_played":"-506024635156752784","potions_obtained":[{"floor":1,"key":"PowerPotion"},{"floor":6,"key":"Strength Potion"},{"floor":8,"key":"Block Potion"},{"floor":12,"key":"Weak Potion"},{"floor":21,"key":"Fire Potion"}],"is_trial":false,"path_per_floor":["M","?","M","M","T","E","R","E","T","M","R","?","M","E","R","B",null,"M","?","$","M","?","E","R","E"],"character_chosen":"DEFECT","items_purchased":["Loop"],"campfire_rested":0,"item_purchase_floors":[20],"current_hp_per_floor":[64,64,64,64,64,48,48,22,22,24,24,22,24,26,26,16,57,59,59,59,58,37,39,39,0],"gold":264,"neow_bonus":"TRANSFORM_TWO_CARDS","is_prod":false,"is_daily":false,"chose_seed":false,"campfire_upgraded":4,"win_rate":0,"timestamp":1545963331,"path_taken":["M","?","?","M","?","E","R","E","T","M","R","?","M","E","R","BOSS","M","?","$","M","?","E","R","E"],"build_version":"2018-12-20","purchased_purges":1,"victory":false,"max_hp_per_floor":[71,71,71,71,71,71,71,71,71,71,71,71,71,71,71,71,71,71,71,71,71,71,71,71,71],"card_choices":[{"not_picked":["Ball Lightning","Go for the Eyes"],"picked":"Sunder","floor":1},{"not_picked":["White Noise","Reprogram"],"picked":"Loop","floor":3},{"not_picked":["Static Discharge","Streamline"],"picked":"Reinforced Body","floor":4},{"not_picked":["Gash","Coolheaded","Scrape"],"picked":"SKIP","floor":6},{"not_picked":["Hologram","Chill"],"picked":"Buffer","floor":8},{"not_picked":["Static Discharge","Sweeping Beam"],"picked":"Glacier","floor":10},{"not_picked":["Glacier","Recycle"],"picked":"Loop","floor":12},{"not_picked":["Turbo","Leap"],"picked":"Chill","floor":13},{"not_picked":["Redo","Auto Shields"],"picked":"Consume","floor":14},{"not_picked":["Multi-Cast","Core Surge","Reboot"],"picked":"Seek","floor":16},{"not_picked":["Cold Snap","Rip and Tear","Compile Driver"],"picked":"Go for the Eyes","floor":18},{"not_picked":["Coolheaded","Melter","Barrage","Steam"],"picked":"SKIP","floor":21},{"not_picked":["Force Field","Rip and Tear","Go for the Eyes","Hologram"],"picked":"SKIP","floor":23}],"player_experience":1751387,"relics_obtained":[{"floor":5,"key":"Kunai"},{"floor":6,"key":"Blood Vial"},{"floor":8,"key":"Art of War"},{"floor":9,"key":"Orichalcum"},{"floor":12,"key":"Odd Mushroom"},{"floor":14,"key":"Question Card"},{"floor":22,"key":"Necronomicon"},{"floor":23,"key":"Omamori"}],"event_choices":[{"damage_healed":0,"gold_gain":0,"cards_transformed":["Strike_B"],"player_choice":"Transformed","damage_taken":0,"max_hp_gain":0,"max_hp_loss":0,"event_name":"Transmorgrifier","floor":2,"gold_loss":0,"cards_obtained":["Fission"]},{"damage_healed":0,"gold_gain":0,"player_choice":"Fought Mushrooms","damage_taken":0,"max_hp_gain":0,"max_hp_loss":0,"event_name":"Mushrooms","floor":12,"gold_loss":0},{"damage_healed":0,"gold_gain":0,"player_choice":"Ignored","damage_taken":0,"max_hp_gain":0,"max_hp_loss":0,"event_name":"Ghosts","floor":19,"gold_loss":0},{"damage_healed":0,"gold_gain":0,"player_choice":"Obtained Book","damage_taken":21,"max_hp_gain":0,"max_hp_loss":0,"event_name":"Cursed Tome","floor":22,"gold_loss":0}],"is_beta":false,"boss_relics":[{"not_picked":["Empty Cage","Lizard Tail"],"picked":"Coffee Dripper"}],"items_purged_floors":[20],"is_endless":false,"potions_floor_spawned":[1,6,8,12,13,14,21],"killed_by":"Book of Stabbing","ascension_level":20}