{"gold_per_floor":[16,16,27,39,52,79,79,354,354,354,354],"floor_reached":11,"playtime":451,"items_purged":[],"score":146,"play_id":"3a5759a8-581a-4fd8-839c-8a6042b4e696","local_time":"20181227033617","is_ascension_mode":true,"campfire_choices":[{"data":"Skewer","floor":7,"key":"SMITH"},{"data":"Neutralize","floor":10,"key":"SMITH"}],"neow_cost":"NO_GOLD","seed_source_timestamp":187797929128201,"circlet_count":0,"master_deck":["AscendersBane","Defend_G","Defend_G","Defend_G","Defend_G","Defend_G","Strike_G","Strike_G","Strike_G","Strike_G","Strike_G","Survivor","Neutralize+1","Calculated Gamble","Calculated Gamble","Choke","Skewer+1","PiercingWail","Regret"],"relics":["Ring of the Snake","Tough Bandages","Matryoshka","Ornamental Fan","Anchor","Singing Bowl"],"potions_floor_usage":[6,11],"damage_taken":[{"damage":0,"enemies":"Small Slimes","floor":1,"turns":5},{"damage":4,"enemies":"Cultist","floor":3,"turns":4},{"damage":0,"enemies":"2 Louse","floor":4,"turns":3},{"damage":0,"enemies":"Exordium Wildlife","floor":5,"turns":4},{"damage":31,"enemies":"3 Sentries","floor":6,"turns":13},{"damage":11,"enemies":"Gremlin Gang","floor":11,"turns":2}],"seed_played":"-959830647397416242","potions_obtained":[{"floor":1,"key":"SkillPotion"},{"floor":6,"key":"Strength Potion"}],"is_trial":false,"path_per_floor":["M","?","M","M","M","E","R","?","T","R","M"],"character_chosen":"THE_SILENT","items_purchased":[],"campfire_rested":0,"item_purchase_floors":[],"current_hp_per_floor":[59,41,37,37,37,6,6,6,6,6,0],"gold":354,"neow_bonus":"ONE_RARE_RELIC","is_prod":false,"is_daily":false,"chose_seed":false,"campfire_upgraded":2,"win_rate":0,"timestamp":1545878177,"path_taken":["M","?","M","M","M","E","R","?","T","R","?"],"build_version":"2018-12-20","purchased_purges":0,"victory":false,"max_hp_per_floor":[66,66,66,66,66,66,66,66,66,66,66],"card_choices":[{"not_picked":["Backflip","Blade Dance"],"picked":"Calculated Gamble","floor":1},{"not_picked":["Noxious Fumes","Sucker Punch"],"picked":"Calculated Gamble","floor":3},{"not_picked":["Sucker Punch","Phantasmal Killer"],"picked":"Choke","floor":4},{"not_picked":["Blur","Footwork"],"picked":"Skewer","floor":5},{"not_picked":["Prepared","Acrobatics"],"picked":"PiercingWail","floor":6}],"player_experience":1738540,"relics_obtained":[{"floor":6,"key":"Ornamental Fan"},{"floor":9,"key":"Anchor"},{"floor":9,"key":"Singing Bowl"}],"event_choices":[{"damage_healed":0,"gold_gain":0,"player_choice":"Success","damage_taken":18,"relics_obtained":["Matryoshka"],"max_hp_gain":0,"max_hp_loss":0,"event_name":"Scrap Ooze","floor":2,"gold_loss":0},{"damage_healed":0,"gold_gain":275,"player_choice":"Desecrate","damage_taken":0,"max_hp_gain":0,"max_hp_loss":0,"event_name":"Golden Shrine","floor":8,"gold_loss":0,"cards_obtained":["Regret"]}],"is_beta":false,"boss_relics":[],"items_purged_floors":[],"is_endless":false,"potions_floor_spawned":[1,6],"killed_by":"Gremlin Gang","ascension_level":20}