{"gold_per_floor":[110,10,27,42,55,55,84,84,84,119,133,133,145,220,220,298,298,316,335,11,27,27,27,27,27],"floor_reached":25,"playtime":1111,"items_purged":[],"score":405,"play_id":"2253ad07-4411-445f-af52-7d4110427fbe","local_time":"20180929003137","is_ascension_mode":true,"campfire_choices":[{"data":"Cloak And Dagger","floor":6,"key":"SMITH"},{"data":"Poisoned Stab","floor":8,"key":"SMITH"},{"data":"Dash","floor":12,"key":"SMITH"},{"data":"Caltrops","floor":15,"key":"SMITH"},{"floor":23,"key":"REST"}],"neow_cost":"NONE","seed_source_timestamp":788926504642463,"circlet_count":0,"master_deck":["Defend_G","Defend_G","Defend_G","Defend_G","Defend_G","Strike_G","Strike_G","Strike_G","Strike_G","Strike_G","Survivor","Neutralize","AscendersBane","Poisoned Stab+1","Dash+1","Cloak And Dagger+1","Caltrops","Caltrops+1","Wraith Form v2","Die Die Die","PiercingWail+1","Cloak And Dagger+1","Venomology","Slice+1","Shame"],"relics":["Ring of the Snake","Blood Vial","Lantern","PreservedInsect","Singing Bowl","Runic Dome","DollysMirror","Pen Nib"],"potions_floor_usage":[7,16,19,19],"damage_taken":[{"damage":1,"enemies":"2 Louse","floor":1,"turns":4},{"damage":2,"enemies":"Jaw Worm","floor":3,"turns":4},{"damage":3,"enemies":"Cultist","floor":4,"turns":4},{"damage":0,"enemies":"Blue Slaver","floor":5,"turns":5},{"damage":17,"enemies":"3 Sentries","floor":7,"turns":9},{"damage":19,"enemies":"Gremlin Nob","floor":10,"turns":4},{"damage":0,"enemies":"Exordium Wildlife","floor":11,"turns":6},{"damage":1,"enemies":"Looter","floor":13,"turns":3},{"damage":7,"enemies":"Hexaghost","floor":16,"turns":9},{"damage":14,"enemies":"Spheric Guardian","floor":18,"turns":5},{"damage":15,"enemies":"2 Thieves","floor":19,"turns":4},{"damage":14,"enemies":"Snake Plant","floor":21,"turns":4},{"damage":30,"enemies":"Sentry and Sphere","floor":25,"turns":5}],"seed_played":"-4607812819492164932","potions_obtained":[{"floor":3,"key":"LiquidBronze"},{"floor":10,"key":"Fire Potion"},{"floor":18,"key":"Swift Potion"}],"is_trial":false,"path_per_floor":["M","$","M","M","M","R","E","R","T","E","M","R","M","?","R","B",null,"M","M","$","M","?","R","?"],"character_chosen":"THE_SILENT","items_purchased":["Dash","Fire Potion","DollysMirror","Venomology"],"campfire_rested":1,"item_purchase_floors":[2,2,20,20],"current_hp_per_floor":[60,60,60,59,61,61,46,46,46,31,33,33,36,25,25,20,58,48,35,35,23,23,44,24,0],"gold":27,"neow_bonus":"RANDOM_COMMON_RELIC","is_prod":false,"is_daily":false,"chose_seed":false,"campfire_upgraded":4,"win_rate":0,"timestamp":1538173897,"path_taken":["M","$","M","M","M","R","E","R","T","E","M","R","M","?","R","BOSS","M","M","$","M","?","R","?","?"],"build_version":"2018-09-27","purchased_purges":0,"victory":false,"max_hp_per_floor":[66,66,66,66,66,66,66,66,66,68,68,68,70,70,70,70,70,72,72,72,72,72,72,77,77],"card_choices":[{"not_picked":["Concentrate","Predator"],"picked":"Poisoned Stab","floor":1},{"not_picked":["Deflect","Finisher","Blade Dance"],"picked":"SKIP","floor":3},{"not_picked":["Well Laid Plans","Underhanded Strike"],"picked":"Cloak And Dagger","floor":4},{"not_picked":["Accuracy","Choke"],"picked":"Caltrops","floor":5},{"not_picked":["Dagger Spray","Bane"],"picked":"Caltrops","floor":7},{"not_picked":["Bouncing Flask","Sucker Punch","Well Laid Plans"],"picked":"Singing Bowl","floor":10},{"not_picked":["Finisher","Predator"],"picked":"Wraith Form v2","floor":11},{"not_picked":["Bane","Quick Slash","Outmaneuver"],"picked":"Singing Bowl","floor":13},{"not_picked":["Envenom","Unload"],"picked":"Die Die Die","floor":16},{"not_picked":["Dash","Quick Slash","Dodge and Roll"],"picked":"Singing Bowl","floor":18},{"not_picked":["Deflect+1","Caltrops"],"picked":"PiercingWail+1","floor":19},{"not_picked":["Flechettes","Calculated Gamble"],"picked":"Slice+1","floor":21}],"player_experience":1284350,"relics_obtained":[{"floor":7,"key":"Lantern"},{"floor":9,"key":"PreservedInsect"},{"floor":10,"key":"Singing Bowl"}],"event_choices":[{"event_name":"World of Goop","player_choice":"Gather Gold","floor":14,"damage_taken":0},{"event_name":"Addict","player_choice":"Stole Relic","floor":22,"damage_taken":0},{"event_name":"Forgotten Altar","player_choice":"Shed Blood","floor":24,"damage_taken":0}],"is_beta":false,"boss_relics":[{"not_picked":["Coffee Dripper","Eternal Feather"],"picked":"Runic Dome"}],"items_purged_floors":[],"is_endless":false,"potions_floor_spawned":[3,4,10,11,18],"killed_by":"Sentry and Sphere","ascension_level":18}