{"gold_per_floor":[110,124,140,1,12,12,25,51,51,51,51,51,51,66,66,159,159,172,172,191,214,85,85,126,51,100,100,123,123,137,158,158,254,254,269,269,29,49,73,117,117,150,199,243,243,277,277,137,137,137,137,137,36,71,71],"floor_reached":56,"playtime":5864,"items_purged":["Strike_B","Hello World+1"],"score":2324,"play_id":"163fd7f5-7b0e-4d67-a0e9-66a59e565fb4","local_time":"20190223183803","is_ascension_mode":true,"campfire_choices":[{"data":"Defragment","floor":6,"key":"SMITH"},{"data":"Sweeping Beam","floor":11,"key":"SMITH"},{"data":"Zap","floor":13,"key":"SMITH"},{"floor":15,"key":"REST"},{"floor":23,"key":"REST"},{"data":"Consume","floor":27,"key":"SMITH"},{"data":"Loop","floor":29,"key":"SMITH"},{"floor":32,"key":"REST"},{"data":"Capacitor","floor":41,"key":"SMITH"},{"floor":45,"key":"RECALL"},{"data":"Hologram","floor":49,"key":"SMITH"},{"data":"Leap","floor":52,"key":"SMITH"}],"neow_cost":"NONE","seed_source_timestamp":9627308155553,"circlet_count":0,"master_deck":["AscendersBane","Strike_B+1","Strike_B+1","Defend_B+1","Defend_B+1","Defend_B+1","Defend_B+1","Zap+1","Dualcast+1","Skim+1","Defragment+1","Cold Snap+1","Compile Driver+1","Sweeping Beam+1","FTL+1","Coolheaded+1","Compile Driver+1","Amplify+1","Ball Lightning+1","Steam+1","Sweeping Beam+1","Undo+1","Consume+1","Coolheaded+1","Loop+1","Cold Snap+1","Go for the Eyes+1","Reprogram+1","Buffer+1","Capacitor+1","Leap+1","Rainbow","Hologram+1","Glacier"],"relics":["Busted Crown","Prayer Wheel","Potion Belt","Golden Idol","Runic Dome","Dream Catcher","Runic Pyramid","Mark of the Bloom","Anchor","Bottled Tornado","Meat on the Bone","Oddly Smooth Stone","The Courier","Whetstone","Shuriken","Pantograph"],"potions_floor_usage":[3,5,18,28,31,33,42,50,55,55,55],"damage_taken":[{"damage":0,"enemies":"Cultist","floor":1,"turns":4},{"damage":7,"enemies":"Jaw Worm","floor":2,"turns":4},{"damage":1,"enemies":"Small Slimes","floor":3,"turns":6},{"damage":0,"enemies":"Gremlin Gang","floor":5,"turns":6},{"damage":21,"enemies":"Lots of Slimes","floor":7,"turns":5},{"damage":1,"enemies":"Lagavulin","floor":8,"turns":9},{"damage":9,"enemies":"3 Louse","floor":14,"turns":3},{"damage":1,"enemies":"Slime Boss","floor":16,"turns":9},{"damage":20,"enemies":"2 Thieves","floor":18,"turns":4},{"damage":8,"enemies":"Spheric Guardian","floor":20,"turns":4},{"damage":5,"enemies":"3 Cultists","floor":21,"turns":5},{"damage":2,"enemies":"Book of Stabbing","floor":24,"turns":6},{"damage":14,"enemies":"Shelled Parasite and Fungi","floor":28,"turns":8},{"damage":0,"enemies":"Chosen and Byrds","floor":30,"turns":6},{"damage":0,"enemies":"Sentry and Sphere","floor":31,"turns":6},{"damage":8,"enemies":"Automaton","floor":33,"turns":13},{"damage":11,"enemies":"Orb Walker","floor":35,"turns":4},{"damage":4,"enemies":"3 Darklings","floor":38,"turns":6},{"damage":0,"enemies":"Sphere and 2 Shapes","floor":39,"turns":6},{"damage":0,"enemies":"Giant Head","floor":40,"turns":11},{"damage":0,"enemies":"Reptomancer","floor":42,"turns":8},{"damage":0,"enemies":"Nemesis","floor":44,"turns":7},{"damage":0,"enemies":"Giant Head","floor":46,"turns":12},{"damage":0,"enemies":"Donu and Deca","floor":50,"turns":9},{"damage":5,"enemies":"Shield and Spear","floor":54,"turns":10},{"damage":0,"enemies":"The Heart","floor":55,"turns":11}],"seed_played":"-4776162324397263044","potions_obtained":[{"floor":1,"key":"Weak Potion"},{"floor":2,"key":"Regen Potion"},{"floor":3,"key":"Energy Potion"},{"floor":7,"key":"Ancient Potion"},{"floor":20,"key":"SkillPotion"},{"floor":28,"key":"EssenceOfSteel"},{"floor":33,"key":"SteroidPotion"},{"floor":40,"key":"Weak Potion"},{"floor":44,"key":"Weak Potion"}],"is_trial":false,"path_per_floor":["M","M","M","$","M","R","M","E","T","?","R","?","R","M","R","B",null,"M","?","M","M","$","R","E","$","T","R","M","R","M","M","R","B",null,"M","?","$","M","M","E","R","E","T","E","R","E","T","$","R","B",null,"R","$","E","B",null],"character_chosen":"DEFECT","items_purchased":["Defragment","Cold Snap","Compile Driver","Loop","Explosive Potion","Anchor","Capacitor","Block Potion","GamblersBrew","Glacier","Dexterity Potion"],"campfire_rested":3,"item_purchase_floors":[4,4,4,22,22,37,37,37,48,53,53],"current_hp_per_floor":[64,57,71,71,71,71,50,49,49,49,49,25,25,16,37,36,62,42,42,34,29,29,50,48,48,48,48,34,34,34,34,55,47,65,54,54,54,50,50,50,50,50,50,50,50,50,50,50,50,50,50,50,50,45,45],"gold":71,"neow_bonus":"BOSS_RELIC","is_prod":false,"is_daily":false,"chose_seed":false,"campfire_upgraded":8,"win_rate":0,"timestamp":1550965083,"path_taken":["M","M","M","$","M","R","M","E","T","?","R","?","R","M","R","BOSS","M","?","?","M","$","R","E","$","T","R","?","R","M","M","R","BOSS","M","?","$","M","M","E","R","E","T","E","R","E","?","?","R","BOSS","R","$","E","BOSS"],"build_version":"2019-01-23","purchased_purges":2,"victory":true,"max_hp_per_floor":[71,71,71,71,71,71,71,71,71,71,71,71,71,71,71,71,71,71,71,71,71,71,71,71,71,71,71,71,71,71,71,71,71,71,71,71,71,71,71,71,71,71,71,71,71,71,71,71,71,71,71,71,71,71,71],"card_choices":[{"not_picked":[],"picked":"Hello World","floor":1},{"not_picked":["Heatsinks"],"picked":"SKIP","floor":2},{"not_picked":[],"picked":"Skim","floor":3},{"not_picked":["Beam Cell"],"picked":"SKIP","floor":5},{"not_picked":[],"picked":"Sweeping Beam","floor":7},{"not_picked":[],"picked":"FTL","floor":8},{"not_picked":[],"picked":"Coolheaded","floor":14},{"not_picked":[],"picked":"Compile Driver","floor":14},{"not_picked":[],"picked":"Amplify","floor":16},{"not_picked":[],"picked":"Ball Lightning","floor":18},{"not_picked":[],"picked":"Steam","floor":18},{"not_picked":[],"picked":"Undo","floor":20},{"not_picked":["Sweeping Beam"],"picked":"SKIP","floor":20},{"not_picked":[],"picked":"Consume","floor":21},{"not_picked":[],"picked":"Coolheaded","floor":21},{"not_picked":["Compile Driver"],"picked":"SKIP","floor":24},{"not_picked":[],"picked":"Cold Snap","floor":28},{"not_picked":["Barrage"],"picked":"SKIP","floor":28},{"not_picked":[],"picked":"Go for the Eyes+1","floor":30},{"not_picked":["Ball Lightning"],"picked":"SKIP","floor":30},{"not_picked":[],"picked":"Reprogram","floor":31},{"not_picked":["Coolheaded"],"picked":"SKIP","floor":31},{"not_picked":[],"picked":"Buffer","floor":33},{"not_picked":["Turbo"],"picked":"SKIP","floor":35},{"not_picked":["Blizzard"],"picked":"SKIP","floor":35},{"not_picked":["Force Field"],"picked":"SKIP","floor":38},{"not_picked":["Turbo"],"picked":"SKIP","floor":38},{"not_picked":["Leap"],"picked":"SKIP","floor":39},{"not_picked":["Barrage"],"picked":"SKIP","floor":39},{"not_picked":[],"picked":"Leap","floor":39},{"not_picked":["Barrage"],"picked":"SKIP","floor":39},{"not_picked":[],"picked":"Rainbow","floor":40},{"not_picked":["Barrage"],"picked":"SKIP","floor":42},{"not_picked":[],"picked":"Hologram","floor":44},{"not_picked":["Reboot"],"picked":"SKIP","floor":46},{"not_picked":["Sweeping Beam"],"picked":"SKIP","floor":54}],"player_experience":1728702,"relics_obtained":[{"floor":8,"key":"Prayer Wheel"},{"floor":9,"key":"Potion Belt"},{"floor":24,"key":"Dream Catcher"},{"floor":40,"key":"Bottled Tornado"},{"floor":42,"key":"Meat on the Bone"},{"floor":43,"key":"Oddly Smooth Stone"},{"floor":44,"key":"The Courier"},{"floor":46,"key":"Whetstone"},{"floor":47,"key":"Shuriken"},{"floor":54,"key":"Pantograph"}],"event_choices":[{"damage_healed":0,"gold_gain":0,"player_choice":"Ignored","damage_taken":0,"max_hp_gain":0,"max_hp_loss":0,"event_name":"Liars Game","floor":10,"gold_loss":0},{"damage_healed":0,"gold_gain":0,"player_choice":"Take Damage","damage_taken":24,"relics_obtained":["Golden Idol"],"max_hp_gain":0,"max_hp_loss":0,"event_name":"Golden Idol","floor":12,"gold_loss":0},{"damage_healed":0,"gold_gain":0,"cards_transformed":["Strike_B"],"player_choice":"Transformed","damage_taken":0,"max_hp_gain":0,"max_hp_loss":0,"event_name":"Transmorgrifier","floor":19,"gold_loss":0,"cards_obtained":["Sweeping Beam"]},{"damage_healed":0,"gold_gain":0,"player_choice":"Upgrade","damage_taken":0,"relics_obtained":["Mark of the Bloom"],"max_hp_gain":0,"max_hp_loss":0,"event_name":"MindBloom","floor":36,"gold_loss":0,"cards_upgraded":["Strike_B","Strike_B","Defend_B","Defend_B","Defend_B","Defend_B","Dualcast","Hello World","Skim","Cold Snap","Compile Driver","FTL","Coolheaded","Compile Driver","Amplify","Ball Lightning","Steam","Sweeping Beam","Undo","Coolheaded","Cold Snap","Reprogram","Buffer"]}],"is_beta":false,"boss_relics":[{"not_picked":["Sozu","Lizard Tail"],"picked":"Runic Dome"},{"not_picked":["Orrery","Calling Bell"],"picked":"Runic Pyramid"}],"items_purged_floors":[25,48],"is_endless":false,"potions_floor_spawned":[1,2,3,7,20,28,33,40,44],"ascension_level":15}