{"gold_per_floor":[116,134,134,154,167,167,198,213,213,213,213,241,241,266,266,266],"floor_reached":16,"playtime":764,"items_purged":[],"score":240,"play_id":"2d8de8d5-b58a-4a14-9fc6-188f1ac0e7aa","local_time":"20181013182338","is_ascension_mode":true,"campfire_choices":[{"data":"Bash","floor":6,"key":"SMITH"},{"data":"Shrug It Off","floor":10,"key":"SMITH"},{"data":"Uppercut","floor":13,"key":"SMITH"},{"data":"1","floor":15,"key":"LIFT"}],"neow_cost":"NONE","seed_source_timestamp":276550546847270,"circlet_count":0,"master_deck":["Strike_R","Strike_R","Strike_R+1","Strike_R","Strike_R","Defend_R","Defend_R","Defend_R","Defend_R","Bash+1","AscendersBane","Barricade","Anger+1","Fiend Fire+1","True Grit","Shrug It Off+1","Rampage","Uppercut+1","Flame Barrier"],"relics":["Burning Blood","Darkstone Periapt","Blue Candle","Bottled Lightning","Whetstone","Girya"],"potions_floor_usage":[7,14],"damage_taken":[{"damage":9,"enemies":"Jaw Worm","floor":1,"turns":4},{"damage":9,"enemies":"Small Slimes","floor":2,"turns":4},{"damage":9,"enemies":"2 Louse","floor":4,"turns":2},{"damage":16,"enemies":"Lots of Slimes","floor":5,"turns":6},{"damage":13,"enemies":"Lagavulin","floor":7,"turns":7},{"damage":10,"enemies":"Large Slime","floor":8,"turns":5},{"damage":32,"enemies":"Gremlin Nob","floor":12,"turns":4},{"damage":10,"enemies":"Lagavulin","floor":14,"turns":7},{"damage":9,"enemies":"The Guardian","floor":16,"turns":4}],"seed_played":"-2688060413899083840","potions_obtained":[{"floor":5,"key":"Poison Potion"},{"floor":12,"key":"Dexterity Potion"}],"is_trial":false,"path_per_floor":["M","M","?","M","M","R","E","M","T","R","T","E","R","E","R"],"character_chosen":"IRONCLAD","items_purchased":[],"campfire_rested":0,"item_purchase_floors":[],"current_hp_per_floor":[65,62,62,59,49,49,42,38,38,38,38,12,12,8,8,0],"gold":266,"neow_bonus":"ONE_RANDOM_RARE_CARD","is_prod":false,"is_daily":false,"chose_seed":false,"campfire_upgraded":3,"win_rate":0,"timestamp":1539447818,"path_taken":["M","M","?","M","M","R","E","M","T","R","?","E","R","E","R","BOSS"],"build_version":"2018-10-11","purchased_purges":0,"victory":false,"max_hp_per_floor":[75,75,75,75,75,75,75,75,75,75,75,75,75,75,75,75],"card_choices":[{"not_picked":["Wild Strike","Hemokinesis"],"picked":"Anger","floor":1},{"not_picked":["Clothesline","Wild Strike"],"picked":"Fiend Fire","floor":2},{"not_picked":["Anger","Rage"],"picked":"True Grit","floor":4},{"not_picked":["Clash","Warcry","Sever Soul"],"picked":"SKIP","floor":5},{"not_picked":["Heavy Blade","Havoc"],"picked":"Shrug It Off","floor":7},{"not_picked":["Havoc","Cleave"],"picked":"Rampage","floor":8},{"not_picked":["Armaments","Body Slam"],"picked":"Uppercut","floor":12},{"not_picked":["Fire Breathing","Perfected Strike"],"picked":"Flame Barrier","floor":14}],"player_experience":1436826,"relics_obtained":[{"floor":7,"key":"Darkstone Periapt"},{"floor":9,"key":"Blue Candle"},{"floor":11,"key":"Bottled Lightning"},{"floor":12,"key":"Whetstone"},{"floor":14,"key":"Girya"}],"event_choices":[{"event_name":"Living Wall","player_choice":"Grow","floor":3,"damage_taken":0}],"is_beta":false,"boss_relics":[],"items_purged_floors":[],"is_endless":false,"potions_floor_spawned":[5,12],"killed_by":"The Guardian","ascension_level":20}