{"gold_per_floor":[109,109,127,127,140,140,184,184,184,220,4,4,28,59,59,152,152,167,187,205,226,241,274,274,294,294,294,22,22,22,47,47,137,137,158,0,16,37,50,50,85,85,139,139,139,160,10,26,26,26,26],"floor_reached":52,"playtime":2782,"items_purged":["Strike_R","Strike_R"],"score":1873,"play_id":"36da3ec3-66a8-4762-bfac-8b3f018969be","local_time":"20181106142323","is_ascension_mode":true,"campfire_choices":[{"data":"Clothesline","floor":6,"key":"SMITH"},{"data":"Twin Strike","floor":8,"key":"SMITH"},{"data":"Inflame","floor":12,"key":"SMITH"},{"data":"Cleave","floor":15,"key":"SMITH"},{"floor":24,"key":"REST"},{"data":"Flame Barrier","floor":27,"key":"SMITH"},{"floor":29,"key":"REST"},{"floor":32,"key":"REST"},{"data":"Demon Form","floor":40,"key":"SMITH"},{"floor":42,"key":"REST"},{"data":"Shrug It Off","floor":45,"key":"SMITH"},{"data":"Battle Trance","floor":49,"key":"SMITH"}],"neow_cost":"NONE","seed_source_timestamp":1794769320494392,"circlet_count":0,"master_deck":["AscendersBane","Strike_R+1","Strike_R+1","Strike_R","Defend_R","Defend_R","Defend_R","Defend_R","Bash+1","Thunderclap","Twin Strike+1","Clothesline+1","Shrug It Off+1","Anger","Inflame+1","Cleave+1","Twin Strike","Reaper","Flame Barrier+1","Cleave+1","Wild Strike+1","Exhume","Demon Form+1","Blood for Blood+1","Battle Trance+1","Uppercut+1","True Grit+1","Pommel Strike+1","Discovery"],"relics":["Black Blood","Golden Idol","Whetstone","Paper Frog","Pear","Omamori","Snecko Eye","Molten Egg 2","Thread and Needle","Bag of Preparation","Necronomicon","Red Mask","Kunai","Centennial Puzzle","Pantograph"],"potions_floor_usage":[7,16,21,23,39],"damage_taken":[{"damage":11,"enemies":"Jaw Worm","floor":1,"turns":6},{"damage":9,"enemies":"2 Louse","floor":3,"turns":3},{"damage":2,"enemies":"Cultist","floor":5,"turns":4},{"damage":32,"enemies":"Lagavulin","floor":7,"turns":6},{"damage":29,"enemies":"3 Sentries","floor":10,"turns":7},{"damage":6,"enemies":"Blue Slaver","floor":13,"turns":4},{"damage":17,"enemies":"Lagavulin","floor":14,"turns":4},{"damage":0,"enemies":"Slime Boss","floor":16,"turns":4},{"damage":0,"enemies":"Chosen","floor":18,"turns":3},{"damage":36,"enemies":"Shell Parasite","floor":19,"turns":5},{"damage":10,"enemies":"Snecko","floor":20,"turns":4},{"damage":11,"enemies":"Centurion and Healer","floor":21,"turns":4},{"damage":42,"enemies":"Shelled Parasite and Fungi","floor":22,"turns":4},{"damage":43,"enemies":"Book of Stabbing","floor":23,"turns":4},{"damage":15,"enemies":"Snake Plant","floor":25,"turns":3},{"damage":2,"enemies":"3 Cultists","floor":31,"turns":3},{"damage":49,"enemies":"Champ","floor":33,"turns":6},{"damage":0,"enemies":"Orb Walker","floor":35,"turns":2},{"damage":21,"enemies":"3 Shapes","floor":37,"turns":4},{"damage":69,"enemies":"Writhing Mass","floor":38,"turns":5},{"damage":22,"enemies":"Transient","floor":39,"turns":6},{"damage":49,"enemies":"Nemesis","floor":41,"turns":5},{"damage":18,"enemies":"Jaw Worm Horde","floor":46,"turns":4},{"damage":0,"enemies":"3 Darklings","floor":48,"turns":3},{"damage":80,"enemies":"Awakened One","floor":50,"turns":10},{"damage":37,"enemies":"Time Eater","floor":51,"turns":7}],"seed_played":"5031048215030574930","potions_obtained":[{"floor":1,"key":"SteroidPotion"},{"floor":10,"key":"Energy Potion"},{"floor":13,"key":"Explosive Potion"},{"floor":18,"key":"Dexterity Potion"},{"floor":19,"key":"Block Potion"},{"floor":23,"key":"EssenceOfSteel"},{"floor":25,"key":"SpeedPotion"},{"floor":33,"key":"Regen Potion"},{"floor":46,"key":"FearPotion"}],"is_trial":false,"path_per_floor":["M","?","M","?","M","R","E","R","T","E","$","R","M","E","R","B",null,"M","M","M","M","M","E","R","M","T","R","$","R","?","M","R","B",null,"M","?","M","M","M","R","E","R","T","?","R","M","$","M","R","B","B",null],"character_chosen":"IRONCLAD","items_purchased":["Inflame","Strength Potion","Bag of Preparation","Pommel Strike+1","Discovery"],"campfire_rested":4,"item_purchase_floors":[11,11,28,47,47],"current_hp_per_floor":[70,70,67,67,71,71,45,45,45,32,32,32,32,21,21,27,70,84,58,63,72,43,13,38,29,29,29,29,54,33,49,74,41,73,83,83,72,44,51,51,34,59,59,59,59,65,65,84,84,42,57],"gold":26,"neow_bonus":"TEN_PERCENT_HP_BONUS","is_prod":false,"is_daily":false,"chose_seed":false,"campfire_upgraded":8,"win_rate":0,"timestamp":1541510603,"path_taken":["M","?","M","?","?","R","E","R","T","E","$","R","M","E","R","BOSS","M","M","M","M","M","E","R","M","T","R","$","R","?","M","R","BOSS","M","?","M","M","M","R","E","R","T","?","R","?","$","M","R","BOSS","BOSS"],"build_version":"2018-11-01","purchased_purges":2,"victory":true,"max_hp_per_floor":[82,74,74,74,74,74,74,74,74,84,84,84,84,84,84,84,84,84,84,84,84,84,84,84,84,84,84,84,84,84,84,84,84,84,84,84,84,84,84,84,84,84,84,84,84,84,84,84,84,84,84],"card_choices":[{"not_picked":["Metallicize","Seeing Red"],"picked":"Thunderclap","floor":1},{"not_picked":["True Grit","Headbutt"],"picked":"Twin Strike","floor":3},{"not_picked":["Flex","Perfected Strike"],"picked":"Clothesline","floor":5},{"not_picked":["Brutality","Flex"],"picked":"Shrug It Off","floor":7},{"not_picked":["Fire Breathing","Wild Strike"],"picked":"Anger","floor":10},{"not_picked":["Iron Wave","Combust"],"picked":"Cleave","floor":13},{"not_picked":["Havoc","Rage"],"picked":"Twin Strike","floor":14},{"not_picked":["Dark Embrace","Exhume"],"picked":"Reaper","floor":16},{"not_picked":["Flex","Sword Boomerang","Body Slam"],"picked":"SKIP","floor":18},{"not_picked":["Sword Boomerang","True Grit","Anger+1"],"picked":"SKIP","floor":19},{"not_picked":["Sword Boomerang","True Grit","Anger+1"],"picked":"SKIP","floor":19},{"not_picked":["Sword Boomerang","Heavy Blade","Anger"],"picked":"SKIP","floor":20},{"not_picked":["Wild Strike","Dropkick","Flex"],"picked":"SKIP","floor":21},{"not_picked":["Thunderclap","Sword Boomerang"],"picked":"Flame Barrier","floor":22},{"not_picked":["Second Wind","Feel No Pain"],"picked":"Cleave","floor":23},{"not_picked":["Evolve","Dual Wield+1"],"picked":"Wild Strike+1","floor":25},{"not_picked":["Armaments","Infernal Blade+1"],"picked":"Exhume","floor":31},{"not_picked":["Juggernaut","Berserk"],"picked":"Demon Form","floor":33},{"not_picked":["Flex","Armaments","Sentinel"],"picked":"SKIP","floor":35},{"not_picked":["Thunderclap+1","Anger+1","Rage+1"],"picked":"SKIP","floor":37},{"not_picked":["Reckless Charge+1","Rampage+1"],"picked":"Blood for Blood+1","floor":38},{"not_picked":["Dual Wield","Iron Wave+1"],"picked":"Battle Trance","floor":39},{"not_picked":["Dark Embrace","Headbutt+1"],"picked":"Uppercut+1","floor":41},{"not_picked":["Body Slam+1","Flame Barrier"],"picked":"True Grit+1","floor":46},{"not_picked":["Sentinel","Body Slam+1","Juggernaut"],"picked":"SKIP","floor":48}],"player_experience":1559210,"relics_obtained":[{"floor":7,"key":"Whetstone"},{"floor":9,"key":"Paper Frog"},{"floor":10,"key":"Pear"},{"floor":14,"key":"Omamori"},{"floor":23,"key":"Molten Egg 2"},{"floor":26,"key":"Thread and Needle"},{"floor":30,"key":"Necronomicon"},{"floor":41,"key":"Kunai"},{"floor":43,"key":"Centennial Puzzle"}],"event_choices":[{"damage_healed":0,"gold_gain":0,"player_choice":"Lose Max HP","damage_taken":0,"relics_obtained":["Golden Idol"],"max_hp_gain":0,"max_hp_loss":8,"event_name":"Golden Idol","floor":2,"gold_loss":0},{"damage_healed":0,"gold_gain":0,"player_choice":"Forge","damage_taken":0,"max_hp_gain":0,"max_hp_loss":0,"event_name":"Accursed Blacksmith","floor":4,"gold_loss":0,"cards_upgraded":["Bash"]},{"damage_healed":0,"gold_gain":0,"player_choice":"Obtained Book","damage_taken":21,"max_hp_gain":0,"max_hp_loss":0,"event_name":"Cursed Tome","floor":30,"gold_loss":0},{"damage_healed":0,"gold_gain":0,"player_choice":"Paid","damage_taken":0,"relics_obtained":["Red Mask"],"max_hp_gain":0,"max_hp_loss":0,"event_name":"Tomb of Lord Red Mask","floor":36,"gold_loss":158},{"damage_healed":0,"gold_gain":0,"player_choice":"Gave Potion","damage_taken":0,"relics_obtained":["Pantograph"],"max_hp_gain":0,"max_hp_loss":0,"event_name":"WeMeetAgain","floor":44,"gold_loss":0}],"is_beta":false,"boss_relics":[{"not_picked":["Mark of Pain","Runic Cube"],"picked":"Snecko Eye"},{"not_picked":["Orrery","Eternal Feather"],"picked":"Black Blood"}],"items_purged_floors":[11,28],"is_endless":false,"potions_floor_spawned":[1,10,13,18,19,23,25,33,38,46],"ascension_level":20}