{"gold_per_floor":[17,32,101,117,137,137,165,165,165,180,193,193,222,236,236,236],"floor_reached":16,"playtime":1167,"items_purged":[],"score":228,"play_id":"9cc47765-565c-428c-a4af-8d5172b5ab95","local_time":"20181013181017","is_ascension_mode":true,"campfire_choices":[{"data":"Bludgeon","floor":6,"key":"SMITH"},{"data":"Bash","floor":8,"key":"SMITH"},{"data":"1","floor":12,"key":"LIFT"},{"data":"2","floor":15,"key":"LIFT"}],"neow_cost":"NO_GOLD","seed_source_timestamp":275306520106126,"circlet_count":0,"master_deck":["Strike_R","Strike_R","Strike_R","Strike_R","Strike_R","Defend_R","Defend_R","Defend_R","Defend_R","Bash+1","AscendersBane","Reaper","Clothesline","Bludgeon+1","Metallicize","Battle Trance","Shrug It Off","Impervious"],"relics":["Burning Blood","Ornamental Fan","Girya","Calipers"],"potions_floor_usage":[11,13,16],"damage_taken":[{"damage":9,"enemies":"Small Slimes","floor":1,"turns":5},{"damage":14,"enemies":"Cultist","floor":2,"turns":4},{"damage":18,"enemies":"Jaw Worm","floor":4,"turns":5},{"damage":32,"enemies":"Large Slime","floor":5,"turns":7},{"damage":35,"enemies":"3 Sentries","floor":7,"turns":7},{"damage":8,"enemies":"Exordium Wildlife","floor":10,"turns":4},{"damage":0,"enemies":"Red Slaver","floor":11,"turns":4},{"damage":12,"enemies":"Lagavulin","floor":13,"turns":8},{"damage":8,"enemies":"3 Louse","floor":14,"turns":5},{"damage":49,"enemies":"Hexaghost","floor":16,"turns":10}],"seed_played":"7849773579225111185","potions_obtained":[{"floor":5,"key":"Ancient Potion"},{"floor":7,"key":"Block Potion"},{"floor":11,"key":"Fire Potion"},{"floor":13,"key":"Block Potion"}],"is_trial":false,"path_per_floor":["M","M","?","M","M","R","E","R","T","M","M","R","E","M","R"],"character_chosen":"IRONCLAD","items_purchased":[],"campfire_rested":0,"item_purchase_floors":[],"current_hp_per_floor":[72,67,67,59,39,39,22,22,22,24,30,30,27,40,40,0],"gold":236,"neow_bonus":"THREE_RARE_CARDS","is_prod":false,"is_daily":false,"chose_seed":false,"campfire_upgraded":2,"win_rate":0,"timestamp":1539447017,"path_taken":["M","M","?","M","M","R","E","R","T","M","M","R","E","M","R","BOSS"],"build_version":"2018-10-11","purchased_purges":0,"victory":false,"max_hp_per_floor":[75,75,75,75,75,75,75,75,75,75,75,75,75,75,75,75],"card_choices":[{"not_picked":["Immolate","Impervious"],"picked":"Reaper","floor":0},{"not_picked":["Havoc","Iron Wave"],"picked":"Clothesline","floor":1},{"not_picked":["Warcry","Thunderclap","Sword Boomerang"],"picked":"SKIP","floor":2},{"not_picked":["Sword Boomerang","Sentinel"],"picked":"Bludgeon","floor":4},{"not_picked":["Body Slam","Sword Boomerang"],"picked":"Metallicize","floor":5},{"not_picked":["Clothesline","Pummel"],"picked":"Battle Trance","floor":7},{"not_picked":["Perfected Strike","Flex"],"picked":"Shrug It Off","floor":10},{"not_picked":["Iron Wave","Hemokinesis"],"picked":"Impervious","floor":11},{"not_picked":["Burning Pact","Feel No Pain","Wild Strike"],"picked":"SKIP","floor":13},{"not_picked":["Flex","Carnage","Iron Wave"],"picked":"SKIP","floor":14}],"player_experience":1435659,"relics_obtained":[{"floor":7,"key":"Ornamental Fan"},{"floor":9,"key":"Girya"},{"floor":13,"key":"Calipers"}],"event_choices":[{"event_name":"Golden Wing","player_choice":"Gained Gold","floor":3,"damage_taken":0}],"is_beta":false,"boss_relics":[],"items_purged_floors":[],"is_endless":false,"potions_floor_spawned":[5,7,11,13],"killed_by":"Hexaghost","ascension_level":20}