{"gold_per_floor":[16,29,29,29,47,47,78,99,177,177,195,234,304,320,320,451,451,464,234,234,249,274,315,315,346,369,369,383,383,298,319,319,449,449,470,323,323,656,668,698,698,712,712,712,712,475,491,76,76,76],"floor_reached":51,"playtime":4617,"items_purged":["Pain","Strike_G"],"score":795,"play_id":"b20d3eef-479d-432d-bf89-79d8d25d9c81","local_time":"20190308212413","is_ascension_mode":true,"campfire_choices":[{"floor":6.0,"key":"REST"},{"data":"Noxious Fumes","floor":15.0,"key":"SMITH"},{"floor":24.0,"key":"REST"},{"floor":27.0,"key":"REST"},{"floor":29.0,"key":"REST"},{"floor":32.0,"key":"RECALL"},{"floor":41,"key":"REST"},{"floor":44,"key":"REST"},{"floor":49,"key":"REST"}],"neow_cost":"NO_GOLD","seed_source_timestamp":0,"circlet_count":0,"master_deck":["Defend_G","Defend_G","Defend_G","Defend_G","Defend_G","Strike_G","Strike_G","Strike_G","Strike_G","Survivor","Neutralize","Adrenaline","Cloak And Dagger","Deadly Poison","Leg Sweep","Dash","Dodge and Roll","Terror","Skewer","Noxious Fumes+1","Bouncing Flask","Corpse Explosion","Footwork","Neutralize","Poisoned Stab","Caltrops+1","Deadly Poison","Poisoned Stab","Escape Plan+1","Tools of the Trade","Deadly Poison","Catalyst","Envenom"],"special_seed":0,"relics":["Ring of the Snake","Thread and Needle","PreservedInsect","Shuriken","Dead Branch","Pen Nib","Fusion Hammer","Lantern","Question Card","Snake Skull","Potion Belt","Calipers","HoveringKite","Oddly Smooth Stone","Centennial Puzzle","Bottled Lightning","WarpedTongs","TwistedFunnel"],"potions_floor_usage":[40,40,50,50,50,50],"damage_taken":[{"damage":2.0,"enemies":"Small Slimes","floor":1.0,"turns":6.0},{"damage":0.0,"enemies":"2 Louse","floor":2.0,"turns":3.0},{"damage":0.0,"enemies":"Cultist","floor":5.0,"turns":3.0},{"damage":10.0,"enemies":"Lagavulin","floor":7.0,"turns":10.0},{"damage":0.0,"enemies":"Looter","floor":8.0,"turns":3.0},{"damage":0.0,"enemies":"Red Slaver","floor":11.0,"turns":5.0},{"damage":0.0,"enemies":"Gremlin Nob","floor":12.0,"turns":3.0},{"damage":2.0,"enemies":"Gremlin Nob","floor":13.0,"turns":4.0},{"damage":0.0,"enemies":"Large Slime","floor":14.0,"turns":6.0},{"damage":24.0,"enemies":"Slime Boss","floor":16.0,"turns":12.0},{"damage":0.0,"enemies":"Chosen","floor":18.0,"turns":4.0},{"damage":0.0,"enemies":"3 Byrds","floor":21.0,"turns":3.0},{"damage":14.0,"enemies":"Snake Plant","floor":22.0,"turns":4.0},{"damage":39.0,"enemies":"Gremlin Leader","floor":23.0,"turns":4.0},{"damage":5.0,"enemies":"Slavers","floor":25.0,"turns":4.0},{"damage":0.0,"enemies":"Centurion and Healer","floor":28.0,"turns":5.0},{"damage":0.0,"enemies":"Cultist and Chosen","floor":31.0,"turns":4.0},{"damage":38.0,"enemies":"Collector","floor":33.0,"turns":8.0},{"damage":30,"enemies":"3 Darklings","floor":35,"turns":3},{"damage":0,"enemies":"3 Shapes","floor":39,"turns":3},{"damage":1,"enemies":"Reptomancer","floor":40,"turns":4},{"damage":35,"enemies":"Jaw Worm Horde","floor":42,"turns":3},{"damage":0,"enemies":"4 Shapes","floor":47,"turns":4},{"damage":60,"enemies":"Time Eater","floor":50,"turns":12}],"seed_played":"-6834338669205098812","potions_obtained":[{"floor":2.0,"key":"GamblersBrew"},{"floor":5.0,"key":"SneckoOil"},{"floor":7.0,"key":"Dexterity Potion"},{"floor":10.0,"key":"PowerPotion"},{"floor":10.0,"key":"Block Potion"},{"floor":13.0,"key":"PowerPotion"},{"floor":16.0,"key":"Ancient Potion"},{"floor":25.0,"key":"GhostInAJar"},{"floor":28.0,"key":"SteroidPotion"},{"floor":33.0,"key":"GamblersBrew"},{"floor":42,"key":"SpeedPotion"}],"is_trial":false,"path_per_floor":["M","M","?","?","M","R","E","M","T","?","M","E","?","M","R","B",null,"M","$","?","M","M","E","R","E","T","R","M","R","?","M","R","B",null,"M","$","?","?","M","E","R","M","T","R","?","$","M","$","R","B",null],"character_chosen":"THE_SILENT","items_purchased":["Lantern","Footwork","Oddly Smooth Stone","Envenom","TwistedFunnel","Regen Potion","Strength Potion"],"campfire_rested":7,"item_purchase_floors":[19,19,36,46,48,48,48],"current_hp_per_floor":[68,68,61,44,44,65,55,55,55,55,55,55,53,53,53,29,70,70,70,70,70,56,17,38,33,33,54,54,70,70,70,70,32,70,40,40,40,40,40,39,60,25,25,46,46,46,46,46,67,20],"gold":76,"neow_bonus":"THREE_RARE_CARDS","is_prod":false,"is_daily":false,"chose_seed":false,"campfire_upgraded":1,"win_rate":0,"timestamp":1552098253,"path_taken":["M","M","?","?","M","R","E","M","T","?","?","E","?","M","R","BOSS","M","$","?","M","?","E","R","E","T","R","M","R","?","M","R","BOSS","M","$","?","?","M","E","R","M","T","R","?","$","?","$","R","BOSS"],"build_version":"2019-01-23","purchased_purges":2,"victory":true,"max_hp_per_floor":[70,70,70,70,70,70,70,70,70,70,70,70,70,70,70,70,70,70,70,70,70,70,70,70,70,70,70,70,70,70,70,70,70,70,70,70,70,70,70,70,70,70,70,70,70,70,70,70,70,70],"card_choices":[{"not_picked":["Storm of Steel","Unload"],"picked":"Adrenaline","floor":0.0},{"not_picked":["Acrobatics","All Out Attack"],"picked":"Cloak And Dagger","floor":1.0},{"not_picked":["Outmaneuver","Acrobatics"],"picked":"Deadly Poison","floor":2.0},{"not_picked":["Dagger Throw","Slice"],"picked":"Leg Sweep","floor":5.0},{"not_picked":["Masterful Stab","Infinite Blades"],"picked":"Dash","floor":7.0},{"not_picked":["Storm of Steel","Tactician"],"picked":"Dodge and Roll","floor":8.0},{"not_picked":["Backflip","Heel Hook"],"picked":"Terror","floor":11.0},{"not_picked":["Flying Knee","Quick Slash"],"picked":"Skewer","floor":12.0},{"not_picked":["Dagger Throw","Endless Agony"],"picked":"Noxious Fumes","floor":13.0},{"not_picked":["Prepared","Leg Sweep"],"picked":"Bouncing Flask","floor":14.0},{"not_picked":["Envenom","Bullet Time"],"picked":"Corpse Explosion","floor":16.0},{"not_picked":["Backflip","Acrobatics+1","Dodge and Roll"],"picked":"SKIP","floor":18.0},{"not_picked":["Deflect","Outmaneuver"],"picked":"Poisoned Stab","floor":21.0},{"not_picked":["Bouncing Flask","Dodge and Roll"],"picked":"Caltrops+1","floor":22.0},{"not_picked":["Bane","Quick Slash"],"picked":"Deadly Poison","floor":23.0},{"not_picked":["Dagger Throw+1","Bane","Blade Dance","Dodge and Roll"],"picked":"SKIP","floor":25.0},{"not_picked":["Acrobatics","Concentrate","Masterful Stab"],"picked":"Poisoned Stab","floor":28.0},{"not_picked":["Concentrate","Deadly Poison","Flechettes"],"picked":"Escape Plan+1","floor":31.0},{"not_picked":["Die Die Die","Doppelganger","Burst"],"picked":"Tools of the Trade","floor":33.0},{"not_picked":["Dagger Spray+1","Bane","Sucker Punch"],"picked":"Deadly Poison","floor":35},{"not_picked":["Dagger Spray","Outmaneuver+1","Sucker Punch"],"picked":"Catalyst","floor":39},{"not_picked":["Flying Knee+1","Infinite Blades","Blur+1","Backstab+1"],"picked":"SKIP","floor":40},{"not_picked":["Dodge and Roll+1","Underhanded Strike","Deflect+1","Dagger Throw"],"picked":"SKIP","floor":42},{"not_picked":["Deflect","Skewer+1","A Thousand Cuts","Flying Knee"],"picked":"SKIP","floor":47}],"player_experience":107902,"relics_obtained":[{"floor":7.0,"key":"PreservedInsect"},{"floor":9.0,"key":"Shuriken"},{"floor":12.0,"key":"Dead Branch"},{"floor":13.0,"key":"Pen Nib"},{"floor":23.0,"key":"Question Card"},{"floor":25.0,"key":"Snake Skull"},{"floor":26.0,"key":"Potion Belt"},{"floor":40,"key":"Centennial Puzzle"},{"floor":43,"key":"Bottled Lightning"}],"event_choices":[{"damage_healed":0.0,"max_hp_gain":0.0,"max_hp_loss":0.0,"gold_gain":0.0,"event_name":"Scrap Ooze","player_choice":"Success","floor":3.0,"gold_loss":0.0,"damage_taken":7.0,"relics_obtained":["Thread and Needle"]},{"damage_healed":0.0,"max_hp_gain":0.0,"max_hp_loss":0.0,"gold_gain":0.0,"event_name":"Golden Idol","player_choice":"Take Damage","floor":4.0,"gold_loss":0.0,"damage_taken":17.0,"relics_obtained":["Golden Idol"]},{"damage_healed":0.0,"max_hp_gain":0.0,"max_hp_loss":0.0,"gold_gain":0.0,"event_name":"Lab","player_choice":"Got Potions","floor":10.0,"gold_loss":0.0,"damage_taken":0.0},{"damage_healed":0.0,"max_hp_gain":0.0,"max_hp_loss":0.0,"gold_gain":0.0,"event_name":"Dead Adventurer","player_choice":"Searched \u00272\u0027 times","floor":13.0,"gold_loss":0.0,"damage_taken":0.0},{"damage_healed":0.0,"max_hp_gain":0.0,"max_hp_loss":0.0,"gold_gain":0.0,"event_name":"Match and Keep!","player_choice":"1 cards matched","floor":20.0,"gold_loss":0.0,"damage_taken":0.0,"cards_obtained":["Neutralize"]},{"damage_healed":0.0,"max_hp_gain":0.0,"max_hp_loss":0.0,"gold_gain":0.0,"event_name":"Addict","player_choice":"Obtained Relic","floor":30.0,"gold_loss":85.0,"damage_taken":0.0,"relics_obtained":["Calipers"]},{"damage_healed":0,"gold_gain":0,"player_choice":"Ignored","damage_taken":0,"max_hp_gain":0,"max_hp_loss":0,"event_name":"Tomb of Lord Red Mask","floor":37,"gold_loss":0},{"damage_healed":0,"gold_gain":333,"player_choice":"Gave Idol","damage_taken":0,"max_hp_gain":0,"max_hp_loss":0,"event_name":"The Moai Head","floor":38,"relics_lost":["Golden Idol"],"gold_loss":0},{"damage_healed":0,"gold_gain":0,"player_choice":"Rummage","damage_taken":0,"relics_obtained":["WarpedTongs"],"max_hp_gain":0,"max_hp_loss":0,"event_name":"Accursed Blacksmith","floor":45,"gold_loss":0,"cards_obtained":["Pain"]}],"is_beta":false,"boss_relics":[{"not_picked":["Pandora\u0027s Box","WristBlade"],"picked":"Fusion Hammer"},{"not_picked":["Runic Dome","Black Star"],"picked":"HoveringKite"}],"items_purged_floors":[46,48],"is_endless":false,"potions_floor_spawned":[2,5,7,13,16,18,25,28,33,42],"ascension_level":2}