{"gold_per_floor":[114,64,64,64,64,64,90,90,113,126,142,142,177,192,192,293,293,293],"floor_reached":18,"playtime":944,"items_purged":[],"score":212,"play_id":"2deac473-de49-4661-8759-67ebd5fb10a2","local_time":"20190310051519","is_ascension_mode":true,"campfire_choices":[{"data":"Body Slam","floor":6,"key":"SMITH"},{"data":"Feel No Pain","floor":15,"key":"SMITH"}],"neow_cost":"NONE","seed_source_timestamp":82432251022975,"circlet_count":0,"master_deck":["Strike_R","Strike_R","Strike_R","Defend_R","Defend_R","Defend_R","Defend_R","Bash+1","Body Slam+1","Shrug It Off+1","Pain","Battle Trance","Feel No Pain+1","Regret","Barricade"],"relics":["Burning Blood","NeowsBlessing","PreservedInsect","WarpedTongs","Happy Flower","Pantograph","Bird Faced Urn","Snecko Eye"],"potions_floor_usage":[16,18],"damage_taken":[{"damage":0,"enemies":"2 Louse","floor":1,"turns":1},{"damage":0,"enemies":"Lagavulin","floor":7,"turns":2},{"damage":1,"enemies":"Jaw Worm","floor":10,"turns":1},{"damage":3,"enemies":"Small Slimes","floor":11,"turns":2},{"damage":19,"enemies":"3 Sentries","floor":13,"turns":9},{"damage":24,"enemies":"Gremlin Gang","floor":14,"turns":7},{"damage":63,"enemies":"Slime Boss","floor":16,"turns":12},{"damage":80,"enemies":"Spheric Guardian","floor":18,"turns":9}],"seed_played":"7042321759137987824","potions_obtained":[{"floor":10,"key":"Weak Potion"},{"floor":16,"key":"Energy Potion"}],"is_trial":false,"path_per_floor":["M","$","?","?","?","R","E","?","T","M","M","?","E","M","R","B",null,"M"],"character_chosen":"IRONCLAD","items_purchased":["Shrug It Off"],"campfire_rested":0,"item_purchase_floors":[2],"current_hp_per_floor":[80,80,73,57,57,57,63,63,63,68,71,71,58,42,42,12,80,1],"gold":293,"neow_bonus":"THREE_ENEMY_KILL","is_prod":false,"is_daily":false,"chose_seed":false,"campfire_upgraded":2,"win_rate":0,"timestamp":1552162519,"path_taken":["M","$","?","?","?","R","E","?","T","?","M","?","E","M","R","BOSS","M"],"build_version":"2019-01-23","purchased_purges":0,"victory":false,"max_hp_per_floor":[80,80,80,80,80,80,80,80,80,80,80,80,80,80,80,80,80,80],"card_choices":[{"not_picked":["Headbutt","True Grit"],"picked":"Body Slam","floor":1},{"not_picked":["Bloodletting","Twin Strike","Iron Wave"],"picked":"SKIP","floor":7},{"not_picked":["Clash","Flex"],"picked":"Battle Trance","floor":10},{"not_picked":["Thunderclap","Whirlwind"],"picked":"Feel No Pain","floor":11},{"not_picked":["Limit Break","Bloodletting","Intimidate"],"picked":"SKIP","floor":13},{"not_picked":["Blood for Blood","Burning Pact","Sever Soul"],"picked":"SKIP","floor":14},{"not_picked":["Fiend Fire","Immolate"],"picked":"Barricade","floor":16}],"player_experience":277911,"relics_obtained":[{"floor":7,"key":"PreservedInsect"},{"floor":9,"key":"Happy Flower"},{"floor":13,"key":"Bird Faced Urn"}],"event_choices":[{"cards_removed":["Strike_R"],"damage_healed":0,"gold_gain":0,"player_choice":"Card Removal","damage_taken":7,"max_hp_gain":0,"max_hp_loss":0,"event_name":"Golden Wing","floor":3,"gold_loss":0},{"damage_healed":0,"gold_gain":0,"player_choice":"Entered Light","damage_taken":16,"max_hp_gain":0,"max_hp_loss":0,"event_name":"Shining Light","floor":4,"gold_loss":0,"cards_upgraded":["Bash","Shrug It Off"]},{"cards_removed":["Strike_R"],"damage_healed":0,"gold_gain":0,"player_choice":"Forget","damage_taken":0,"max_hp_gain":0,"max_hp_loss":0,"event_name":"Living Wall","floor":5,"gold_loss":0},{"damage_healed":0,"gold_gain":0,"player_choice":"Rummage","damage_taken":0,"relics_obtained":["WarpedTongs"],"max_hp_gain":0,"max_hp_loss":0,"event_name":"Accursed Blacksmith","floor":8,"gold_loss":0,"cards_obtained":["Pain"]},{"damage_healed":0,"gold_gain":0,"player_choice":"Box","damage_taken":0,"relics_obtained":["Pantograph"],"max_hp_gain":0,"max_hp_loss":0,"event_name":"Big Fish","floor":12,"gold_loss":0,"cards_obtained":["Regret"]}],"is_beta":false,"boss_relics":[{"not_picked":["Pandora\u0027s Box","Ectoplasm"],"picked":"Snecko Eye"}],"items_purged_floors":[],"is_endless":false,"potions_floor_spawned":[10,16],"killed_by":"Spheric Guardian","ascension_level":2}