{"gold_per_floor":[142,156,156,156,115,115,147,147,147,147,163,177,188,221,221,316,316,330,330,356,281,292,327,327,357,357,357,435,450,462,462,462,562,562,574,594,494,511,526,526,147,147,147,147,369,369,385,385,385,385],"floor_reached":51,"playtime":2350,"items_purged":["Strike_B","Scrape","Defend_B"],"score":1051,"play_id":"01d50b1b-b80a-4569-bcb1-38b0fa4479d0","local_time":"20190308140206","is_ascension_mode":true,"campfire_choices":[{"data":"Defragment","floor":6,"key":"SMITH"},{"data":"Zap","floor":8,"key":"SMITH"},{"data":"Dualcast","floor":10,"key":"SMITH"},{"data":"Consume","floor":15,"key":"SMITH"},{"floor":24,"key":"REST"},{"data":"Go for the Eyes","floor":27,"key":"SMITH"},{"data":"Reboot","floor":32,"key":"SMITH"},{"data":"Biased Cognition","floor":40,"key":"SMITH"},{"data":"Amplify","floor":42,"key":"SMITH"},{"data":"Ball Lightning","floor":46,"key":"SMITH"},{"data":"Finesse","floor":49,"key":"SMITH"}],"neow_cost":"NONE","seed_source_timestamp":6227649192731,"circlet_count":0,"master_deck":["Defend_B","Defend_B","Defend_B","Zap+1","Dualcast+1","Defragment+1","Cold Snap","Ball Lightning+1","Consume+1","Biased Cognition+1","Reboot+1","Double Energy+1","Amplify+1","Leap+1","Go for the Eyes+1","Capacitor+1","Glacier+1","Tempest+1","Steam Power+1","Finesse+1"],"relics":["Cracked Core","Tiny Chest","Bag of Preparation","Symbiotic Virus","Bottled Lightning","Busted Crown","Red Mask","Question Card","Cables","Sundial","Pantograph","Eternal Feather","Frozen Egg 2","Bottled Tornado"],"potions_floor_usage":[7,16,23,29,47,47,50],"damage_taken":[{"damage":3,"enemies":"Small Slimes","floor":1,"turns":4},{"damage":8,"enemies":"2 Louse","floor":2,"turns":3},{"damage":18,"enemies":"3 Sentries","floor":7,"turns":8},{"damage":2,"enemies":"Jaw Worm","floor":11,"turns":2},{"damage":2,"enemies":"2 Fungi Beasts","floor":12,"turns":3},{"damage":0,"enemies":"Large Slime","floor":13,"turns":2},{"damage":12,"enemies":"Lagavulin","floor":14,"turns":7},{"damage":12,"enemies":"Hexaghost","floor":16,"turns":8},{"damage":0,"enemies":"3 Byrds","floor":18,"turns":3},{"damage":12,"enemies":"Masked Bandits","floor":20,"turns":3},{"damage":1,"enemies":"2 Thieves","floor":22,"turns":4},{"damage":29,"enemies":"Slavers","floor":23,"turns":3},{"damage":0,"enemies":"Book of Stabbing","floor":25,"turns":4},{"damage":1,"enemies":"Snecko","floor":29,"turns":4},{"damage":16,"enemies":"Centurion and Healer","floor":30,"turns":4},{"damage":1,"enemies":"Champ","floor":33,"turns":6},{"damage":31,"enemies":"3 Darklings","floor":35,"turns":4},{"damage":0,"enemies":"Orb Walker","floor":36,"turns":3},{"damage":0,"enemies":"4 Shapes","floor":38,"turns":4},{"damage":0,"enemies":"Jaw Worm Horde","floor":39,"turns":2},{"damage":0,"enemies":"Transient","floor":47,"turns":5},{"damage":14,"enemies":"Time Eater","floor":50,"turns":6}],"seed_played":"7614026610487093205","potions_obtained":[{"floor":1,"key":"LiquidBronze"},{"floor":14,"key":"Swift Potion"},{"floor":20,"key":"Weak Potion"},{"floor":23,"key":"Energy Potion"},{"floor":30,"key":"SteroidPotion"},{"floor":33,"key":"Energy Potion"},{"floor":35,"key":"SpeedPotion"},{"floor":38,"key":"Ancient Potion"},{"floor":47,"key":"Swift Potion"}],"is_trial":false,"path_per_floor":["M","M","?","?","?","R","E","R","T","R","M","M","M","E","R","B",null,"M","?","?","$","M","E","R","E","T","R","T","M","M","?","R","B",null,"M","M","$","M","M","R","$","R","T","?","?","R","M","?","R","B",null],"character_chosen":"DEFECT","items_purchased":["Frozen Egg 2"],"campfire_rested":1,"item_purchase_floors":[41],"current_hp_per_floor":[65,57,75,68,68,68,50,50,50,50,48,46,46,34,34,22,62,62,62,50,50,49,20,42,42,42,42,42,41,25,50,50,74,75,44,44,44,44,44,56,56,65,65,65,65,71,71,71,71,57],"gold":385,"neow_bonus":"RANDOM_COMMON_RELIC","is_prod":false,"is_daily":false,"chose_seed":false,"campfire_upgraded":10,"win_rate":0,"timestamp":1552082526,"path_taken":["M","M","?","?","?","R","E","R","T","R","M","M","M","E","R","BOSS","M","?","?","$","M","E","R","E","T","R","?","M","M","?","R","BOSS","M","M","$","M","M","R","$","R","T","?","?","R","M","?","R","BOSS"],"build_version":"2019-01-23","purchased_purges":3,"victory":true,"max_hp_per_floor":[75,75,75,75,75,75,75,75,75,75,75,75,75,75,75,75,75,75,75,75,75,75,75,75,75,75,75,75,75,75,75,75,75,75,75,75,75,75,75,75,75,75,75,71,71,71,71,71,71,71],"card_choices":[{"not_picked":["Reprogram","Gash"],"picked":"Defragment","floor":1},{"not_picked":["Coolheaded","Lockon"],"picked":"Cold Snap","floor":2},{"not_picked":["Thunder Strike","Chaos"],"picked":"Ball Lightning","floor":7},{"not_picked":["Rebound","Sweeping Beam"],"picked":"Consume","floor":11},{"not_picked":["Coolheaded","Rainbow","Scrape"],"picked":"SKIP","floor":12},{"not_picked":["Barrage","Ball Lightning","Gash"],"picked":"SKIP","floor":13},{"not_picked":["Beam Cell","Sweeping Beam"],"picked":"Biased Cognition","floor":14},{"not_picked":["Multi-Cast","Meteor Strike"],"picked":"Reboot","floor":16},{"not_picked":[],"picked":"Double Energy+1","floor":18},{"not_picked":[],"picked":"Leap+1","floor":20},{"not_picked":["Heatsinks"],"picked":"SKIP","floor":22},{"not_picked":["Turbo"],"picked":"SKIP","floor":23},{"not_picked":["Skim"],"picked":"Go for the Eyes","floor":25},{"not_picked":["Stack+1"],"picked":"Capacitor+1","floor":29},{"not_picked":["Sweeping Beam","Storm+1"],"picked":"SKIP","floor":30},{"not_picked":["Heatsinks","Steam+1"],"picked":"SKIP","floor":35},{"not_picked":["Compile Driver"],"picked":"Glacier+1","floor":36},{"not_picked":["Steam"],"picked":"Tempest+1","floor":38},{"not_picked":["Auto Shields+1"],"picked":"Steam Power+1","floor":39},{"not_picked":["Conserve Battery+1","Fusion"],"picked":"SKIP","floor":47},{"not_picked":["Panache+1"],"picked":"Finesse","floor":48}],"player_experience":370676,"relics_obtained":[{"floor":7,"key":"Bag of Preparation"},{"floor":9,"key":"Symbiotic Virus"},{"floor":14,"key":"Bottled Lightning"},{"floor":20,"key":"Red Mask"},{"floor":23,"key":"Question Card"},{"floor":25,"key":"Cables"},{"floor":26,"key":"Sundial"},{"floor":28,"key":"Pantograph"},{"floor":43,"key":"Bottled Tornado"}],"event_choices":[{"damage_healed":25,"gold_gain":0,"player_choice":"Banana","damage_taken":0,"max_hp_gain":0,"max_hp_loss":0,"event_name":"Big Fish","floor":3,"gold_loss":0},{"cards_removed":["Strike_B"],"damage_healed":0,"gold_gain":0,"player_choice":"Card Removal","damage_taken":7,"max_hp_gain":0,"max_hp_loss":0,"event_name":"Golden Wing","floor":4,"gold_loss":0},{"damage_healed":0,"gold_gain":0,"player_choice":"Left Gold","damage_taken":0,"max_hp_gain":0,"max_hp_loss":0,"event_name":"World of Goop","floor":5,"gold_loss":41},{"damage_healed":0,"gold_gain":0,"cards_transformed":["Strike_B","Strike_B"],"player_choice":"Became Test Subject","damage_taken":0,"max_hp_gain":0,"max_hp_loss":0,"event_name":"Drug Dealer","floor":19,"gold_loss":0,"cards_obtained":["Amplify","Scrape"]},{"damage_healed":0,"gold_gain":0,"player_choice":"Fought Bandits","damage_taken":0,"max_hp_gain":0,"max_hp_loss":0,"event_name":"Masked Bandits","floor":20,"gold_loss":0},{"damage_healed":25,"gold_gain":0,"player_choice":"Heal","damage_taken":0,"max_hp_gain":0,"max_hp_loss":0,"event_name":"The Library","floor":31,"gold_loss":0},{"damage_healed":0,"gold_gain":0,"player_choice":"Max HP","damage_taken":0,"max_hp_gain":0,"max_hp_loss":4,"event_name":"Winding Halls","floor":44,"gold_loss":0},{"damage_healed":0,"gold_gain":222,"player_choice":"Wore Mask","damage_taken":0,"max_hp_gain":0,"max_hp_loss":0,"event_name":"Tomb of Lord Red Mask","floor":45,"gold_loss":0},{"damage_healed":0,"gold_gain":0,"player_choice":"Memory 1","damage_taken":0,"max_hp_gain":0,"max_hp_loss":0,"event_name":"SensoryStone","floor":48,"gold_loss":0}],"is_beta":false,"boss_relics":[{"not_picked":["Fusion Hammer","FrozenCore"],"picked":"Busted Crown"},{"not_picked":["Velvet Choker","Black Star"],"picked":"Eternal Feather"}],"items_purged_floors":[21,37,41],"is_endless":false,"potions_floor_spawned":[1,14,20,23,30,33,35,38,47],"ascension_level":6}