{"gold_per_floor":[119,137,137,62,62,136,136,160,184,184,222,14,0,20,20,143,143,162,72,86,104,124,124,0,0,0,0,25,25,102,117,117,117],"floor_reached":33,"playtime":2356,"items_purged":["Strike_R"],"score":322,"play_id":"defda18b-616d-4edb-979c-25a7911ac25e","local_time":"20190305214101","is_ascension_mode":true,"campfire_choices":[{"data":"Clothesline","floor":7,"key":"SMITH"},{"data":"Rampage","floor":10,"key":"SMITH"},{"data":"Shockwave","floor":15,"key":"SMITH"},{"data":"Shrug It Off","floor":23,"key":"SMITH"},{"data":"Armaments","floor":29,"key":"SMITH"},{"data":"Limit Break","floor":32,"key":"SMITH"}],"neow_cost":"NONE","seed_source_timestamp":39647391814616,"circlet_count":0,"master_deck":["Strike_R","Strike_R","Strike_R","Defend_R","Defend_R","Defend_R","Defend_R","Bash","Clothesline+1","Rampage+1","Shockwave+1","Shrug It Off+1","Demon Form","Headbutt","Thunderclap","Offering+1","Iron Wave+1","Disarm+1","Armaments+1","Metallicize","Limit Break+1"],"relics":["Burning Blood","NeowsBlessing","Golden Idol","Tiny Chest","Bag of Preparation","Blue Candle","Coffee Dripper","Sundial","Self Forming Clay"],"potions_floor_usage":[31,33,33],"damage_taken":[{"damage":0,"enemies":"Cultist","floor":1,"turns":1},{"damage":0,"enemies":"2 Louse","floor":2,"turns":1},{"damage":0,"enemies":"Gremlin Nob","floor":6,"turns":1},{"damage":4,"enemies":"Small Slimes","floor":8,"turns":3},{"damage":25,"enemies":"Lagavulin","floor":11,"turns":7},{"damage":2,"enemies":"Blue Slaver","floor":14,"turns":5},{"damage":34,"enemies":"Hexaghost","floor":16,"turns":8},{"damage":16,"enemies":"3 Byrds","floor":18,"turns":6},{"damage":5,"enemies":"Chosen","floor":20,"turns":5},{"damage":13,"enemies":"Snecko","floor":21,"turns":5},{"damage":14,"enemies":"Centurion and Healer","floor":22,"turns":5},{"damage":5,"enemies":"Shelled Parasite and Fungi","floor":28,"turns":8},{"damage":6,"enemies":"Snake Plant","floor":31,"turns":4},{"damage":75,"enemies":"Automaton","floor":33,"turns":12}],"seed_played":"-8558357438867721143","potions_obtained":[{"floor":1,"key":"BloodPotion"},{"floor":2,"key":"Poison Potion"},{"floor":11,"key":"Block Potion"},{"floor":14,"key":"Regen Potion"},{"floor":31,"key":"Weak Potion"}],"is_trial":false,"path_per_floor":["M","M","?","$","?","E","R","M","T","R","E","$","?","M","R","B",null,"M","?","M","M","M","R","$","?","T","$","M","R","T","M","R","B"],"character_chosen":"IRONCLAD","items_purchased":["EssenceOfSteel","Demon Form","Headbutt","Armaments"],"campfire_rested":0,"item_purchase_floors":[4,12,12,24],"current_hp_per_floor":[80,80,60,60,60,66,66,68,68,68,49,49,49,53,53,25,80,70,70,71,64,56,56,56,56,56,56,57,57,57,57,57,0],"gold":117,"neow_bonus":"THREE_ENEMY_KILL","is_prod":false,"is_daily":false,"chose_seed":false,"campfire_upgraded":6,"win_rate":0,"timestamp":1551814861,"path_taken":["M","M","?","$","?","E","R","M","T","R","E","$","?","M","R","BOSS","M","?","?","M","M","R","$","?","T","$","M","R","?","M","R","BOSS"],"build_version":"2019-01-23","purchased_purges":1,"victory":false,"max_hp_per_floor":[80,80,80,80,80,80,80,80,80,80,80,80,80,80,80,80,80,80,80,80,80,80,80,80,80,80,80,80,80,80,80,80,80],"card_choices":[{"not_picked":["Entrench","Rage"],"picked":"Clothesline","floor":1},{"not_picked":["Heavy Blade","Sever Soul","Thunderclap"],"picked":"SKIP","floor":2},{"not_picked":["Infernal Blade","Clash"],"picked":"Rampage","floor":6},{"not_picked":["Sever Soul","Shrug It Off"],"picked":"Shockwave","floor":8},{"not_picked":["Rupture","Uppercut"],"picked":"Shrug It Off","floor":11},{"not_picked":["Sword Boomerang","Twin Strike"],"picked":"Thunderclap","floor":14},{"not_picked":["Reaper","Berserk"],"picked":"Offering","floor":16},{"not_picked":["Spot Weakness","Inflame","Pommel Strike"],"picked":"SKIP","floor":18},{"not_picked":["Havoc","Warcry+1"],"picked":"Iron Wave+1","floor":20},{"not_picked":["Cleave+1","Body Slam","Hemokinesis"],"picked":"SKIP","floor":21},{"not_picked":["Flex+1","Spot Weakness+1"],"picked":"Disarm+1","floor":22},{"not_picked":["Inflame","Rampage"],"picked":"Metallicize","floor":28},{"not_picked":["Carnage","Cleave"],"picked":"Limit Break","floor":31}],"player_experience":659941,"relics_obtained":[{"floor":6,"key":"Tiny Chest"},{"floor":9,"key":"Bag of Preparation"},{"floor":11,"key":"Blue Candle"},{"floor":26,"key":"Sundial"},{"floor":30,"key":"Self Forming Clay"}],"event_choices":[{"damage_healed":0,"gold_gain":0,"player_choice":"Take Damage","damage_taken":20,"relics_obtained":["Golden Idol"],"max_hp_gain":0,"max_hp_loss":0,"event_name":"Golden Idol","floor":3,"gold_loss":0},{"damage_healed":0,"gold_gain":0,"player_choice":"Ignored","damage_taken":0,"max_hp_gain":0,"max_hp_loss":0,"event_name":"Liars Game","floor":5,"gold_loss":0},{"damage_healed":0,"gold_gain":0,"player_choice":"Left Gold","damage_taken":0,"max_hp_gain":0,"max_hp_loss":0,"event_name":"World of Goop","floor":13,"gold_loss":14},{"cards_removed":["Strike_R"],"damage_healed":0,"gold_gain":0,"player_choice":"Upgrade and Remove","damage_taken":0,"max_hp_gain":0,"max_hp_loss":0,"event_name":"Designer","floor":19,"gold_loss":90,"cards_upgraded":["Offering"]}],"is_beta":false,"boss_relics":[{"not_picked":["White Beast Statue","Orrery"],"picked":"Coffee Dripper"}],"items_purged_floors":[24],"is_endless":false,"potions_floor_spawned":[1,2,11,14,20,28,31],"killed_by":"Automaton","ascension_level":3}