{"gold_per_floor":[111,129,279,17,35,67,117,117,117,117,136,149,159,190,190,262,262,274,111,124,143,143,178,178,206,283,301,334,42,42,42,42,114,114,126,126,142,242,84,109,126,126,126,126,142,153,3,35,35,35,35],"floor_reached":52,"playtime":4146,"items_purged":["Doubt","Melter","Writhe","Streamline"],"score":1960,"play_id":"784991c2-285e-43db-9b73-1bf4132f6492","local_time":"20181102195159","is_ascension_mode":true,"campfire_choices":[{"data":"Zap","floor":8,"key":"SMITH"},{"data":"Coolheaded","floor":10,"key":"SMITH"},{"data":"Sweeping Beam","floor":15,"key":"SMITH"},{"floor":24,"key":"REST"},{"floor":30,"key":"REST"},{"data":"Loop","floor":32,"key":"SMITH"},{"data":"Go for the Eyes","floor":42,"key":"SMITH"},{"data":"Creative AI","floor":44,"key":"SMITH"},{"floor":49,"key":"REST"}],"neow_cost":"NONE","seed_source_timestamp":1467420850306441,"circlet_count":0,"master_deck":["AscendersBane","Zap+1","Dualcast","Sweeping Beam+1","Cold Snap","Ball Lightning","Coolheaded+1","Creative AI+1","FTL","White Noise+1","Seek+1","Reboot+1","Go for the Eyes+1","Compile Driver","Conserve Battery+1","Loop+1","Genetic Algorithm+1","BootSequence+1","Tempest+1","Conserve Battery+1","Reinforced Body+1","Undo+1","Conserve Battery+1","Multi-Cast+1","Consume+1","Hologram+1","Blind+1","Echo Form","Steam+1","Turbo+1","Hologram+1","Turbo+1","Steam+1","Aggregate+1","Chill+1","Aggregate+1"],"relics":["Cracked Core","Mercury Hourglass","Question Card","Toxic Egg 2","Emotion Chip","Pandora\u0027s Box","Vajra","Symbiotic Virus","Tiny Chest","Smiling Mask","DataDisk","Lizard Tail","Gambling Chip","Bag of Marbles","Mummified Hand","Bottled Flame"],"potions_floor_usage":[14,16,23,25,40,45,50,50],"damage_taken":[{"damage":0,"enemies":"Jaw Worm","floor":1,"turns":3},{"damage":1,"enemies":"Cultist","floor":2,"turns":3},{"damage":5,"enemies":"Small Slimes","floor":5,"turns":3},{"damage":23,"enemies":"3 Sentries","floor":6,"turns":4},{"damage":9,"enemies":"Looter","floor":11,"turns":3},{"damage":0,"enemies":"2 Fungi Beasts","floor":12,"turns":2},{"damage":5,"enemies":"Exordium Wildlife","floor":13,"turns":4},{"damage":15,"enemies":"Lagavulin","floor":14,"turns":6},{"damage":6,"enemies":"Slime Boss","floor":16,"turns":8},{"damage":0,"enemies":"Chosen","floor":18,"turns":4},{"damage":11,"enemies":"2 Thieves","floor":20,"turns":3},{"damage":0,"enemies":"3 Cultists","floor":21,"turns":5},{"damage":19,"enemies":"Slavers","floor":23,"turns":4},{"damage":20,"enemies":"Book of Stabbing","floor":25,"turns":5},{"damage":0,"enemies":"Snake Plant","floor":27,"turns":4},{"damage":5,"enemies":"Slavers","floor":28,"turns":5},{"damage":20,"enemies":"Champ","floor":33,"turns":13},{"damage":2,"enemies":"Orb Walker","floor":35,"turns":3},{"damage":12,"enemies":"3 Darklings","floor":37,"turns":5},{"damage":0,"enemies":"Mind Bloom Boss Battle","floor":38,"turns":4},{"damage":6,"enemies":"Reptomancer","floor":40,"turns":7},{"damage":0,"enemies":"Maw","floor":41,"turns":6},{"damage":33,"enemies":"Spire Growth","floor":45,"turns":5},{"damage":0,"enemies":"Transient","floor":46,"turns":6},{"damage":3,"enemies":"Giant Head","floor":48,"turns":5},{"damage":34,"enemies":"Time Eater","floor":50,"turns":7},{"damage":26,"enemies":"Donu and Deca","floor":51,"turns":6}],"seed_played":"2006554078413927804","potions_obtained":[{"floor":6,"key":"FearPotion"},{"floor":13,"key":"Weak Potion"},{"floor":16,"key":"LiquidBronze"},{"floor":18,"key":"Energy Potion"},{"floor":21,"key":"Strength Potion"},{"floor":25,"key":"SkillPotion"},{"floor":35,"key":"Block Potion"},{"floor":37,"key":"Regen Potion"},{"floor":45,"key":"SkillPotion"},{"floor":46,"key":"Poison Potion"}],"is_trial":false,"path_per_floor":["M","M","?","$","M","E","?","R","T","R","M","M","M","E","R","B",null,"M","$","M","M","?","E","R","E","T","M","E","$","R","?","R","B",null,"M","?","M","?","$","E","M","R","T","R","M","M","$","E","R","B","B",null],"character_chosen":"DEFECT","items_purchased":["Mercury Hourglass","Tempest+1","Consume+1","Hologram+1","Blind+1","Poison Potion","Hologram+1","Turbo+1","Chill+1","SkillPotion"],"campfire_rested":3,"item_purchase_floors":[4,19,29,29,29,29,39,39,47,47],"current_hp_per_floor":[71,70,70,70,65,42,42,42,42,42,33,33,28,13,13,7,60,60,60,49,49,49,30,53,33,33,33,28,28,51,51,51,31,66,64,64,52,52,52,61,61,61,61,61,28,28,28,25,47,13,37],"gold":35,"neow_bonus":"TEN_PERCENT_HP_BONUS","is_prod":false,"is_daily":false,"chose_seed":false,"campfire_upgraded":6,"win_rate":0,"timestamp":1541184719,"path_taken":["M","M","?","$","M","E","?","R","T","R","?","?","M","E","R","BOSS","M","$","M","M","?","E","R","E","T","M","E","$","R","?","R","BOSS","M","?","M","?","?","E","M","R","T","R","M","M","$","E","R","BOSS","BOSS"],"build_version":"2018-11-01","purchased_purges":4,"victory":true,"max_hp_per_floor":[78,78,78,78,78,78,78,78,78,78,78,78,78,78,78,78,78,78,78,78,78,78,78,78,78,78,78,78,78,78,78,78,78,78,78,74,74,74,74,74,74,74,74,74,74,74,74,74,74,74,74],"card_choices":[{"not_picked":["Leap","Compile Driver"],"picked":"Sweeping Beam","floor":1},{"not_picked":["BootSequence","Fusion"],"picked":"Cold Snap","floor":2},{"not_picked":["Barrage","Beam Cell"],"picked":"Ball Lightning","floor":5},{"not_picked":["Redo","Stack"],"picked":"Coolheaded","floor":6},{"not_picked":["Gash","Turbo+1","Go for the Eyes"],"picked":"Creative AI","floor":11},{"not_picked":["Turbo+1","Coolheaded+1","Recycle+1"],"picked":"FTL","floor":12},{"not_picked":["Stack+1","Doom and Gloom","Cold Snap"],"picked":"White Noise+1","floor":13},{"not_picked":["Sunder","Leap+1","Meteor Strike"],"picked":"Seek+1","floor":14},{"not_picked":["All For One","Machine Learning","Biased Cognition"],"picked":"Reboot+1","floor":16},{"not_picked":["Coolheaded+1","Sweeping Beam","Rebound"],"picked":"BootSequence+1","floor":18},{"not_picked":["Sweeping Beam","Lockon+1","Storm","Go for the Eyes"],"picked":"SKIP","floor":20},{"not_picked":["Skim+1","Sweeping Beam","Leap+1"],"picked":"Conserve Battery+1","floor":21},{"not_picked":["Buffer","Melter","Gash"],"picked":"Reinforced Body+1","floor":23},{"not_picked":["Scrape","Skim+1","Gash"],"picked":"Undo+1","floor":25},{"not_picked":["Ball Lightning","Redo+1","Streamline"],"picked":"Conserve Battery+1","floor":27},{"not_picked":["Cold Snap","Compile Driver","Heatsinks"],"picked":"Multi-Cast+1","floor":28},{"not_picked":["Meteor Strike","Biased Cognition","Machine Learning"],"picked":"Echo Form","floor":33},{"not_picked":["Streamline","Leap+1","Sweeping Beam","Defragment"],"picked":"SKIP","floor":35},{"not_picked":["Rip and Tear+1","Gash+1","Coolheaded+1"],"picked":"Steam+1","floor":37},{"not_picked":["Loop+1","FTL+1","Hologram+1"],"picked":"Turbo+1","floor":38},{"not_picked":["Amplify+1","Ball Lightning","Streamline"],"picked":"Steam+1","floor":40},{"not_picked":["Darkness+1","Leap+1","Hello World+1","Ball Lightning"],"picked":"SKIP","floor":41},{"not_picked":["Darkness+1","Leap+1","Hello World+1","Ball Lightning"],"picked":"SKIP","floor":41},{"not_picked":["Barrage","Static Discharge","Tempest+1"],"picked":"Aggregate+1","floor":45},{"not_picked":["Sweeping Beam+1","Sunder","Consume+1","Self Repair"],"picked":"SKIP","floor":46},{"not_picked":["Rebound","Rainbow+1","Cold Snap+1"],"picked":"Aggregate+1","floor":48}],"player_experience":1528791,"relics_obtained":[{"floor":6,"key":"Question Card"},{"floor":9,"key":"Toxic Egg 2"},{"floor":14,"key":"Emotion Chip"},{"floor":23,"key":"Vajra"},{"floor":25,"key":"Symbiotic Virus"},{"floor":26,"key":"Tiny Chest"},{"floor":28,"key":"Smiling Mask"},{"floor":38,"key":"Gambling Chip"},{"floor":40,"key":"Bag of Marbles"},{"floor":43,"key":"Mummified Hand"},{"floor":48,"key":"Bottled Flame"}],"event_choices":[{"damage_healed":0,"gold_gain":150,"player_choice":"AGREE","damage_taken":0,"max_hp_gain":0,"max_hp_loss":0,"event_name":"Liars Game","floor":3,"gold_loss":0,"cards_obtained":["Doubt"]},{"damage_healed":0,"gold_gain":50,"player_choice":"Pray","damage_taken":0,"max_hp_gain":0,"max_hp_loss":0,"event_name":"Golden Shrine","floor":7,"gold_loss":0},{"cards_removed":["Streamline"],"damage_healed":0,"gold_gain":0,"player_choice":"Elegance","damage_taken":0,"max_hp_gain":0,"max_hp_loss":0,"event_name":"Back to Basics","floor":22,"gold_loss":0},{"damage_healed":0,"gold_gain":0,"player_choice":"Opened","damage_taken":0,"relics_obtained":["DataDisk"],"max_hp_gain":0,"max_hp_loss":0,"event_name":"The Mausoleum","floor":31,"gold_loss":0,"cards_obtained":["Writhe"]},{"damage_healed":0,"gold_gain":0,"player_choice":"Max HP","damage_taken":0,"max_hp_gain":0,"max_hp_loss":4,"event_name":"Winding Halls","floor":36,"gold_loss":0},{"damage_healed":0,"gold_gain":0,"player_choice":"Fight","damage_taken":0,"max_hp_gain":0,"max_hp_loss":0,"event_name":"MindBloom","floor":38,"gold_loss":0}],"is_beta":false,"boss_relics":[{"not_picked":["Empty Cage","Velvet Choker"],"picked":"Pandora\u0027s Box"},{"not_picked":["Calling Bell","Runic Dome"],"picked":"Lizard Tail"}],"items_purged_floors":[19,29,39,47],"is_endless":false,"potions_floor_spawned":[6,13,16,18,21,25,35,37,45,46],"ascension_level":20}