{"gold_per_floor":[19,36,36,52,24,24,24,24,24,53,120,170,170,254,254,254],"floor_reached":16,"playtime":630,"items_purged":[],"score":190,"play_id":"25069bd9-a0b7-4c59-ac84-dbf8b3f829c2","local_time":"20180929184202","is_ascension_mode":true,"campfire_choices":[{"data":"Noxious Fumes","floor":6,"key":"SMITH"},{"data":"Die Die Die","floor":8,"key":"SMITH"},{"data":"Neutralize","floor":13,"key":"SMITH"},{"data":"Poisoned Stab","floor":15,"key":"SMITH"}],"neow_cost":"NO_GOLD","seed_source_timestamp":854862215142801,"circlet_count":0,"master_deck":["Defend_G","Defend_G","Defend_G","Defend_G","Defend_G","Strike_G","Strike_G","Strike_G","Strike_G","Strike_G","Survivor","Neutralize+1","AscendersBane","Die Die Die+1","Deflect","Noxious Fumes+1","PiercingWail","Escape Plan","Adrenaline","Poisoned Stab+1"],"relics":["Ring of the Snake","SsserpentHead","Singing Bowl","Matryoshka","Golden Idol","Odd Mushroom"],"potions_floor_usage":[11,16],"damage_taken":[{"damage":0,"enemies":"2 Louse","floor":1,"turns":2},{"damage":4,"enemies":"Small Slimes","floor":2,"turns":4},{"damage":0,"enemies":"Cultist","floor":4,"turns":4},{"damage":4,"enemies":"Exordium Thugs","floor":5,"turns":4},{"damage":18,"enemies":"Lagavulin","floor":10,"turns":10},{"damage":0,"enemies":"Lots of Slimes","floor":11,"turns":2},{"damage":0,"enemies":"The Mushroom Lair","floor":14,"turns":3},{"damage":46,"enemies":"Slime Boss","floor":16,"turns":7}],"seed_played":"614384488562535120","potions_obtained":[{"floor":4,"key":"LiquidBronze"},{"floor":5,"key":"GamblersBrew"},{"floor":14,"key":"Swift Potion"}],"is_trial":false,"path_per_floor":["M","M","?","M","M","R","?","R","T","E","M","?","R","?","R"],"character_chosen":"THE_SILENT","items_purchased":[],"campfire_rested":0,"item_purchase_floors":[],"current_hp_per_floor":[59,55,55,55,51,51,51,51,51,33,35,35,35,35,35,0],"gold":254,"neow_bonus":"THREE_RARE_CARDS","is_prod":false,"is_daily":false,"chose_seed":false,"campfire_upgraded":4,"win_rate":0,"timestamp":1538239322,"path_taken":["M","M","?","M","M","R","?","R","T","E","?","?","R","?","R","BOSS"],"build_version":"2018-09-27","purchased_purges":0,"victory":false,"max_hp_per_floor":[66,66,66,66,66,66,66,66,66,66,68,62,62,62,62,62],"card_choices":[{"not_picked":["Storm of Steel","Envenom"],"picked":"Die Die Die","floor":0},{"not_picked":["Prepared","Acrobatics"],"picked":"Deflect","floor":1},{"not_picked":["Footwork","Acrobatics"],"picked":"Noxious Fumes","floor":2},{"not_picked":["Dagger Spray","Backflip"],"picked":"PiercingWail","floor":4},{"not_picked":["Prepared","Outmaneuver"],"picked":"Escape Plan","floor":5},{"not_picked":["Poisoned Stab","Noxious Fumes"],"picked":"Adrenaline","floor":10},{"not_picked":["Cloak And Dagger","Acrobatics","Outmaneuver"],"picked":"Singing Bowl","floor":11},{"not_picked":["Flying Knee","Backflip"],"picked":"Poisoned Stab","floor":14}],"player_experience":1292160,"relics_obtained":[{"floor":9,"key":"Singing Bowl"},{"floor":10,"key":"Matryoshka"},{"floor":14,"key":"Odd Mushroom"}],"event_choices":[{"event_name":"Liars Game","player_choice":"disagreed","floor":3,"damage_taken":0},{"event_name":"FaceTrader","player_choice":"Trade","floor":7,"damage_taken":0},{"event_name":"Golden Idol","player_choice":"Lose Max HP","floor":12,"damage_taken":0},{"event_name":"Mushrooms","player_choice":"Fought Mushrooms","floor":14,"damage_taken":0}],"is_beta":false,"boss_relics":[],"items_purged_floors":[],"is_endless":false,"potions_floor_spawned":[4,5,14],"killed_by":"Slime Boss","ascension_level":18}