{"gold_per_floor":[119,69,69,81,94,123,123,156,201,201,201,211,236,252,252,350,350,365,365,365,134,409,409,21,46,71,71,87,87,302,302],"floor_reached":31,"playtime":1970,"items_purged":["Strike_G"],"score":415,"play_id":"fd2ab840-72ec-45f3-8e16-379e91ea47bc","local_time":"20190227171020","is_ascension_mode":true,"campfire_choices":[{"data":"Neutralize","floor":7.0,"key":"SMITH"},{"data":"Predator","floor":10.0,"key":"SMITH"},{"floor":15.0,"key":"REST"},{"data":"After Image","floor":23,"key":"SMITH"},{"data":"Deadly Poison","floor":27,"key":"SMITH"}],"neow_cost":"CURSE","seed_source_timestamp":0,"circlet_count":0,"master_deck":["Defend_G","Defend_G","Defend_G","Defend_G","Defend_G","Strike_G","Survivor","Neutralize+1","Discovery","Terror","Predator+1","Dodge and Roll","Noxious Fumes","Bouncing Flask","Doppelganger","Dodge and Roll+1","After Image+1","Phantasmal Killer","Regret","Well Laid Plans","Deadly Poison+1"],"special_seed":0,"relics":["Ring of the Snake","WingedGreaves","Singing Bowl","Juzu Bracelet","Regal Pillow","Anchor","Sozu","Bronze Scales","FossilizedHelix","Omamori","Blood Vial","Old Coin"],"potions_floor_usage":[25],"damage_taken":[{"damage":0.0,"enemies":"Small Slimes","floor":1.0,"turns":3.0},{"damage":2.0,"enemies":"Jaw Worm","floor":4.0,"turns":3.0},{"damage":1.0,"enemies":"Cultist","floor":5.0,"turns":3.0},{"damage":24.0,"enemies":"Lagavulin","floor":6.0,"turns":7.0},{"damage":12.0,"enemies":"Gremlin Nob","floor":8.0,"turns":3.0},{"damage":0.0,"enemies":"Looter","floor":12.0,"turns":4.0},{"damage":2.0,"enemies":"Lagavulin","floor":13.0,"turns":6.0},{"damage":0.0,"enemies":"Exordium Wildlife","floor":14.0,"turns":3.0},{"damage":4.0,"enemies":"The Guardian","floor":16.0,"turns":9.0},{"damage":3,"enemies":"Chosen","floor":18,"turns":5},{"damage":34,"enemies":"Book of Stabbing","floor":25,"turns":7},{"damage":0,"enemies":"Shell Parasite","floor":28,"turns":4},{"damage":30,"enemies":"Slavers","floor":31,"turns":7}],"seed_played":"7699770878052638297","potions_obtained":[{"floor":4.0,"key":"SteroidPotion"},{"floor":8.0,"key":"Block Potion"},{"floor":12.0,"key":"Swift Potion"},{"floor":13.0,"key":"EssenceOfSteel"},{"floor":14.0,"key":"AttackPotion"}],"is_trial":false,"path_per_floor":["M","?","?","M","M","E","R","E","T","R","?","M","E","M","R","B",null,"M","?","?","$","?","R","$","E","T","R","M","?","?","E"],"character_chosen":"THE_SILENT","items_purchased":["Bronze Scales","Well Laid Plans","FossilizedHelix","Deadly Poison"],"campfire_rested":1,"item_purchase_floors":[21,24,24,24],"current_hp_per_floor":[63,63,63,61,60,38,38,26,26,26,19,21,21,21,58,54,71,68,68,54,54,54,54,54,22,22,22,26,26,26,0],"gold":302,"neow_bonus":"ONE_RARE_RELIC","is_prod":false,"is_daily":false,"chose_seed":false,"campfire_upgraded":4,"win_rate":0,"timestamp":1551305420,"path_taken":["M","?","?","M","M","E","R","E","T","R","?","M","E","M","R","BOSS","M","?","?","$","?","R","$","E","T","R","M","?","?","E"],"build_version":"2019-01-23","purchased_purges":1,"victory":false,"max_hp_per_floor":[70,70,70,70,70,72,72,72,72,72,72,74,76,76,76,76,76,76,76,81,81,81,81,81,83,83,83,85,85,85,85],"card_choices":[{"not_picked":["Concentrate","Outmaneuver","Slice"],"picked":"SKIP","floor":1.0},{"not_picked":["Skewer","Outmaneuver"],"picked":"Predator","floor":4.0},{"not_picked":["Bane","Predator"],"picked":"Dodge and Roll","floor":5.0},{"not_picked":["Slice","Acrobatics","Cloak And Dagger"],"picked":"Singing Bowl","floor":6.0},{"not_picked":["Crippling Poison","Acrobatics"],"picked":"Noxious Fumes","floor":8.0},{"not_picked":["Blade Dance","Flying Knee","Sucker Punch"],"picked":"Singing Bowl","floor":12.0},{"not_picked":["Unload","Dagger Throw","Dagger Spray"],"picked":"Singing Bowl","floor":13.0},{"not_picked":["Riddle With Holes","Caltrops"],"picked":"Bouncing Flask","floor":14.0},{"not_picked":["Phantasmal Killer","Adrenaline"],"picked":"Doppelganger","floor":16.0},{"not_picked":["Cloak And Dagger","Riddle With Holes"],"picked":"Dodge and Roll+1","floor":18},{"not_picked":["Bouncing Flask","Dagger Spray+1","Heel Hook+1"],"picked":"Singing Bowl","floor":25},{"not_picked":["Blade Dance","All Out Attack","Crippling Poison"],"picked":"Singing Bowl","floor":28}],"player_experience":1689446,"relics_obtained":[{"floor":6.0,"key":"Singing Bowl"},{"floor":8.0,"key":"Juzu Bracelet"},{"floor":9.0,"key":"Regal Pillow"},{"floor":13.0,"key":"Anchor"},{"floor":25,"key":"Omamori"},{"floor":26,"key":"Blood Vial"}],"event_choices":[{"cards_removed":["Shame"],"damage_healed":0.0,"max_hp_gain":0.0,"max_hp_loss":0.0,"gold_gain":0.0,"event_name":"The Cleric","player_choice":"Card Removal","floor":2.0,"gold_loss":50.0,"damage_taken":0.0},{"damage_healed":0.0,"max_hp_gain":0.0,"max_hp_loss":0.0,"gold_gain":0.0,"event_name":"Match and Keep!","player_choice":"2 cards matched","floor":3.0,"gold_loss":0.0,"damage_taken":0.0,"cards_obtained":["Discovery","Terror"]},{"cards_removed":["Strike_G"],"damage_healed":0.0,"max_hp_gain":0.0,"max_hp_loss":0.0,"gold_gain":0.0,"event_name":"Golden Wing","player_choice":"Card Removal","floor":11.0,"gold_loss":0.0,"damage_taken":7.0},{"damage_healed":0,"gold_gain":0,"cards_transformed":["Strike_G","Strike_G"],"player_choice":"Became Test Subject","damage_taken":0,"max_hp_gain":0,"max_hp_loss":0,"event_name":"Drug Dealer","floor":19,"gold_loss":0,"cards_obtained":["After Image","Phantasmal Killer"]},{"damage_healed":0,"gold_gain":0,"player_choice":"Shed Blood","damage_taken":19,"max_hp_gain":5,"max_hp_loss":0,"event_name":"Forgotten Altar","floor":20,"gold_loss":0},{"damage_healed":0,"gold_gain":275,"player_choice":"Desecrate","damage_taken":0,"max_hp_gain":0,"max_hp_loss":0,"event_name":"Golden Shrine","floor":22,"gold_loss":0,"cards_obtained":["Regret"]},{"damage_healed":0,"gold_gain":0,"player_choice":"Bought 0 Potions","damage_taken":0,"max_hp_gain":0,"max_hp_loss":0,"event_name":"The Woman in Blue","floor":29,"gold_loss":0},{"damage_healed":0,"gold_gain":0,"player_choice":"Obtained Relic","damage_taken":0,"relics_obtained":["Old Coin"],"max_hp_gain":0,"max_hp_loss":0,"event_name":"Addict","floor":30,"gold_loss":85}],"is_beta":false,"boss_relics":[{"not_picked":["WristBlade","Cursed Key"],"picked":"Sozu"}],"items_purged_floors":[21],"is_endless":false,"potions_floor_spawned":[4,8,12,13,14],"killed_by":"Slavers","ascension_level":9}