{"gold_per_floor":[117,129,148,148,73,73,100,112,149,161,198,190],"floor_reached":12,"playtime":451,"items_purged":["Strike_B"],"score":172,"play_id":"7541fc4b-7f77-4f62-9dff-f404c82a6388","local_time":"20190108232853","is_ascension_mode":true,"campfire_choices":[{"data":"Defragment","floor":6,"key":"SMITH"},{"floor":8,"key":"REST"}],"neow_cost":"NONE","seed_source_timestamp":1296345523924224,"circlet_count":0,"master_deck":["AscendersBane","Strike_B","Strike_B+1","Defend_B","Defend_B","Defend_B","Defend_B","Zap","Dualcast","Defragment+1","Loop","Sweeping Beam+1","Echo Form","Seek"],"relics":["Cracked Core","MawBank","Art of War","DataDisk"],"potions_floor_usage":[7,7,12],"damage_taken":[{"damage":1,"enemies":"Cultist","floor":1,"turns":3},{"damage":8,"enemies":"Small Slimes","floor":2,"turns":3},{"damage":2,"enemies":"Jaw Worm","floor":3,"turns":3},{"damage":22,"enemies":"Gremlin Nob","floor":7,"turns":5},{"damage":30,"enemies":"3 Sentries","floor":11,"turns":5},{"damage":11,"enemies":"Looter","floor":12,"turns":1}],"seed_played":"5190924973643309412","potions_obtained":[{"floor":2,"key":"Weak Potion"},{"floor":3,"key":"SkillPotion"},{"floor":11,"key":"FocusPotion"}],"is_trial":false,"path_per_floor":["M","M","M","?","$","R","E","R","T","$","E","M"],"character_chosen":"DEFECT","items_purchased":[],"campfire_rested":1,"item_purchase_floors":[],"current_hp_per_floor":[63,55,53,32,32,32,10,31,31,31,1,0],"gold":190,"neow_bonus":"TRANSFORM_CARD","is_prod":false,"is_daily":false,"chose_seed":false,"campfire_upgraded":1,"win_rate":0,"timestamp":1546986533,"path_taken":["M","?","M","?","$","R","E","R","T","$","E","M"],"build_version":"2019-01-03v4","purchased_purges":1,"victory":false,"max_hp_per_floor":[71,71,71,71,71,71,71,71,71,71,71,71],"card_choices":[{"not_picked":["Beam Cell","Aggregate"],"picked":"Loop","floor":1},{"not_picked":["Compile Driver","Stack"],"picked":"Sweeping Beam","floor":2},{"not_picked":["Turbo","Stack"],"picked":"Echo Form","floor":3},{"not_picked":["Turbo","Rip and Tear"],"picked":"Seek","floor":7},{"not_picked":["Recycle","Sunder","Gash"],"picked":"SKIP","floor":11}],"player_experience":1772254,"relics_obtained":[{"floor":7,"key":"MawBank"},{"floor":9,"key":"Art of War"},{"floor":11,"key":"DataDisk"}],"event_choices":[{"damage_healed":0,"gold_gain":0,"player_choice":"Entered Light","damage_taken":21,"max_hp_gain":0,"max_hp_loss":0,"event_name":"Shining Light","floor":4,"gold_loss":0,"cards_upgraded":["Sweeping Beam","Strike_B"]}],"is_beta":false,"boss_relics":[],"items_purged_floors":[5],"is_endless":false,"potions_floor_spawned":[2,3,11],"killed_by":"Looter","ascension_level":20}