{"gold_per_floor":[118,136,236,247,262,262,287,287,287,332,355,367,393,405,417,532,544,574,464,482,482,482,545,545,545,594,622,636,636,670,689,689,791,791,804,814,814,814,831,864,877,903,903,919,954,974,988,606,606,606,606,606,131,156,156],"floor_reached":56,"playtime":6112,"items_purged":["Barricade+1","Havoc","Sever Soul"],"score":1566,"play_id":"29e882de-6b59-4120-8be6-3b2aaac01f35","local_time":"20190209184724","is_ascension_mode":true,"campfire_choices":[{"data":"Whirlwind","floor":6,"key":"SMITH"},{"floor":8,"key":"REST"},{"data":"Bash","floor":12,"key":"SMITH"},{"data":"Shrug It Off","floor":15,"key":"SMITH"},{"data":"Ghostly","floor":25,"key":"SMITH"},{"data":"Ghostly","floor":29,"key":"SMITH"},{"data":"Ghostly","floor":32,"key":"SMITH"},{"floor":49,"key":"RECALL"},{"data":"Ghostly","floor":52,"key":"SMITH"}],"neow_cost":"NONE","seed_source_timestamp":324207294321600,"circlet_count":0,"master_deck":["Bash+1","Clothesline+1","Whirlwind+1","Headbutt+1","Dual Wield","Shrug It Off+1","Battle Trance","Barricade+1","Intimidate","Juggernaut+1","Offering","Dark Embrace+1","Metallicize+1","Dark Embrace+1","Sentinel+1","Ghostly","Ghostly+1","Ghostly+1","Ghostly+1","Ghostly+1","Second Wind+1","RitualDagger","Feel No Pain+1","Entrench+1","Feed","Impervious","Feel No Pain+1","Pummel+1","Armaments+1","Power Through+1","Evolve+1","Body Slam+1","Juggernaut+1","Corruption+1","Shockwave"],"relics":["Burning Blood","Oddly Smooth Stone","MawBank","Frozen Egg 2","Pandora\u0027s Box","Tiny Chest","Bronze Scales","Meat on the Bone","Lantern","Black Star","Whetstone","Pantograph","Vajra","Self Forming Clay","Pen Nib","Boot","Membership Card","Dodecahedron","Art of War","Strawberry","ClockworkSouvenir","Bag of Marbles","Shuriken"],"potions_floor_usage":[7,33,50,50,54],"damage_taken":[{"damage":0,"enemies":"Small Slimes","floor":1,"turns":3},{"damage":4,"enemies":"Cultist","floor":2,"turns":3},{"damage":8,"enemies":"2 Louse","floor":4,"turns":3},{"damage":24,"enemies":"Exordium Wildlife","floor":5,"turns":5},{"damage":45,"enemies":"Lagavulin","floor":7,"turns":7},{"damage":15,"enemies":"Gremlin Nob","floor":10,"turns":4},{"damage":9,"enemies":"Blue Slaver","floor":11,"turns":3},{"damage":2,"enemies":"Looter","floor":13,"turns":4},{"damage":36,"enemies":"The Guardian","floor":16,"turns":19},{"damage":25,"enemies":"Spheric Guardian","floor":18,"turns":6},{"damage":24,"enemies":"2 Thieves","floor":20,"turns":3},{"damage":6,"enemies":"Gremlin Leader","floor":23,"turns":6},{"damage":4,"enemies":"Slavers","floor":27,"turns":8},{"damage":6,"enemies":"Snecko","floor":28,"turns":6},{"damage":10,"enemies":"Book of Stabbing","floor":30,"turns":7},{"damage":1,"enemies":"Snake Plant","floor":31,"turns":5},{"damage":19,"enemies":"Champ","floor":33,"turns":17},{"damage":7,"enemies":"3 Darklings","floor":35,"turns":8},{"damage":0,"enemies":"3 Shapes","floor":36,"turns":6},{"damage":16,"enemies":"Writhing Mass","floor":39,"turns":10},{"damage":1,"enemies":"Reptomancer","floor":40,"turns":10},{"damage":1,"enemies":"4 Shapes","floor":41,"turns":5},{"damage":10,"enemies":"Giant Head","floor":42,"turns":14},{"damage":3,"enemies":"3 Darklings","floor":44,"turns":8},{"damage":32,"enemies":"Reptomancer","floor":45,"turns":10},{"damage":0,"enemies":"Maw","floor":46,"turns":12},{"damage":28,"enemies":"4 Shapes","floor":47,"turns":4},{"damage":10,"enemies":"Donu and Deca","floor":50,"turns":9},{"damage":29,"enemies":"Shield and Spear","floor":54,"turns":5},{"damage":14,"enemies":"The Heart","floor":55,"turns":6}],"seed_played":"4200187173713680875","potions_obtained":[{"floor":2,"key":"GamblersBrew"},{"floor":5,"key":"Strength Potion"},{"floor":10,"key":"Poison Potion"},{"floor":13,"key":"BloodPotion"},{"floor":16,"key":"Strength Potion"},{"floor":36,"key":"BloodPotion"},{"floor":39,"key":"Strength Potion"},{"floor":54,"key":"FearPotion"}],"is_trial":false,"path_per_floor":["M","M","?","M","M","R","E","R","T","E","M","R","M","?","R","B",null,"M","$","M","?","?","E","?","R","T","E","M","R","E","M","R","B",null,"M","M","?","?","M","E","M","E","T","M","E","M","M","$","R","B",null,"R","$","E","B",null],"character_chosen":"IRONCLAD","items_purchased":["Havoc","Membership Card","Dodecahedron","Corruption+1","Block Potion","Shockwave","Art of War","Strawberry","ClockworkSouvenir","GamblersBrew","Regen Potion"],"campfire_rested":1,"item_purchase_floors":[19,48,48,53,53,53,53,53,53,53,53],"current_hp_per_floor":[80,80,80,78,60,60,21,45,45,36,33,33,37,42,42,12,85,66,66,48,48,42,42,36,36,36,38,38,38,34,39,39,38,42,41,42,42,42,32,37,42,38,38,44,33,39,29,29,29,47,51,51,58,47,50],"gold":156,"neow_bonus":"REMOVE_CARD","is_prod":false,"is_daily":false,"chose_seed":false,"campfire_upgraded":7,"win_rate":0,"timestamp":1549756044,"path_taken":["M","M","?","M","?","R","E","R","T","E","M","R","M","?","R","BOSS","M","$","M","?","?","E","?","R","T","E","M","R","E","M","R","BOSS","M","M","?","?","M","E","M","E","T","M","E","M","?","$","R","BOSS","R","$","E","BOSS"],"build_version":"2019-01-23","purchased_purges":3,"victory":true,"max_hp_per_floor":[80,80,80,80,80,80,80,80,80,80,80,80,80,85,85,85,85,85,85,85,85,42,42,42,42,42,42,42,42,42,42,42,42,42,42,42,42,42,42,42,42,42,42,45,48,48,48,48,48,51,51,51,58,58,58],"card_choices":[{"not_picked":["Cleave","Body Slam"],"picked":"Clothesline","floor":1},{"not_picked":["Evolve","Thunderclap","Iron Wave"],"picked":"SKIP","floor":2},{"not_picked":["Thunderclap","Carnage"],"picked":"Whirlwind","floor":4},{"not_picked":["Flex","Entrench"],"picked":"Pommel Strike","floor":5},{"not_picked":["Entrench","Bloodletting"],"picked":"Headbutt","floor":7},{"not_picked":["Intimidate","Dark Embrace"],"picked":"Dual Wield","floor":10},{"not_picked":["Thunderclap","Rampage"],"picked":"Shrug It Off","floor":11},{"not_picked":["Carnage","Thunderclap"],"picked":"Battle Trance","floor":13},{"not_picked":["Berserk+1","Reaper"],"picked":"Barricade+1","floor":16},{"not_picked":["Perfected Strike","Searing Blow+1"],"picked":"Sentinel+1","floor":18},{"not_picked":["Dual Wield","Searing Blow+1","Sever Soul"],"picked":"SKIP","floor":20},{"not_picked":["Dual Wield","Wild Strike"],"picked":"Second Wind+1","floor":23},{"not_picked":["Pommel Strike","Intimidate"],"picked":"Feel No Pain+1","floor":27},{"not_picked":["Seeing Red","Dual Wield"],"picked":"Entrench+1","floor":28},{"not_picked":["Sentinel","Fire Breathing+1"],"picked":"Feed","floor":30},{"not_picked":["Clothesline","Sentinel","Intimidate"],"picked":"SKIP","floor":31},{"not_picked":["Demon Form+1","Reaper"],"picked":"Impervious","floor":33},{"not_picked":["Uppercut+1","Twin Strike"],"picked":"Feel No Pain+1","floor":35},{"not_picked":["Reckless Charge","Anger+1"],"picked":"Pummel+1","floor":36},{"not_picked":["Sword Boomerang+1","Infernal Blade","Clothesline"],"picked":"SKIP","floor":39},{"not_picked":["Combust+1","Cleave+1","Anger+1"],"picked":"SKIP","floor":40},{"not_picked":["Disarm+1","Ghostly Armor"],"picked":"Armaments+1","floor":41},{"not_picked":["Dual Wield","Combust+1","Thunderclap"],"picked":"SKIP","floor":42},{"not_picked":["Uppercut","Thunderclap"],"picked":"Power Through+1","floor":44},{"not_picked":["Power Through","Whirlwind+1"],"picked":"Evolve+1","floor":45},{"not_picked":["Iron Wave","Metallicize+1"],"picked":"Body Slam+1","floor":46},{"not_picked":["Pommel Strike","Clash+1"],"picked":"Juggernaut+1","floor":47},{"not_picked":["Clash+1","Searing Blow","Dual Wield"],"picked":"SKIP","floor":54}],"player_experience":178649,"relics_obtained":[{"floor":7,"key":"Oddly Smooth Stone"},{"floor":9,"key":"MawBank"},{"floor":10,"key":"Frozen Egg 2"},{"floor":23,"key":"Tiny Chest"},{"floor":26,"key":"Bronze Scales"},{"floor":27,"key":"Meat on the Bone"},{"floor":30,"key":"Lantern"},{"floor":40,"key":"Whetstone"},{"floor":40,"key":"Pantograph"},{"floor":42,"key":"Vajra"},{"floor":42,"key":"Self Forming Clay"},{"floor":45,"key":"Pen Nib"},{"floor":45,"key":"Boot"},{"floor":54,"key":"Bag of Marbles"},{"floor":54,"key":"Shuriken"}],"event_choices":[{"damage_healed":0,"gold_gain":100,"player_choice":"Pray","damage_taken":0,"max_hp_gain":0,"max_hp_loss":0,"event_name":"Golden Shrine","floor":3,"gold_loss":0},{"damage_healed":0,"gold_gain":0,"player_choice":"Donut","damage_taken":0,"max_hp_gain":5,"max_hp_loss":0,"event_name":"Big Fish","floor":14,"gold_loss":0},{"damage_healed":0,"gold_gain":0,"player_choice":"Ignored","damage_taken":0,"max_hp_gain":0,"max_hp_loss":0,"event_name":"Vampires","floor":21,"gold_loss":0},{"damage_healed":0,"gold_gain":0,"player_choice":"Became a Ghost","damage_taken":0,"max_hp_gain":0,"max_hp_loss":43,"event_name":"Ghosts","floor":22,"gold_loss":0,"cards_obtained":["Ghostly","Ghostly","Ghostly","Ghostly","Ghostly"]},{"damage_healed":0,"gold_gain":0,"player_choice":"Joined the Cult","damage_taken":6,"max_hp_gain":0,"max_hp_loss":0,"event_name":"Nest","floor":24,"gold_loss":0,"cards_obtained":["RitualDagger"]},{"damage_healed":0,"gold_gain":0,"player_choice":"Ignored","damage_taken":0,"max_hp_gain":0,"max_hp_loss":0,"event_name":"Tomb of Lord Red Mask","floor":37,"gold_loss":0},{"cards_removed":["Pommel Strike"],"damage_healed":0,"gold_gain":0,"player_choice":"Card Removal","damage_taken":0,"max_hp_gain":0,"max_hp_loss":0,"event_name":"Wheel of Change","floor":38,"gold_loss":0}],"is_beta":false,"boss_relics":[{"not_picked":["Tiny House","White Beast Statue"],"picked":"Pandora\u0027s Box"},{"not_picked":["Empty Cage","Lizard Tail"],"picked":"Black Star"}],"items_purged_floors":[19,48,53],"is_endless":false,"potions_floor_spawned":[2,5,10,13,16,18,27,31,36,39,40,44,47,54],"ascension_level":4}