{"gold_per_floor":[119,269,22,35,35,35,76,76,76,107,120,140,140,158,158,254,254,234,234,247,270,288,288,178,178,178,196,196],"floor_reached":28,"playtime":1092,"items_purged":["Doubt"],"score":460,"play_id":"81f17ea7-b562-4a4c-a7b5-1372883d8b2f","local_time":"20181222195111","is_ascension_mode":true,"campfire_choices":[{"data":"Bash","floor":6,"key":"SMITH"},{"data":"Flex","floor":8,"key":"SMITH"},{"data":"Pommel Strike","floor":15,"key":"SMITH"},{"floor":23,"key":"REST"},{"data":"Pommel Strike","floor":25,"key":"SMITH"}],"neow_cost":"NONE","seed_source_timestamp":548667632090413,"circlet_count":0,"master_deck":["AscendersBane","Defend_R+1","Defend_R","Defend_R","Defend_R+1","Bash+1","Sword Boomerang","Flex+1","Shrug It Off","Corruption","Pommel Strike+1","Dark Embrace+1","Inflame+1","Entrench+1","Sever Soul+1","Dropkick+1","Pommel Strike+1","Shrug It Off","True Grit+1","Burning Pact"],"relics":["Burning Blood","Dream Catcher","War Paint","Golden Idol","Potion Belt","The Courier","Self Forming Clay","Astrolabe"],"potions_floor_usage":[7,16,16,28,28],"damage_taken":[{"damage":12,"enemies":"Small Slimes","floor":1,"turns":5},{"damage":8,"enemies":"2 Louse","floor":4,"turns":3},{"damage":24,"enemies":"Gremlin Nob","floor":7,"turns":4},{"damage":19,"enemies":"Lagavulin","floor":10,"turns":6},{"damage":0,"enemies":"Cultist","floor":11,"turns":2},{"damage":5,"enemies":"Large Slime","floor":12,"turns":5},{"damage":4,"enemies":"Lots of Slimes","floor":14,"turns":5},{"damage":37,"enemies":"Slime Boss","floor":16,"turns":10},{"damage":15,"enemies":"2 Thieves","floor":18,"turns":4},{"damage":5,"enemies":"Chosen","floor":20,"turns":4},{"damage":21,"enemies":"Snake Plant","floor":21,"turns":5},{"damage":17,"enemies":"Chosen and Byrds","floor":22,"turns":7},{"damage":1,"enemies":"Snecko","floor":27,"turns":4},{"damage":47,"enemies":"Slavers","floor":28,"turns":5}],"seed_played":"-3379839498628598120","potions_obtained":[{"floor":4,"key":"Weak Potion"},{"floor":11,"key":"GamblersBrew"},{"floor":12,"key":"Swift Potion"},{"floor":18,"key":"AttackPotion"},{"floor":21,"key":"Explosive Potion"}],"is_trial":false,"path_per_floor":["M","?","$","M","?","R","E","R","T","E","M","M","?","M","R","B",null,"M","?","M","M","M","R","?","R","T","M","E"],"character_chosen":"IRONCLAD","items_purchased":["War Paint"],"campfire_rested":1,"item_purchase_floors":[3],"current_hp_per_floor":[62,62,62,60,60,60,42,42,42,29,35,36,36,38,38,7,53,44,44,45,30,19,39,39,39,39,44,0],"gold":196,"neow_bonus":"RANDOM_COMMON_RELIC","is_prod":false,"is_daily":false,"chose_seed":false,"campfire_upgraded":4,"win_rate":0,"timestamp":1545504671,"path_taken":["M","?","$","M","?","R","E","R","T","E","M","M","?","M","R","BOSS","M","?","M","M","M","R","?","R","T","?","E"],"build_version":"2018-12-20","purchased_purges":1,"victory":false,"max_hp_per_floor":[75,75,75,75,68,68,68,68,68,68,68,68,68,68,68,68,68,68,68,68,68,68,68,68,68,68,68,68],"card_choices":[{"not_picked":["True Grit","Havoc"],"picked":"Twin Strike","floor":1},{"not_picked":["Body Slam","Clash"],"picked":"Sword Boomerang","floor":4},{"not_picked":["Warcry","Fire Breathing"],"picked":"Flex","floor":7},{"not_picked":["Evolve","Sever Soul"],"picked":"Shrug It Off","floor":10},{"not_picked":["Headbutt","Clothesline"],"picked":"Corruption","floor":11},{"not_picked":["Clash","Juggernaut"],"picked":"Pommel Strike","floor":12},{"not_picked":["Heavy Blade","Clothesline","Entrench"],"picked":"SKIP","floor":14},{"not_picked":["Berserk","Barricade"],"picked":"Dark Embrace","floor":16},{"not_picked":["Shrug It Off","Havoc"],"picked":"Dropkick+1","floor":18},{"not_picked":["Clothesline","Body Slam+1","Cleave"],"picked":"SKIP","floor":20},{"not_picked":["Body Slam","Clash"],"picked":"Pommel Strike","floor":21},{"not_picked":["Spot Weakness","Hemokinesis"],"picked":"Shrug It Off","floor":22},{"not_picked":["Pummel","Shockwave"],"picked":"True Grit+1","floor":23},{"not_picked":["Disarm","Havoc"],"picked":"Burning Pact","floor":27}],"player_experience":1690422,"relics_obtained":[{"floor":7,"key":"Potion Belt"},{"floor":9,"key":"The Courier"},{"floor":10,"key":"Self Forming Clay"}],"event_choices":[{"damage_healed":0,"gold_gain":150,"player_choice":"AGREE","damage_taken":0,"max_hp_gain":0,"max_hp_loss":0,"event_name":"Liars Game","floor":2,"gold_loss":0,"cards_obtained":["Doubt"]},{"damage_healed":0,"gold_gain":0,"player_choice":"Lose Max HP","damage_taken":0,"relics_obtained":["Golden Idol"],"max_hp_gain":0,"max_hp_loss":7,"event_name":"Golden Idol","floor":5,"gold_loss":0},{"cards_removed":["Strike_R"],"damage_healed":0,"gold_gain":0,"player_choice":"Offered Basic","damage_taken":0,"max_hp_gain":0,"max_hp_loss":0,"event_name":"Bonfire Elementals","floor":13,"gold_loss":0},{"cards_removed":["Strike_R"],"damage_healed":0,"gold_gain":0,"player_choice":"Elegance","damage_taken":0,"max_hp_gain":0,"max_hp_loss":0,"event_name":"Back to Basics","floor":19,"gold_loss":0},{"cards_removed":["Twin Strike"],"damage_healed":0,"gold_gain":0,"player_choice":"Upgrade and Remove","damage_taken":0,"max_hp_gain":0,"max_hp_loss":0,"event_name":"Designer","floor":24,"gold_loss":110,"cards_upgraded":["Dark Embrace"]}],"is_beta":false,"boss_relics":[{"not_picked":["Cursed Key","Sozu"],"picked":"Astrolabe"}],"items_purged_floors":[3],"is_endless":false,"potions_floor_spawned":[4,11,12,18,21],"killed_by":"Slavers","ascension_level":20}