{"gold_per_floor":[116,191,209,209,209,209,235,235,235,253,282,282,295,313,313,313],"floor_reached":16,"playtime":632,"items_purged":[],"score":250,"play_id":"480201b4-6858-46a5-a81b-499b1361f1c9","local_time":"20190309114958","is_ascension_mode":true,"campfire_choices":[{"data":"Compile Driver","floor":6,"key":"SMITH"},{"data":"Zap","floor":8,"key":"SMITH"},{"data":"Cold Snap","floor":12,"key":"SMITH"},{"data":"Hologram","floor":15,"key":"SMITH"}],"neow_cost":"NONE","seed_source_timestamp":170992574608448,"circlet_count":0,"master_deck":["AscendersBane","Strike_B","Strike_B","Strike_B","Strike_B","Defend_B","Defend_B","Defend_B","Defend_B","Zap+1","Dualcast","Cold Snap+1","Compile Driver+1","Hologram+1","Cold Snap","Coolheaded+1","Coolheaded+1","Ball Lightning"],"relics":["Cracked Core","NeowsBlessing","Pear","Dead Branch","Toxic Egg 2"],"potions_floor_usage":[],"damage_taken":[{"damage":0,"enemies":"2 Louse","floor":1,"turns":1},{"damage":0,"enemies":"Small Slimes","floor":3,"turns":1},{"damage":0,"enemies":"Lagavulin","floor":7,"turns":1},{"damage":0,"enemies":"Cultist","floor":10,"turns":3},{"damage":16,"enemies":"3 Sentries","floor":11,"turns":7},{"damage":6,"enemies":"3 Louse","floor":13,"turns":3},{"damage":0,"enemies":"Looter","floor":14,"turns":3},{"damage":52,"enemies":"Hexaghost","floor":16,"turns":11}],"seed_played":"-1193061626374952572","potions_obtained":[{"floor":1,"key":"Dexterity Potion"},{"floor":11,"key":"Energy Potion"}],"is_trial":false,"path_per_floor":["?","?","?"],"character_chosen":"DEFECT","items_purchased":[],"campfire_rested":0,"item_purchase_floors":[],"current_hp_per_floor":[64,53,53,58,58,58,68,68,68,68,52,52,46,46,46,0],"gold":313,"neow_bonus":"THREE_ENEMY_KILL","is_prod":false,"is_daily":false,"chose_seed":false,"campfire_upgraded":4,"win_rate":0,"timestamp":1552150198,"path_taken":["M","?","M","?","?","R","E","R","T","M","E","R","M","M","R","BOSS"],"build_version":"2019-01-23","purchased_purges":0,"victory":false,"max_hp_per_floor":[71,71,71,76,76,76,86,86,86,86,86,86,86,86,86,86],"card_choices":[{"not_picked":["Fusion","Gash"],"picked":"Cold Snap","floor":1},{"not_picked":["Scrape","Skim"],"picked":"Compile Driver","floor":3},{"not_picked":["Capacitor","Rebound"],"picked":"Hologram","floor":7},{"not_picked":["Ball Lightning","Beam Cell"],"picked":"Cold Snap","floor":10},{"not_picked":["Conserve Battery","Rebound"],"picked":"Coolheaded","floor":11},{"not_picked":["Heatsinks","Turbo+1"],"picked":"Coolheaded+1","floor":13},{"not_picked":["Rip and Tear","Rebound"],"picked":"Ball Lightning","floor":14}],"player_experience":579966,"relics_obtained":[{"floor":7,"key":"Pear"},{"floor":9,"key":"Dead Branch"},{"floor":11,"key":"Toxic Egg 2"}],"event_choices":[{"damage_healed":0,"gold_gain":75,"player_choice":"Gather Gold","damage_taken":11,"max_hp_gain":0,"max_hp_loss":0,"event_name":"World of Goop","floor":2,"gold_loss":0},{"damage_healed":0,"gold_gain":0,"player_choice":"Donut","damage_taken":0,"max_hp_gain":5,"max_hp_loss":0,"event_name":"Big Fish","floor":4,"gold_loss":0},{"damage_healed":0,"gold_gain":0,"player_choice":"Ignored","damage_taken":0,"max_hp_gain":0,"max_hp_loss":0,"event_name":"Liars Game","floor":5,"gold_loss":0}],"is_beta":false,"boss_relics":[],"items_purged_floors":[],"is_endless":false,"potions_floor_spawned":[1,11,13,14],"killed_by":"Hexaghost","ascension_level":17}