{"gold_per_floor":[114,114,134,153,253,285,285,310,334,346,359,359,57,77,77,176,176,194,60,60,60,71,97,97,111,138,138],"floor_reached":27,"playtime":1543,"items_purged":["Strike_G","Strike_G"],"score":381,"play_id":"98cecdd9-7638-4787-b0a3-d04bdee7e17f","local_time":"20190214231829","is_ascension_mode":true,"campfire_choices":[{"data":"Leg Sweep","floor":7.0,"key":"SMITH"},{"data":"Skewer","floor":12,"key":"SMITH"},{"floor":15,"key":"REST"},{"floor":24,"key":"REST"}],"neow_cost":"TEN_PERCENT_HP_LOSS","seed_source_timestamp":0,"circlet_count":0,"master_deck":["Defend_G","Defend_G","Defend_G","Defend_G","Defend_G","Strike_G","Strike_G","Strike_G","Survivor","Neutralize","Cloak And Dagger","Leg Sweep+1","Deadly Poison","Infinite Blades","Skewer+1","Envenom","Catalyst","After Image","Dagger Throw+1","Noxious Fumes","Catalyst","Deadly Poison+1","Calculated Gamble+1"],"special_seed":0,"relics":["Ring of the Snake","Dead Branch","Anchor","Potion Belt","Lantern","WristBlade","Shovel","Bag of Marbles"],"potions_floor_usage":[8,16,22,23,23],"damage_taken":[{"damage":0.0,"enemies":"Jaw Worm","floor":1.0,"turns":4.0},{"damage":0.0,"enemies":"2 Louse","floor":3.0,"turns":4.0},{"damage":0.0,"enemies":"Cultist","floor":4.0,"turns":4.0},{"damage":14.0,"enemies":"3 Sentries","floor":6.0,"turns":9.0},{"damage":23,"enemies":"Gremlin Nob","floor":8,"turns":5},{"damage":6,"enemies":"Blue Slaver","floor":10,"turns":4},{"damage":0,"enemies":"Looter","floor":11,"turns":3},{"damage":10,"enemies":"Exordium Thugs","floor":14,"turns":6},{"damage":0,"enemies":"Slime Boss","floor":16,"turns":9},{"damage":7,"enemies":"Spheric Guardian","floor":18,"turns":6},{"damage":2,"enemies":"2 Thieves","floor":22,"turns":5},{"damage":23,"enemies":"Book of Stabbing","floor":23,"turns":5},{"damage":11,"enemies":"Snake Plant","floor":25,"turns":6},{"damage":37,"enemies":"3 Cultists","floor":27,"turns":5}],"seed_played":"193934948234687995","potions_obtained":[{"floor":6.0,"key":"Strength Potion"},{"floor":8,"key":"LiquidBronze"},{"floor":10,"key":"PowerPotion"},{"floor":11,"key":"Block Potion"},{"floor":22,"key":"Fire Potion"}],"is_trial":false,"path_per_floor":["M","?","M","M","?","E","R","E","T","M","M","R","$","M","R","B",null,"M","$","?","?","M","E","R","M","T","M"],"character_chosen":"THE_SILENT","items_purchased":["Envenom","Catalyst","Noxious Fumes"],"campfire_rested":2,"item_purchase_floors":[13,13,19],"current_hp_per_floor":[63,68,68,68,68,54,54,31,31,25,25,25,25,15,35,35,60,53,53,41,41,39,16,37,26,26,0],"gold":138,"neow_bonus":"ONE_RARE_RELIC","is_prod":false,"is_daily":false,"chose_seed":false,"campfire_upgraded":2,"win_rate":0,"timestamp":1550204309,"path_taken":["M","?","M","M","?","E","R","E","T","?","M","R","$","M","R","BOSS","M","$","?","?","M","E","R","M","T","?"],"build_version":"2019-01-23","purchased_purges":2,"victory":false,"max_hp_per_floor":[63,68,68,68,68,68,68,68,68,68,68,68,68,68,68,68,68,68,68,73,73,73,73,73,73,73,73],"card_choices":[{"not_picked":["Deadly Poison","Eviscerate"],"picked":"Cloak And Dagger","floor":1.0},{"not_picked":["Eviscerate","Well Laid Plans"],"picked":"Leg Sweep","floor":3.0},{"not_picked":["Riddle With Holes","Quick Slash"],"picked":"Deadly Poison","floor":4.0},{"not_picked":["Deadly Poison","Backflip"],"picked":"Infinite Blades","floor":6.0},{"not_picked":["Heel Hook","Deadly Poison"],"picked":"Skewer","floor":8},{"not_picked":["Distraction","Setup","Slice"],"picked":"SKIP","floor":10},{"not_picked":["Quick Slash","Masterful Stab","Flying Knee"],"picked":"SKIP","floor":11},{"not_picked":["Quick Slash","Sucker Punch","Deflect"],"picked":"SKIP","floor":14},{"not_picked":["Tools of the Trade","Night Terror"],"picked":"After Image","floor":16},{"not_picked":["Tactician+1","Outmaneuver","Dagger Throw+1"],"picked":"SKIP","floor":18},{"not_picked":["Tactician+1","Outmaneuver"],"picked":"Dagger Throw+1","floor":18},{"not_picked":["Blade Dance+1","Cloak And Dagger"],"picked":"Deadly Poison+1","floor":22},{"not_picked":["All Out Attack","Underhanded Strike+1"],"picked":"Calculated Gamble+1","floor":23},{"not_picked":["Eviscerate","Setup","Acrobatics"],"picked":"SKIP","floor":25}],"player_experience":241563,"relics_obtained":[{"floor":6.0,"key":"Anchor"},{"floor":8,"key":"Potion Belt"},{"floor":9,"key":"Lantern"},{"floor":23,"key":"Shovel"},{"floor":26,"key":"Bag of Marbles"}],"event_choices":[{"damage_healed":0.0,"max_hp_gain":5.0,"max_hp_loss":0.0,"gold_gain":0.0,"event_name":"Big Fish","player_choice":"Donut","floor":2.0,"gold_loss":0.0,"damage_taken":0.0},{"damage_healed":0.0,"max_hp_gain":0.0,"max_hp_loss":0.0,"gold_gain":100.0,"event_name":"Golden Shrine","player_choice":"Pray","floor":5.0,"gold_loss":0.0,"damage_taken":0.0},{"damage_healed":0,"gold_gain":0,"player_choice":"Shed Blood","damage_taken":17,"max_hp_gain":5,"max_hp_loss":0,"event_name":"Forgotten Altar","floor":20,"gold_loss":0},{"damage_healed":0,"gold_gain":0,"player_choice":"Copied","damage_taken":0,"max_hp_gain":0,"max_hp_loss":0,"event_name":"Duplicator","floor":21,"gold_loss":0,"cards_obtained":["Catalyst"]}],"is_beta":false,"boss_relics":[{"not_picked":["Lizard Tail","Runic Dome"],"picked":"WristBlade"}],"items_purged_floors":[13,19],"is_endless":false,"potions_floor_spawned":[6,8,10,11,22],"killed_by":"3 Cultists","ascension_level":6}