{"gold_per_floor":[118,138,138,152,162,162,190,190,190,21,34,63,79,104,104,104],"floor_reached":16,"playtime":825,"items_purged":["Strike_B"],"score":294,"play_id":"28c44987-10c7-4308-b2fd-03f980507ef8","local_time":"20181118144302","is_ascension_mode":true,"campfire_choices":[{"data":"Sunder","floor":6,"key":"SMITH"},{"data":"Self Repair","floor":8,"key":"SMITH"},{"data":"Consume","floor":15,"key":"SMITH"}],"neow_cost":"NONE","seed_source_timestamp":245205989017838,"circlet_count":0,"master_deck":["AscendersBane","Strike_B","Strike_B","Defend_B","Defend_B","Defend_B","Defend_B","Zap","Dualcast","Sunder+1","Consume+1","Self Repair+1","Leap","Ball Lightning","Self Repair","Ball Lightning","Genetic Algorithm"],"relics":["Cracked Core","Vajra","Shuriken","Bottled Tornado","Sundial","Ornamental Fan"],"potions_floor_usage":[7,12,14,16,16],"damage_taken":[{"damage":5,"enemies":"Small Slimes","floor":1,"turns":3},{"damage":1,"enemies":"Cultist","floor":2,"turns":3},{"damage":4,"enemies":"Jaw Worm","floor":4,"turns":3},{"damage":14,"enemies":"Blue Slaver","floor":5,"turns":4},{"damage":0,"enemies":"Gremlin Nob","floor":7,"turns":2},{"damage":10,"enemies":"Lots of Slimes","floor":11,"turns":6},{"damage":26,"enemies":"3 Sentries","floor":12,"turns":7},{"damage":22,"enemies":"Exordium Thugs","floor":13,"turns":5},{"damage":25,"enemies":"Lagavulin","floor":14,"turns":7},{"damage":34,"enemies":"Slime Boss","floor":16,"turns":6}],"seed_played":"6878652196257192187","potions_obtained":[{"floor":2,"key":"AttackPotion"},{"floor":4,"key":"LiquidBronze"},{"floor":5,"key":"PowerPotion"},{"floor":12,"key":"Explosive Potion"},{"floor":14,"key":"SteroidPotion"}],"is_trial":false,"path_per_floor":["M","M","?","M","M","R","E","R","T","$","M","E","M","E","R","B"],"character_chosen":"DEFECT","items_purchased":["Self Repair","SkillPotion"],"campfire_rested":0,"item_purchase_floors":[10,10],"current_hp_per_floor":[59,58,58,54,47,47,47,47,47,47,54,45,40,32,32,0],"gold":104,"neow_bonus":"RANDOM_COMMON_RELIC","is_prod":false,"is_daily":false,"chose_seed":false,"campfire_upgraded":3,"win_rate":0,"timestamp":1542548582,"path_taken":["M","M","?","?","?","R","E","R","T","?","M","E","M","E","R","BOSS"],"build_version":"2018-11-15","purchased_purges":1,"victory":false,"max_hp_per_floor":[71,71,71,71,71,71,71,71,71,71,71,71,71,71,71,71],"card_choices":[{"not_picked":["Leap","Steam Power"],"picked":"Sunder","floor":1},{"not_picked":["Steam","Darkness"],"picked":"Consume","floor":2},{"not_picked":["Leap","Tempest"],"picked":"Self Repair","floor":4},{"not_picked":["Beam Cell","Skim"],"picked":"Leap","floor":5},{"not_picked":["Beam Cell","Streamline"],"picked":"Ball Lightning","floor":7},{"not_picked":["Barrage","Thunder Strike","Gash"],"picked":"SKIP","floor":11},{"not_picked":["Gash","Barrage"],"picked":"Ball Lightning","floor":12},{"not_picked":["Barrage","Fusion","Consume"],"picked":"SKIP","floor":13},{"not_picked":["Rebound","Tempest"],"picked":"Genetic Algorithm","floor":14}],"player_experience":1633729,"relics_obtained":[{"floor":7,"key":"Shuriken"},{"floor":9,"key":"Bottled Tornado"},{"floor":12,"key":"Sundial"},{"floor":14,"key":"Ornamental Fan"}],"event_choices":[{"cards_removed":["Strike_B"],"damage_healed":0,"gold_gain":0,"player_choice":"Purged","damage_taken":0,"max_hp_gain":0,"max_hp_loss":0,"event_name":"Purifier","floor":3,"gold_loss":0}],"is_beta":false,"boss_relics":[],"items_purged_floors":[10],"is_endless":false,"potions_floor_spawned":[2,4,5,12,14],"killed_by":"Slime Boss","ascension_level":20}