{"gold_per_floor":[112,122,37,47,60,60,79,134,134,33,33,33,49,65,65,137,137,149,228,228,21,41,41,67,77,77,77],"floor_reached":27,"playtime":1381,"items_purged":["Strike_B","Strike_B"],"score":470,"play_id":"05bbbd86-7e79-4464-8b62-f9457662a43e","local_time":"20190123210521","is_ascension_mode":true,"campfire_choices":[{"data":"Ball Lightning","floor":6,"key":"SMITH"},{"data":"Glacier","floor":12,"key":"SMITH"},{"floor":15,"key":"REST"},{"data":"Barrage","floor":23,"key":"SMITH"}],"neow_cost":"NONE","seed_source_timestamp":83893973349355,"circlet_count":0,"master_deck":["AscendersBane","Strike_B","Strike_B","Defend_B","Defend_B","Defend_B","Defend_B","Zap","Dualcast","Storm","Ball Lightning+1","Loop","Sweeping Beam","Cold Snap","Glacier+1","Rebound","Steam","Chill","Doom and Gloom","White Noise","Core Surge","Hologram","Barrage+1","Steam Power","Dark Shackles","Cold Snap+1","Heatsinks+1"],"relics":["Cracked Core","NeowsBlessing","Tiny Chest","Mercury Hourglass","Runic Pyramid","Frozen Egg 2","Bag of Preparation","Meat on the Bone"],"potions_floor_usage":[8,8,16,24,24],"damage_taken":[{"damage":0,"enemies":"2 Louse","floor":1,"turns":1},{"damage":0,"enemies":"Cultist","floor":2,"turns":1},{"damage":0,"enemies":"Small Slimes","floor":4,"turns":1},{"damage":7,"enemies":"Looter","floor":5,"turns":3},{"damage":12,"enemies":"Exordium Wildlife","floor":7,"turns":5},{"damage":14,"enemies":"Gremlin Nob","floor":8,"turns":4},{"damage":5,"enemies":"2 Fungi Beasts","floor":13,"turns":3},{"damage":10,"enemies":"Looter","floor":14,"turns":3},{"damage":12,"enemies":"The Guardian","floor":16,"turns":10},{"damage":6,"enemies":"3 Byrds","floor":18,"turns":4},{"damage":4,"enemies":"Chosen","floor":22,"turns":5},{"damage":20,"enemies":"Book of Stabbing","floor":24,"turns":7},{"damage":27,"enemies":"Snake Plant","floor":25,"turns":5},{"damage":7,"enemies":"Sentry and Sphere","floor":27,"turns":3}],"seed_played":"103736072864344753","potions_obtained":[{"floor":1,"key":"Block Potion"},{"floor":5,"key":"Energy Potion"},{"floor":8,"key":"Explosive Potion"},{"floor":16,"key":"Block Potion"},{"floor":22,"key":"Block Potion"}],"is_trial":false,"path_per_floor":["?","T","?"],"character_chosen":"DEFECT","items_purchased":["Loop","Steam","Dark Shackles"],"campfire_rested":1,"item_purchase_floors":[3,10,21],"current_hp_per_floor":[64,64,64,64,57,57,45,31,31,31,31,31,26,16,37,25,60,54,54,54,54,50,50,30,3,3,0],"gold":77,"neow_bonus":"THREE_ENEMY_KILL","is_prod":false,"is_daily":false,"chose_seed":false,"campfire_upgraded":3,"win_rate":0,"timestamp":1548270321,"path_taken":["M","M","$","M","M","R","M","E","T","$","?","R","M","M","R","BOSS","M","?","?","$","M","R","E","M","T","M"],"build_version":"2019-01-23","purchased_purges":2,"victory":false,"max_hp_per_floor":[71,71,71,71,71,71,71,71,71,71,71,71,71,71,71,71,71,71,71,71,71,71,71,71,71,71,71],"card_choices":[{"not_picked":["Consume","Heatsinks"],"picked":"Storm","floor":1},{"not_picked":["Coolheaded","BootSequence"],"picked":"Ball Lightning","floor":2},{"not_picked":["Blizzard","Coolheaded"],"picked":"Sweeping Beam","floor":4},{"not_picked":["Undo","Go for the Eyes"],"picked":"Cold Snap","floor":5},{"not_picked":["Redo","Chill"],"picked":"Glacier","floor":7},{"not_picked":["Darkness","Compile Driver"],"picked":"Rebound","floor":8},{"not_picked":["Stack","Hologram"],"picked":"Doom and Gloom","floor":13},{"not_picked":["Static Discharge","Compile Driver"],"picked":"White Noise","floor":14},{"not_picked":["All For One","Machine Learning"],"picked":"Core Surge","floor":16},{"not_picked":["Turbo","Reprogram+1"],"picked":"Hologram","floor":18},{"not_picked":["Stack","Leap+1"],"picked":"Cold Snap+1","floor":22},{"not_picked":["Beam Cell","Compile Driver"],"picked":"Heatsinks+1","floor":24},{"not_picked":["Ball Lightning","Coolheaded","Sweeping Beam"],"picked":"SKIP","floor":25}],"player_experience":1481770,"relics_obtained":[{"floor":8,"key":"Tiny Chest"},{"floor":9,"key":"Mercury Hourglass"},{"floor":19,"key":"Frozen Egg 2"},{"floor":24,"key":"Bag of Preparation"},{"floor":26,"key":"Meat on the Bone"}],"event_choices":[{"damage_healed":0,"gold_gain":0,"player_choice":"1 cards matched","damage_taken":0,"max_hp_gain":0,"max_hp_loss":0,"event_name":"Match and Keep!","floor":11,"gold_loss":0,"cards_obtained":["Chill"]},{"damage_healed":0,"gold_gain":0,"player_choice":"2 cards matched","damage_taken":0,"max_hp_gain":0,"max_hp_loss":0,"event_name":"Match and Keep!","floor":20,"gold_loss":0,"cards_obtained":["Barrage","Steam Power"]}],"is_beta":false,"boss_relics":[{"not_picked":["Busted Crown","Runic Dome"],"picked":"Runic Pyramid"}],"items_purged_floors":[10,21],"is_endless":false,"potions_floor_spawned":[1,5,8,16,22],"killed_by":"Sentry and Sphere","ascension_level":20}