{"gold_per_floor":[113,263,276,19,38,67,67,96,96,125,125,155,155,167,167,240,240,255,255,170,70,70,70,96,113,113,132,112,112,138,158,158,235,235,249,54,67,1066,1066],"floor_reached":39,"playtime":2124,"items_purged":["Doubt","Eviscerate"],"score":1015,"play_id":"90652f68-2cc8-4f78-9105-61d853da6ab3","local_time":"20190220200355","is_ascension_mode":true,"campfire_choices":[{"data":"Apotheosis","floor":7.0,"key":"SMITH"},{"floor":11.0,"key":"REST"},{"data":"Doppelganger","floor":15.0,"key":"SMITH"},{"data":"Reflex","floor":23.0,"key":"SMITH"},{"floor":29.0,"key":"REST"},{"data":"Malaise","floor":32.0,"key":"SMITH"}],"neow_cost":"NONE","seed_source_timestamp":0,"circlet_count":0,"master_deck":["AscendersBane","Survivor","Neutralize+1","Bouncing Flask","Apotheosis+1","PiercingWail","Doppelganger+1","Dagger Spray","Backflip","Malaise+1","Riddle With Holes","Reflex+1","Outmaneuver","Expertise","Caltrops","PiercingWail","Infinite Blades","Slice","Skewer","Dagger Throw","Prepared","Deflect","Storm of Steel","Crippling Poison","Corpse Explosion","After Image+1","Footwork+1","Normality","Normality"],"special_seed":0,"relics":["Ring of the Snake","Bag of Preparation","Shuriken","Pen Nib","Bronze Scales","Orichalcum","Letter Opener","Pandora\u0027s Box","Matryoshka","CultistMask","Frozen Egg 2","Blood Vial","The Courier","Darkstone Periapt","Sozu"],"potions_floor_usage":[],"damage_taken":[{"damage":0.0,"enemies":"2 Louse","floor":1.0,"turns":4.0},{"damage":1.0,"enemies":"Small Slimes","floor":3.0,"turns":4.0},{"damage":0.0,"enemies":"Jaw Worm","floor":5.0,"turns":4.0},{"damage":30.0,"enemies":"3 Sentries","floor":6.0,"turns":12.0},{"damage":15.0,"enemies":"Gremlin Nob","floor":8.0,"turns":4.0},{"damage":0.0,"enemies":"Lagavulin","floor":10.0,"turns":5.0},{"damage":22.0,"enemies":"Gremlin Nob","floor":12.0,"turns":4.0},{"damage":0.0,"enemies":"3 Louse","floor":14.0,"turns":4.0},{"damage":3.0,"enemies":"Slime Boss","floor":16.0,"turns":10.0},{"damage":2.0,"enemies":"Shell Parasite","floor":18.0,"turns":6.0},{"damage":6.0,"enemies":"Book of Stabbing","floor":24.0,"turns":5.0},{"damage":9.0,"enemies":"Chosen","floor":25.0,"turns":4.0},{"damage":1.0,"enemies":"Sentry and Sphere","floor":27.0,"turns":5.0},{"damage":0.0,"enemies":"Gremlin Leader","floor":30.0,"turns":5.0},{"damage":7.0,"enemies":"Snecko","floor":31.0,"turns":5.0},{"damage":46.0,"enemies":"Collector","floor":33.0,"turns":10.0},{"damage":1.0,"enemies":"3 Shapes","floor":35.0,"turns":4.0},{"damage":0.0,"enemies":"Orb Walker","floor":37.0,"turns":4.0}],"seed_played":"-6674708629729377637","potions_obtained":[{"floor":6.0,"key":"Poison Potion"},{"floor":12.0,"key":"EssenceOfSteel"},{"floor":14.0,"key":"Explosive Potion"},{"floor":16.0,"key":"Poison Potion"},{"floor":18.0,"key":"PowerPotion"},{"floor":25.0,"key":"Fire Potion"},{"floor":28.0,"key":"Regen Potion"}],"is_trial":false,"path_per_floor":["M","?","M","$","M","E","R","E","T","E","R","E","?","M","R","B",null,"M","?","?","$","?","R","E","M","T","M","?","R","E","M","R","B",null,"M","$","M","?","$"],"character_chosen":"THE_SILENT","items_purchased":["Apotheosis","After Image+1","Footwork+1"],"campfire_rested":2,"item_purchase_floors":[4,36,36],"current_hp_per_floor":[59,59,58,58,58,28,28,13,13,13,32,10,10,10,10,7,51,49,31,31,31,31,31,25,16,16,17,17,38,54,49,49,5,55,56,56,58,70,70],"gold":1066,"neow_bonus":"UPGRADE_CARD","is_prod":false,"is_daily":false,"chose_seed":false,"campfire_upgraded":4,"win_rate":0,"timestamp":1550689435,"path_taken":["M","?","M","$","M","E","R","E","T","E","R","E","?","M","R","BOSS","M","?","?","?","?","R","E","M","T","?","?","R","E","M","R","BOSS","M","?","?","?","$"],"build_version":"2019-01-23","purchased_purges":2,"victory":false,"max_hp_per_floor":[66,66,66,66,66,66,66,66,66,66,66,66,66,66,66,66,66,66,71,71,71,71,71,71,71,71,71,71,71,71,71,71,71,71,71,71,71,83,83],"card_choices":[{"not_picked":["Bane","Blade Dance"],"picked":"Bouncing Flask","floor":1.0},{"not_picked":["Outmaneuver","Prepared","Slice"],"picked":"SKIP","floor":3.0},{"not_picked":["Dagger Spray","Dagger Throw"],"picked":"PiercingWail","floor":5.0},{"not_picked":["Setup","Doppelganger","All Out Attack"],"picked":"SKIP","floor":6.0},{"not_picked":["Setup","All Out Attack"],"picked":"Doppelganger","floor":6.0},{"not_picked":["Deflect","Accuracy","Quick Slash"],"picked":"SKIP","floor":8.0},{"not_picked":["Flying Knee","Slice","Choke"],"picked":"SKIP","floor":10.0},{"not_picked":["Expertise","Unload"],"picked":"Dagger Spray","floor":12.0},{"not_picked":["Tactician","Dagger Spray"],"picked":"Backflip","floor":14.0},{"not_picked":["Bullet Time","Glass Knife"],"picked":"Malaise","floor":16.0},{"not_picked":["Quick Slash","Reflex","Skewer"],"picked":"SKIP","floor":18.0},{"not_picked":["Dodge and Roll","Escape Plan"],"picked":"Dagger Throw","floor":24.0},{"not_picked":["Masterful Stab","All Out Attack"],"picked":"Prepared","floor":25.0},{"not_picked":["Riddle With Holes","Flying Knee"],"picked":"Deflect","floor":27.0},{"not_picked":["Masterful Stab+1","Predator+1"],"picked":"Storm of Steel","floor":30.0},{"not_picked":["Flying Knee","Acrobatics"],"picked":"Crippling Poison","floor":31.0},{"not_picked":["Doppelganger","Night Terror"],"picked":"Corpse Explosion","floor":33.0},{"not_picked":["Choke","Outmaneuver","Slice"],"picked":"SKIP","floor":35.0},{"not_picked":["Quick Slash","Slice","Riddle With Holes"],"picked":"SKIP","floor":37.0}],"player_experience":1913467,"relics_obtained":[{"floor":6.0,"key":"Bag of Preparation"},{"floor":8.0,"key":"Shuriken"},{"floor":9.0,"key":"Pen Nib"},{"floor":10.0,"key":"Bronze Scales"},{"floor":12.0,"key":"Orichalcum"},{"floor":24.0,"key":"Frozen Egg 2"},{"floor":26.0,"key":"Blood Vial"},{"floor":26.0,"key":"The Courier"},{"floor":30.0,"key":"Darkstone Periapt"}],"event_choices":[{"damage_healed":0.0,"max_hp_gain":0.0,"max_hp_loss":0.0,"gold_gain":150.0,"event_name":"Liars Game","player_choice":"AGREE","floor":2.0,"gold_loss":0.0,"damage_taken":0.0,"cards_obtained":["Doubt"]},{"damage_healed":0.0,"max_hp_gain":0.0,"max_hp_loss":0.0,"gold_gain":0.0,"event_name":"Dead Adventurer","player_choice":"Searched \u00271\u0027 times","floor":13.0,"gold_loss":0.0,"damage_taken":0.0,"relics_obtained":["Letter Opener"]},{"damage_healed":0.0,"max_hp_gain":5.0,"max_hp_loss":0.0,"gold_gain":0.0,"event_name":"Forgotten Altar","player_choice":"Shed Blood","floor":19.0,"gold_loss":0.0,"damage_taken":23.0},{"damage_healed":0.0,"max_hp_gain":0.0,"max_hp_loss":0.0,"gold_gain":0.0,"event_name":"Addict","player_choice":"Obtained Relic","floor":20.0,"gold_loss":85.0,"damage_taken":0.0,"relics_obtained":["Matryoshka"]},{"damage_healed":0.0,"max_hp_gain":0.0,"max_hp_loss":0.0,"gold_gain":0.0,"event_name":"FaceTrader","player_choice":"Trade","floor":22.0,"gold_loss":0.0,"damage_taken":0.0,"relics_obtained":["CultistMask"]},{"damage_healed":0.0,"max_hp_gain":0.0,"max_hp_loss":0.0,"gold_gain":0.0,"event_name":"The Woman in Blue","player_choice":"Bought 1 Potion","floor":28.0,"gold_loss":0.0,"damage_taken":0.0},{"damage_healed":0.0,"max_hp_gain":0.0,"max_hp_loss":0.0,"gold_gain":999.0,"event_name":"MindBloom","player_choice":"Gold","floor":38.0,"gold_loss":0.0,"damage_taken":0.0,"cards_obtained":["Normality","Normality"]}],"is_beta":false,"boss_relics":[{"not_picked":["Runic Dome","Eternal Feather"],"picked":"Pandora\u0027s Box"},{"not_picked":["Black Star","Astrolabe"],"picked":"Sozu"}],"items_purged_floors":[4,21],"is_endless":false,"potions_floor_spawned":[6,12,14,16,18,25,37],"ascension_level":20}