{"gold_per_floor":[118,41,41,41,41,79,79,120,120,120,133,164,129,152,152,242,242,261,284,199,199,219,219],"floor_reached":23,"playtime":613,"items_purged":[],"score":424,"play_id":"02d71367-1a20-4091-8448-e45c5578d103","local_time":"20190309141821","is_ascension_mode":true,"campfire_choices":[{"data":"Terror","floor":7,"key":"SMITH"},{"data":"Cloak And Dagger","floor":10,"key":"SMITH"},{"data":"Glass Knife","floor":15,"key":"SMITH"}],"neow_cost":"NONE","seed_source_timestamp":17319985292500,"circlet_count":0,"master_deck":["AscendersBane","Defend_G","Defend_G","Defend_G","Defend_G","Defend_G","Strike_G","Strike_G","Strike_G","Strike_G","Strike_G","Survivor","Neutralize+1","Terror+1","Noxious Fumes","Cloak And Dagger+1","Glass Knife+1","Poisoned Stab","After Image","Sucker Punch","Blade Dance+1","Footwork"],"relics":["Ring of the Snake","NeowsBlessing","Golden Idol","Du-Vu Doll","Kunai","Meat on the Bone","Singing Bowl","Runic Pyramid","Bag of Marbles","MutagenicStrength"],"potions_floor_usage":[12,18,19],"damage_taken":[{"damage":0,"enemies":"2 Louse","floor":1,"turns":1},{"damage":0,"enemies":"3 Sentries","floor":6,"turns":2},{"damage":0,"enemies":"Gremlin Nob","floor":8,"turns":1},{"damage":0,"enemies":"Jaw Worm","floor":11,"turns":3},{"damage":18,"enemies":"3 Sentries","floor":12,"turns":9},{"damage":0,"enemies":"Cultist","floor":14,"turns":2},{"damage":38,"enemies":"Hexaghost","floor":16,"turns":8},{"damage":19,"enemies":"Shell Parasite","floor":18,"turns":3},{"damage":8,"enemies":"2 Thieves","floor":19,"turns":4},{"damage":19,"enemies":"Centurion and Healer","floor":22,"turns":5},{"damage":50,"enemies":"Gremlin Leader","floor":23,"turns":8}],"seed_played":"6484554691717679166","potions_obtained":[{"floor":1,"key":"Swift Potion"},{"floor":8,"key":"Energy Potion"},{"floor":18,"key":"SteroidPotion"}],"is_trial":false,"path_per_floor":["M","$","?","?","$","E","R","E","T","R","M","E","?","M","R","B",null,"M","M","?","?","M","E"],"character_chosen":"THE_SILENT","items_purchased":["Noxious Fumes"],"campfire_rested":0,"item_purchase_floors":[2],"current_hp_per_floor":[63,63,46,46,46,46,46,46,46,46,46,42,60,60,60,34,63,44,48,48,48,41,0],"gold":219,"neow_bonus":"THREE_ENEMY_KILL","is_prod":false,"is_daily":false,"chose_seed":false,"campfire_upgraded":3,"win_rate":0,"timestamp":1552137501,"path_taken":["M","$","?","?","$","E","R","E","T","R","?","E","?","M","R","BOSS","M","M","?","?","M","E"],"build_version":"2019-01-23","purchased_purges":0,"victory":false,"max_hp_per_floor":[70,70,70,70,70,70,70,70,70,70,70,72,72,72,72,72,72,72,72,72,72,72,72],"card_choices":[{"not_picked":["Flechettes","Dodge and Roll"],"picked":"Terror","floor":1},{"not_picked":["Prepared","Sucker Punch"],"picked":"Cloak And Dagger","floor":6},{"not_picked":["Underhanded Strike","Accuracy"],"picked":"Glass Knife","floor":8},{"not_picked":["Concentrate","Accuracy","Prepared"],"picked":"SKIP","floor":11},{"not_picked":["Bane","Deadly Poison","Dodge and Roll"],"picked":"Singing Bowl","floor":12},{"not_picked":["Acrobatics","Prepared"],"picked":"Poisoned Stab","floor":14},{"not_picked":["Wraith Form v2","Envenom"],"picked":"After Image","floor":16},{"not_picked":["Poisoned Stab","Concentrate"],"picked":"Sucker Punch","floor":18},{"not_picked":["Outmaneuver","Flying Knee"],"picked":"Blade Dance+1","floor":19},{"not_picked":["Flechettes","Bane"],"picked":"Footwork","floor":22}],"player_experience":623223,"relics_obtained":[{"floor":6,"key":"Du-Vu Doll"},{"floor":8,"key":"Kunai"},{"floor":9,"key":"Meat on the Bone"},{"floor":12,"key":"Singing Bowl"}],"event_choices":[{"damage_healed":0,"gold_gain":0,"player_choice":"Take Damage","damage_taken":17,"relics_obtained":["Golden Idol"],"max_hp_gain":0,"max_hp_loss":0,"event_name":"Golden Idol","floor":3,"gold_loss":0},{"damage_healed":0,"gold_gain":0,"player_choice":"Upgraded","damage_taken":0,"max_hp_gain":0,"max_hp_loss":0,"event_name":"Upgrade Shrine","floor":4,"gold_loss":0,"cards_upgraded":["Neutralize"]},{"damage_healed":18,"gold_gain":0,"player_choice":"Healed","damage_taken":0,"max_hp_gain":0,"max_hp_loss":0,"event_name":"The Cleric","floor":13,"gold_loss":35},{"damage_healed":0,"gold_gain":0,"player_choice":"Obtained Relic","damage_taken":0,"relics_obtained":["Bag of Marbles"],"max_hp_gain":0,"max_hp_loss":0,"event_name":"Addict","floor":20,"gold_loss":85},{"damage_healed":0,"gold_gain":0,"player_choice":"Inject Mutagens","damage_taken":0,"relics_obtained":["MutagenicStrength"],"max_hp_gain":0,"max_hp_loss":0,"event_name":"Drug Dealer","floor":21,"gold_loss":0}],"is_beta":false,"boss_relics":[{"not_picked":["White Beast Statue","Velvet Choker"],"picked":"Runic Pyramid"}],"items_purged_floors":[],"is_endless":false,"potions_floor_spawned":[1,8,11,18],"killed_by":"Gremlin Leader","ascension_level":13}