{"gold_per_floor":[115,27,202,202,222,255,255,275,301,332,350,350,360,370,370,370],"floor_reached":16,"playtime":820,"items_purged":[],"score":118,"play_id":"182f00f1-9993-429d-b1a5-93f28477ba0c","local_time":"20190309080609","is_ascension_mode":true,"campfire_choices":[{"data":"Armaments","floor":7,"key":"SMITH"},{"data":"Armaments","floor":15,"key":"SMITH"}],"neow_cost":"NONE","seed_source_timestamp":6407755171199,"circlet_count":0,"master_deck":["Strike_R","Strike_R","Strike_R","Strike_R","Strike_R","Defend_R","Defend_R","Defend_R","Defend_R","Bash","Blind","True Grit","Mind Blast","Doubt","Fire Breathing","Armaments+1","Shrug It Off","Feed","Spot Weakness","Armaments+1","Entrench"],"relics":["Burning Blood","CultistMask","Lantern","Omamori","Matryoshka"],"potions_floor_usage":[6,10,10],"damage_taken":[{"damage":3,"enemies":"Jaw Worm","floor":1,"turns":4},{"damage":0,"enemies":"2 Louse","floor":5,"turns":3},{"damage":42,"enemies":"3 Sentries","floor":6,"turns":8},{"damage":6,"enemies":"Cultist","floor":8,"turns":4},{"damage":30,"enemies":"Lagavulin","floor":10,"turns":13},{"damage":12,"enemies":"Blue Slaver","floor":11,"turns":4},{"damage":10,"enemies":"Lots of Slimes","floor":13,"turns":5},{"damage":0,"enemies":"3 Louse","floor":14,"turns":3},{"damage":35,"enemies":"Slime Boss","floor":16,"turns":3}],"seed_played":"7268320855245916038","potions_obtained":[{"floor":1,"key":"Explosive Potion"},{"floor":6,"key":"Strength Potion"},{"floor":8,"key":"GamblersBrew"}],"is_trial":false,"path_per_floor":["M","$","?","?","M","E","R","M","T","E","M","?","M","M","R","B"],"character_chosen":"IRONCLAD","items_purchased":["Mind Blast"],"campfire_rested":0,"item_purchase_floors":[2],"current_hp_per_floor":[80,80,80,80,80,44,44,44,44,20,17,17,16,22,22,0],"gold":370,"neow_bonus":"RANDOM_COLORLESS","is_prod":false,"is_daily":false,"chose_seed":false,"campfire_upgraded":2,"win_rate":0,"timestamp":1552086369,"path_taken":["M","$","?","?","M","E","R","M","T","E","?","?","?","M","R","BOSS"],"build_version":"2019-01-23","purchased_purges":0,"victory":false,"max_hp_per_floor":[80,80,80,80,80,80,80,80,80,80,83,83,86,86,86,86],"card_choices":[{"not_picked":["Anger","Iron Wave"],"picked":"True Grit","floor":1},{"not_picked":["Dropkick","Clash"],"picked":"Fire Breathing","floor":5},{"not_picked":["Spot Weakness","Clash"],"picked":"Armaments","floor":6},{"not_picked":["Inflame","Perfected Strike"],"picked":"Shrug It Off","floor":8},{"not_picked":["Carnage","Burning Pact"],"picked":"Feed","floor":10},{"not_picked":["Clothesline","Sever Soul"],"picked":"Spot Weakness","floor":11},{"not_picked":["Havoc","Anger"],"picked":"Armaments","floor":13},{"not_picked":["Body Slam","Blood for Blood"],"picked":"Entrench","floor":14}],"player_experience":242898,"relics_obtained":[{"floor":6,"key":"Lantern"},{"floor":9,"key":"Omamori"},{"floor":10,"key":"Matryoshka"}],"event_choices":[{"damage_healed":0,"gold_gain":175,"player_choice":"AGREE","damage_taken":0,"max_hp_gain":0,"max_hp_loss":0,"event_name":"Liars Game","floor":3,"gold_loss":0,"cards_obtained":["Doubt"]},{"damage_healed":0,"gold_gain":0,"player_choice":"Trade","damage_taken":0,"relics_obtained":["CultistMask"],"max_hp_gain":0,"max_hp_loss":0,"event_name":"FaceTrader","floor":4,"gold_loss":0},{"damage_healed":0,"gold_gain":0,"player_choice":"Cursed","damage_taken":0,"max_hp_gain":0,"max_hp_loss":0,"event_name":"Wheel of Change","floor":12,"gold_loss":0,"cards_obtained":["Decay"]}],"is_beta":false,"boss_relics":[],"items_purged_floors":[],"is_endless":false,"potions_floor_spawned":[1,6,8],"killed_by":"Slime Boss","ascension_level":1}