{"gold_per_floor":[111,127,127,127,16,16,46,62,86,86,112,132,144,158,158,256,256,242,341,341,203,222,222,241,241,294,314,239,252,271,271,271,372,372,391,28,28],"floor_reached":37,"playtime":1982,"items_purged":["Strike_G","Riddle With Holes","Strike_G"],"score":524,"play_id":"27bfb205-94bd-493f-9458-4a6328b92dfb","local_time":"20190307150936","is_ascension_mode":true,"campfire_choices":[{"data":"Noxious Fumes","floor":6,"key":"SMITH"},{"data":"Neutralize","floor":10,"key":"SMITH"},{"data":"Cloak And Dagger","floor":15,"key":"SMITH"},{"data":"Accuracy","floor":23,"key":"SMITH"},{"data":"Accuracy","floor":25,"key":"SMITH"},{"floor":32,"key":"REST"}],"neow_cost":"NONE","seed_source_timestamp":9484140302158,"circlet_count":0,"master_deck":["Defend_G","Defend_G","Defend_G","Survivor","Neutralize+1","Accuracy+1","Predator","Flash of Steel","PiercingWail","Noxious Fumes+1","Dash","Terror","Malaise","Cloak And Dagger+1","Adrenaline","Phantasmal Killer","Accuracy+1","Blade Dance","Well Laid Plans","Blade Dance","Acrobatics","Noxious Fumes+1","A Thousand Cuts","Accuracy+1","Footwork"],"relics":["Ring of the Snake","NeowsBlessing","Art of War","Lantern","Shuriken","Runic Dome","Dream Catcher","Empty Cage","Oddly Smooth Stone"],"potions_floor_usage":[11,24,30,33,33,33],"damage_taken":[{"damage":0,"enemies":"Small Slimes","floor":1,"turns":1},{"damage":0,"enemies":"Jaw Worm","floor":2,"turns":1},{"damage":0,"enemies":"Lagavulin","floor":7,"turns":1},{"damage":0,"enemies":"Cultist","floor":8,"turns":4},{"damage":32,"enemies":"Gremlin Nob","floor":11,"turns":5},{"damage":6,"enemies":"Lots of Slimes","floor":12,"turns":4},{"damage":3,"enemies":"Blue Slaver","floor":13,"turns":5},{"damage":5,"enemies":"2 Fungi Beasts","floor":14,"turns":3},{"damage":0,"enemies":"Hexaghost","floor":16,"turns":9},{"damage":10,"enemies":"2 Thieves","floor":18,"turns":4},{"damage":0,"enemies":"Chosen","floor":22,"turns":5},{"damage":15,"enemies":"3 Cultists","floor":24,"turns":6},{"damage":11,"enemies":"Sentry and Sphere","floor":27,"turns":5},{"damage":17,"enemies":"Chosen and Byrds","floor":29,"turns":6},{"damage":8,"enemies":"3 Cultists","floor":30,"turns":5},{"damage":14,"enemies":"Collector","floor":33,"turns":6},{"damage":36,"enemies":"3 Shapes","floor":35,"turns":4},{"damage":36,"enemies":"3 Darklings","floor":37,"turns":3}],"seed_played":"5622356320173262803","potions_obtained":[{"floor":1,"key":"Dexterity Potion"},{"floor":2,"key":"Ancient Potion"},{"floor":7,"key":"Poison Potion"},{"floor":8,"key":"Dexterity Potion"},{"floor":22,"key":"Explosive Potion"},{"floor":29,"key":"Fire Potion"},{"floor":30,"key":"Strength Potion"},{"floor":35,"key":"Ancient Potion"}],"is_trial":false,"path_per_floor":["M","M","?","?","$","R","E","M","T","R","E","M","M","M","R","B",null,"M","?","?","$","M","R","M","R","T","M","?","M","M","?","R","B",null,"M","$","M"],"character_chosen":"THE_SILENT","items_purchased":["Noxious Fumes","Accuracy","Footwork","Oddly Smooth Stone"],"campfire_rested":1,"item_purchase_floors":[5,21,36,36],"current_hp_per_floor":[70,70,70,70,70,70,70,70,70,70,38,32,29,24,24,24,70,60,60,60,60,60,60,45,45,45,34,34,17,9,9,30,16,70,34,34,0],"gold":28,"neow_bonus":"THREE_ENEMY_KILL","is_prod":false,"is_daily":false,"chose_seed":false,"campfire_upgraded":5,"win_rate":0,"timestamp":1552000176,"path_taken":["M","M","?","?","$","R","E","?","T","R","E","M","?","M","R","BOSS","M","?","?","?","M","R","M","R","T","M","?","?","M","?","R","BOSS","M","$","M"],"build_version":"2019-01-23","purchased_purges":3,"victory":false,"max_hp_per_floor":[70,70,70,70,70,70,70,70,70,70,70,70,70,70,70,70,70,70,70,70,70,70,70,70,70,70,70,70,70,70,70,70,70,70,70,70,70],"card_choices":[{"not_picked":["Caltrops","Dagger Spray"],"picked":"Accuracy","floor":1},{"not_picked":["Flying Knee","Endless Agony"],"picked":"Predator","floor":2},{"not_picked":["Doppelganger","Dagger Spray"],"picked":"Dash","floor":7},{"not_picked":["Poisoned Stab","Bane"],"picked":"Terror","floor":8},{"not_picked":["Dagger Throw","Backflip"],"picked":"Malaise","floor":11},{"not_picked":["PiercingWail","Reflex"],"picked":"Deadly Poison","floor":12},{"not_picked":["Dagger Throw","Concentrate","Setup"],"picked":"SKIP","floor":13},{"not_picked":["Choke","Bane"],"picked":"Cloak And Dagger","floor":14},{"not_picked":["Storm of Steel","Night Terror"],"picked":"Adrenaline","floor":16},{"not_picked":["Distraction","Blur","Reflex+1"],"picked":"SKIP","floor":18},{"not_picked":["Underhanded Strike+1","Calculated Gamble","Skewer"],"picked":"SKIP","floor":22},{"not_picked":["Concentrate","Masterful Stab"],"picked":"Blade Dance","floor":24},{"not_picked":["Poisoned Stab","Acrobatics"],"picked":"Well Laid Plans","floor":27},{"not_picked":["Terror+1","Deadly Poison"],"picked":"Blade Dance","floor":29},{"not_picked":["Dodge and Roll+1","Dagger Spray"],"picked":"Acrobatics","floor":30},{"not_picked":["Slice+1","Quick Slash+1"],"picked":"Noxious Fumes+1","floor":32},{"not_picked":["Night Terror","Corpse Explosion"],"picked":"A Thousand Cuts","floor":33},{"not_picked":["Bane+1","Poisoned Stab"],"picked":"Accuracy+1","floor":35}],"player_experience":345005,"relics_obtained":[{"floor":7,"key":"Art of War"},{"floor":9,"key":"Lantern"},{"floor":11,"key":"Shuriken"},{"floor":26,"key":"Dream Catcher"}],"event_choices":[{"damage_healed":0,"gold_gain":0,"player_choice":"Ignored","damage_taken":0,"max_hp_gain":0,"max_hp_loss":0,"event_name":"Golden Idol","floor":3,"gold_loss":0},{"damage_healed":0,"gold_gain":0,"player_choice":"2 cards matched","damage_taken":0,"max_hp_gain":0,"max_hp_loss":0,"event_name":"Match and Keep!","floor":4,"gold_loss":0,"cards_obtained":["Flash of Steel","PiercingWail"]},{"damage_healed":0,"gold_gain":99,"player_choice":"Stole From Cult","damage_taken":0,"max_hp_gain":0,"max_hp_loss":0,"event_name":"Nest","floor":19,"gold_loss":0},{"damage_healed":0,"gold_gain":0,"cards_transformed":["Strike_G","Strike_G"],"player_choice":"Became Test Subject","damage_taken":0,"max_hp_gain":0,"max_hp_loss":0,"event_name":"Drug Dealer","floor":20,"gold_loss":0,"cards_obtained":["Riddle With Holes","Phantasmal Killer"]},{"cards_removed":["Strike_G"],"damage_healed":0,"gold_gain":0,"player_choice":"Gave Gold","damage_taken":0,"max_hp_gain":0,"max_hp_loss":0,"event_name":"Beggar","floor":28,"gold_loss":75},{"cards_removed":["Defend_G"],"damage_healed":0,"gold_gain":0,"player_choice":"Card Removal","damage_taken":0,"max_hp_gain":0,"max_hp_loss":0,"event_name":"Wheel of Change","floor":31,"gold_loss":0}],"is_beta":false,"boss_relics":[{"not_picked":["Pandora\u0027s Box","Velvet Choker"],"picked":"Runic Dome"},{"not_picked":["Coffee Dripper","Ring of the Serpent"],"picked":"Empty Cage"}],"items_purged_floors":[5,21,36],"is_endless":false,"potions_floor_spawned":[1,2,7,8,22,29,30,35],"killed_by":"3 Darklings","ascension_level":3}