{"gold_per_floor":[118,137,156,176,176,176,176,200,200,234,234,250,250,271,271,367,367,343,363,363,303,317,317,317],"floor_reached":24,"playtime":881,"items_purged":[],"score":327,"play_id":"4e1c0c25-2ba6-4fca-aa67-50a1e255f147","local_time":"20190309143314","is_ascension_mode":true,"campfire_choices":[{"data":"Neutralize","floor":6,"key":"SMITH"},{"data":"Poisoned Stab","floor":11,"key":"SMITH"},{"data":"Bouncing Flask","floor":13,"key":"SMITH"},{"data":"Quick Slash","floor":15,"key":"SMITH"},{"floor":23,"key":"REST"}],"neow_cost":"NONE","seed_source_timestamp":17946512675100,"circlet_count":0,"master_deck":["AscendersBane","Defend_G","Defend_G","Defend_G","Defend_G","Defend_G","Strike_G","Survivor","Neutralize+1","Quick Slash+1","Footwork+1","Terror","Poisoned Stab+1","Bouncing Flask+1","Infinite Blades","After Image","Distraction+1","Acrobatics+1","PiercingWail","Deadly Poison","Expertise","Distraction","PiercingWail+1"],"relics":["Ring of the Snake","NeowsBlessing","Golden Idol","Bag of Preparation","Centennial Puzzle","Lantern","Astrolabe"],"potions_floor_usage":[],"damage_taken":[{"damage":0,"enemies":"2 Louse","floor":1,"turns":1},{"damage":0,"enemies":"Jaw Worm","floor":2,"turns":1},{"damage":0,"enemies":"Cultist","floor":3,"turns":1},{"damage":0,"enemies":"Blue Slaver","floor":4,"turns":7},{"damage":22,"enemies":"Gremlin Nob","floor":10,"turns":5},{"damage":10,"enemies":"2 Fungi Beasts","floor":12,"turns":3},{"damage":0,"enemies":"Large Slime","floor":14,"turns":3},{"damage":11,"enemies":"Hexaghost","floor":16,"turns":7},{"damage":25,"enemies":"2 Thieves","floor":18,"turns":5},{"damage":4,"enemies":"Shell Parasite","floor":19,"turns":8},{"damage":9,"enemies":"Colosseum Slavers","floor":20,"turns":9},{"damage":4,"enemies":"Centurion and Healer","floor":22,"turns":9},{"damage":46,"enemies":"Gremlin Leader","floor":24,"turns":6}],"seed_played":"8163454587779902543","potions_obtained":[{"floor":10,"key":"Dexterity Potion"},{"floor":12,"key":"Poison Potion"},{"floor":14,"key":"Weak Potion"},{"floor":18,"key":"Fire Potion"}],"is_trial":false,"path_per_floor":["M","M","M","M","?","R","?","T","T","E","R","M","R","M","R","B",null,"M","M","?","?","M","R","E"],"character_chosen":"THE_SILENT","items_purchased":[],"campfire_rested":1,"item_purchase_floors":[],"current_hp_per_floor":[63,63,63,63,63,63,63,63,63,41,41,31,31,31,31,20,54,29,25,16,16,12,31,0],"gold":317,"neow_bonus":"THREE_ENEMY_KILL","is_prod":false,"is_daily":false,"chose_seed":false,"campfire_upgraded":4,"win_rate":0,"timestamp":1552138394,"path_taken":["M","M","M","M","?","R","?","?","T","E","R","M","R","M","R","BOSS","M","M","?","?","?","R","E"],"build_version":"2019-01-23","purchased_purges":0,"victory":false,"max_hp_per_floor":[70,70,70,70,70,70,65,65,65,65,65,65,65,65,65,65,65,65,65,65,65,65,65,65],"card_choices":[{"not_picked":["Underhanded Strike","Riddle With Holes"],"picked":"Quick Slash","floor":1},{"not_picked":["Cloak And Dagger","Backstab"],"picked":"Footwork","floor":2},{"not_picked":["Tactician","Dagger Throw","Reflex"],"picked":"SKIP","floor":3},{"not_picked":["Setup","Blade Dance"],"picked":"Terror","floor":4},{"not_picked":["Slice","Doppelganger"],"picked":"Poisoned Stab","floor":10},{"not_picked":["Dagger Throw","Prepared"],"picked":"Bouncing Flask","floor":12},{"not_picked":["Setup","Acrobatics"],"picked":"Infinite Blades","floor":14},{"not_picked":["Storm of Steel","Phantasmal Killer"],"picked":"After Image","floor":16},{"not_picked":["Sucker Punch","Blade Dance"],"picked":"PiercingWail","floor":18},{"not_picked":["Dagger Spray","Underhanded Strike"],"picked":"Deadly Poison","floor":19},{"not_picked":["Underhanded Strike","Dagger Spray"],"picked":"PiercingWail+1","floor":22}],"player_experience":623836,"relics_obtained":[{"floor":8,"key":"Bag of Preparation"},{"floor":9,"key":"Centennial Puzzle"},{"floor":10,"key":"Lantern"}],"event_choices":[{"damage_healed":0,"gold_gain":0,"player_choice":"Grow","damage_taken":0,"max_hp_gain":0,"max_hp_loss":0,"event_name":"Living Wall","floor":5,"gold_loss":0,"cards_upgraded":["Footwork"]},{"damage_healed":0,"gold_gain":0,"player_choice":"Lose Max HP","damage_taken":0,"relics_obtained":["Golden Idol"],"max_hp_gain":0,"max_hp_loss":5,"event_name":"Golden Idol","floor":7,"gold_loss":0},{"damage_healed":0,"gold_gain":0,"player_choice":"Fight","damage_taken":0,"max_hp_gain":0,"max_hp_loss":0,"event_name":"Colosseum","floor":20,"gold_loss":0},{"damage_healed":0,"gold_gain":0,"player_choice":"Fled From Nobs","damage_taken":0,"max_hp_gain":0,"max_hp_loss":0,"event_name":"Colosseum","floor":20,"gold_loss":0},{"damage_healed":0,"gold_gain":0,"cards_transformed":["Grand Finale","Strike_G"],"player_choice":"Transformed Cards","damage_taken":0,"max_hp_gain":0,"max_hp_loss":0,"event_name":"Designer","floor":21,"gold_loss":60,"cards_obtained":["Expertise","Distraction"]}],"is_beta":false,"boss_relics":[{"not_picked":["Calling Bell","Snecko Eye"],"picked":"Astrolabe"}],"items_purged_floors":[],"is_endless":false,"potions_floor_spawned":[10,12,14,16,18,20],"killed_by":"Gremlin Leader","ascension_level":13}