{"gold_per_floor":[113,113,128,148,158,158,189,209,209,240,45,98,110,152,164,279,291,284,308,333,28,42,42,73,84,84,84,96,96,130,149,149,149],"floor_reached":33,"playtime":2508,"items_purged":["Strike_R"],"score":510,"play_id":"f8c88ac6-867a-4769-bd4f-aca9f4c31f82","local_time":"20190212225826","is_ascension_mode":true,"campfire_choices":[{"data":"Bash","floor":6.0,"key":"SMITH"},{"data":"Armaments","floor":13.0,"key":"SMITH"},{"floor":15.0,"key":"REST"},{"data":"Feel No Pain","floor":29,"key":"SMITH"},{"floor":32,"key":"REST"}],"neow_cost":"NONE","seed_source_timestamp":601980941548800,"circlet_count":0,"master_deck":["Strike_R","Strike_R","Strike_R","Defend_R","Defend_R","Defend_R","Defend_R","Bash+1","Shrug It Off","Cleave","Headbutt","Infernal Blade","Anger","Battle Trance","Armaments+1","Corruption","Reaper","Shrug It Off","Feel No Pain+1","Metallicize","Reckless Charge","Shrug It Off","Dual Wield","Corruption","Clothesline"],"special_seed":0,"relics":["Burning Blood","Peace Pipe","Ginger","Nunchaku","MawBank","Gambling Chip","Runic Cube","Ornamental Fan","Ancient Tea Set","FossilizedHelix","Kunai"],"potions_floor_usage":[16,24,24,24,30,33],"damage_taken":[{"damage":0.0,"enemies":"Small Slimes","floor":1.0,"turns":3.0},{"damage":0.0,"enemies":"Cultist","floor":3.0,"turns":4.0},{"damage":1.0,"enemies":"2 Louse","floor":4.0,"turns":3.0},{"damage":28.0,"enemies":"Exordium Thugs","floor":5.0,"turns":7.0},{"damage":27.0,"enemies":"Lagavulin","floor":7.0,"turns":5.0},{"damage":16.0,"enemies":"Lots of Slimes","floor":8.0,"turns":4.0},{"damage":17.0,"enemies":"3 Sentries","floor":10.0,"turns":7.0},{"damage":4.0,"enemies":"Lagavulin","floor":14.0,"turns":5.0},{"damage":0,"enemies":"Slime Boss","floor":16,"turns":6},{"damage":23,"enemies":"2 Thieves","floor":18,"turns":4},{"damage":27,"enemies":"Spheric Guardian","floor":19,"turns":6},{"damage":15,"enemies":"Snecko","floor":20,"turns":5},{"damage":14,"enemies":"Snake Plant","floor":22,"turns":4},{"damage":30,"enemies":"Book of Stabbing","floor":24,"turns":7},{"damage":22,"enemies":"Sentry and Sphere","floor":25,"turns":7},{"damage":21,"enemies":"Snecko","floor":28,"turns":6},{"damage":53,"enemies":"Gremlin Leader","floor":30,"turns":9},{"damage":28,"enemies":"Centurion and Healer","floor":31,"turns":8},{"damage":90,"enemies":"Champ","floor":33,"turns":16}],"seed_played":"-3900197135328314749","potions_obtained":[{"floor":4.0,"key":"Dexterity Potion"},{"floor":10.0,"key":"Explosive Potion"},{"floor":14.0,"key":"Block Potion"},{"floor":16,"key":"Poison Potion"},{"floor":19,"key":"EssenceOfSteel"},{"floor":25,"key":"Regen Potion"},{"floor":30,"key":"FearPotion"}],"is_trial":false,"path_per_floor":["M","?","M","M","M","R","E","M","T","E","$","T","R","E","R","B",null,"M","M","M","$","M","?","E","M","T","?","M","R","E","M","R","B"],"character_chosen":"IRONCLAD","items_purchased":["Corruption","PowerPotion","Ornamental Fan","Metallicize"],"campfire_rested":2,"item_purchase_floors":[11,11,21,21],"current_hp_per_floor":[86,86,88,88,66,66,45,35,35,24,24,24,24,26,52,72,84,72,51,48,48,40,40,24,13,13,102,87,87,57,40,70,0],"gold":149,"neow_bonus":"TEN_PERCENT_HP_BONUS","is_prod":false,"is_daily":false,"chose_seed":false,"campfire_upgraded":3,"win_rate":0,"timestamp":1550030306,"path_taken":["M","?","M","M","M","R","E","M","T","E","$","?","R","E","R","BOSS","M","M","M","$","M","?","E","M","T","?","?","R","E","M","R","BOSS"],"build_version":"2019-01-23","purchased_purges":1,"victory":false,"max_hp_per_floor":[88,88,88,88,88,88,88,88,88,88,88,88,88,88,88,88,88,88,88,88,88,88,88,92,92,92,102,102,102,102,102,102,102],"card_choices":[{"not_picked":["Clothesline","Second Wind"],"picked":"Shrug It Off","floor":1.0},{"not_picked":["Iron Wave","Bloodletting","Warcry"],"picked":"SKIP","floor":3.0},{"not_picked":["Pommel Strike","Dropkick"],"picked":"Headbutt","floor":4.0},{"not_picked":["Power Through","Limit Break"],"picked":"Infernal Blade","floor":5.0},{"not_picked":["Iron Wave","Warcry"],"picked":"Anger","floor":7.0},{"not_picked":["Clash","Havoc"],"picked":"Battle Trance","floor":8.0},{"not_picked":["Body Slam","Second Wind"],"picked":"Armaments","floor":10.0},{"not_picked":["Bloodletting","Anger"],"picked":"Reaper","floor":14.0},{"not_picked":["Brutality","Double Tap"],"picked":"Feed","floor":16},{"not_picked":["Flex","Second Wind"],"picked":"Shrug It Off","floor":18},{"not_picked":["Dual Wield+1","Iron Wave+1"],"picked":"Feel No Pain","floor":19},{"not_picked":["Heavy Blade","Clash+1","Perfected Strike"],"picked":"SKIP","floor":20},{"not_picked":["Dual Wield","Heavy Blade"],"picked":"Reckless Charge","floor":22},{"not_picked":["Limit Break","Burning Pact"],"picked":"Shrug It Off","floor":24},{"not_picked":["Power Through","Uppercut"],"picked":"Dual Wield","floor":25},{"not_picked":["Thunderclap","Body Slam","Armaments"],"picked":"SKIP","floor":28},{"not_picked":["Infernal Blade","Cleave"],"picked":"Corruption","floor":30},{"not_picked":["Corruption","Armaments"],"picked":"Clothesline","floor":31}],"player_experience":231081,"relics_obtained":[{"floor":7.0,"key":"Peace Pipe"},{"floor":9.0,"key":"Ginger"},{"floor":10.0,"key":"Nunchaku"},{"floor":12.0,"key":"MawBank"},{"floor":14.0,"key":"Gambling Chip"},{"floor":24,"key":"Ancient Tea Set"},{"floor":26,"key":"FossilizedHelix"},{"floor":30,"key":"Kunai"}],"event_choices":[{"damage_healed":0.0,"max_hp_gain":0.0,"max_hp_loss":0.0,"gold_gain":0.0,"cards_transformed":["Strike_R"],"event_name":"Transmorgrifier","player_choice":"Transformed","floor":2.0,"gold_loss":0.0,"damage_taken":0.0,"cards_obtained":["Cleave"]},{"damage_healed":0,"gold_gain":0,"player_choice":"Ignored","damage_taken":0,"max_hp_gain":0,"max_hp_loss":0,"event_name":"Beggar","floor":23,"gold_loss":0},{"cards_removed":["Feed"],"damage_healed":79,"gold_gain":0,"player_choice":"Offered Rare","damage_taken":0,"max_hp_gain":10,"max_hp_loss":0,"event_name":"Bonfire Elementals","floor":27,"gold_loss":0}],"is_beta":false,"boss_relics":[{"not_picked":["Eternal Feather","Black Blood"],"picked":"Runic Cube"}],"items_purged_floors":[11],"is_endless":false,"potions_floor_spawned":[4,10,14,16,18,19,25,30],"killed_by":"Champ","ascension_level":7}