{"gold_per_floor":[116,116,139,151,168,198,100,100,100,100,100,135,147,159,159,258,258,268,268,193,193,16,16,50,50,77,87,100,112,112,147,147,242,242,257,275,275,375,98,130,130,155,155,155,182,182,213,225,225,225],"floor_reached":51,"playtime":2340,"items_purged":["Strike_B","Strike_B"],"score":1093,"play_id":"5b85ac72-1a63-4e5d-98e9-1c023c7a4f82","local_time":"20190217004910","is_ascension_mode":true,"campfire_choices":[{"data":"Zap","floor":8.0,"key":"SMITH"},{"data":"Ball Lightning","floor":11.0,"key":"SMITH"},{"floor":15.0,"key":"REST"},{"data":"Sunder","floor":23.0,"key":"SMITH"},{"data":"Loop","floor":25.0,"key":"SMITH"},{"data":"RitualDagger","floor":30,"key":"SMITH"},{"floor":32,"key":"REST"},{"data":"Glacier","floor":41,"key":"SMITH"},{"data":"Conserve Battery","floor":44,"key":"SMITH"},{"data":"Leap","floor":46,"key":"SMITH"},{"data":"Defend_B","floor":49,"key":"SMITH"}],"neow_cost":"NONE","seed_source_timestamp":250138888877600,"circlet_count":0,"master_deck":["Strike_B","Defend_B+1","Defend_B","Defend_B","Defend_B","Zap+1","Dualcast","Leap+1","Ball Lightning","Chill","Loop+1","Ball Lightning+1","Sunder+1","Conserve Battery+1","Self Repair+1","Creative AI+1","Cold Snap","RitualDagger+1","Defragment+1","Coolheaded+1","Storm+1","Electrodynamics+1","Go for the Eyes+1","Glacier+1","Coolheaded+1","Hologram+1","Capacitor+1"],"special_seed":0,"relics":["Cracked Core","NeowsBlessing","Art of War","Ice Cream","Frozen Egg 2","Mummified Hand","Torii","Sozu","Molten Egg 2","Ancient Tea Set","Matryoshka","Snecko Eye","WingedGreaves","Cables","Mercury Hourglass","Bottled Lightning","Regal Pillow","Centennial Puzzle","Blood Vial","Bronze Scales"],"potions_floor_usage":[33,33],"damage_taken":[{"damage":0.0,"enemies":"Cultist","floor":1.0,"turns":1.0},{"damage":0.0,"enemies":"Jaw Worm","floor":4.0,"turns":1.0},{"damage":0.0,"enemies":"2 Louse","floor":5.0,"turns":1.0},{"damage":31.0,"enemies":"Gremlin Nob","floor":6.0,"turns":4.0},{"damage":12.0,"enemies":"Lagavulin","floor":12.0,"turns":4.0},{"damage":1.0,"enemies":"Looter","floor":13.0,"turns":2.0},{"damage":2.0,"enemies":"3 Louse","floor":14.0,"turns":3.0},{"damage":6.0,"enemies":"Slime Boss","floor":16.0,"turns":8.0},{"damage":29.0,"enemies":"Chosen","floor":18.0,"turns":5.0},{"damage":33.0,"enemies":"Book of Stabbing","floor":24.0,"turns":5.0},{"damage":8,"enemies":"Shell Parasite","floor":27,"turns":4},{"damage":0,"enemies":"Centurion and Healer","floor":28,"turns":6},{"damage":1,"enemies":"Snecko","floor":29,"turns":3},{"damage":40,"enemies":"Slavers","floor":31,"turns":3},{"damage":11,"enemies":"Champ","floor":33,"turns":7},{"damage":0,"enemies":"3 Shapes","floor":35,"turns":3},{"damage":1,"enemies":"Orb Walker","floor":36,"turns":3},{"damage":0,"enemies":"Mind Bloom Boss Battle","floor":38,"turns":4},{"damage":9,"enemies":"Nemesis","floor":40,"turns":7},{"damage":0,"enemies":"Giant Head","floor":42,"turns":9},{"damage":0,"enemies":"Nemesis","floor":45,"turns":6},{"damage":0,"enemies":"Reptomancer","floor":47,"turns":4},{"damage":0,"enemies":"Transient","floor":48,"turns":5},{"damage":16,"enemies":"Time Eater","floor":50,"turns":9}],"seed_played":"-1301210743564000688","potions_obtained":[{"floor":4.0,"key":"Poison Potion"},{"floor":12.0,"key":"EntropicBrew"},{"floor":13.0,"key":"EssenceOfSteel"},{"floor":16.0,"key":"Swift Potion"}],"is_trial":false,"path_per_floor":["M","?","T","M","M","E","$","R","T","T","R","E","M","M","R","B",null,"M","?","?","?","$","R","E","R","T","M","M","M","R","E","R","B",null,"M","M","?","?","$","E","R","E","T","R","E","R","E","M","R","B",null],"character_chosen":"DEFECT","items_purchased":["Ball Lightning","Defragment+1","Glacier","Cables"],"campfire_rested":2,"item_purchase_floors":[7,22,39,39],"current_hp_per_floor":[75,75,75,75,75,44,44,44,44,44,44,32,31,29,51,55,70,51,45,45,70,70,70,47,47,47,49,59,68,68,38,60,59,71,71,75,71,71,71,71,71,71,71,71,71,71,71,71,71,65],"gold":225,"neow_bonus":"THREE_ENEMY_KILL","is_prod":false,"is_daily":false,"chose_seed":false,"campfire_upgraded":9,"win_rate":0,"timestamp":1550382550,"path_taken":["M","?","?","M","?","E","?","R","T","?","R","E","M","M","R","BOSS","M","?","?","?","$","R","E","R","T","M","M","M","R","E","R","BOSS","M","M","?","?","?","E","R","E","T","R","E","R","E","M","R","BOSS"],"build_version":"2019-01-23","purchased_purges":2,"victory":true,"max_hp_per_floor":[75,75,75,75,75,75,75,75,75,75,75,75,75,75,75,75,75,75,75,75,75,75,75,75,75,75,75,75,75,75,75,75,75,75,75,75,71,71,71,71,71,71,71,71,71,71,71,71,71,71],"card_choices":[{"not_picked":["Recycle","Steam"],"picked":"Leap","floor":1.0},{"not_picked":["Sweeping Beam","Fusion"],"picked":"Ball Lightning","floor":4.0},{"not_picked":["Barrage","Leap"],"picked":"Chill","floor":5.0},{"not_picked":["All For One","Double Energy"],"picked":"Loop","floor":6.0},{"not_picked":["Go for the Eyes","Leap"],"picked":"Sunder","floor":12.0},{"not_picked":["Compile Driver","Turbo"],"picked":"Conserve Battery","floor":13.0},{"not_picked":["Rip and Tear","Multi-Cast"],"picked":"Self Repair+1","floor":14.0},{"not_picked":["Thunder Strike","Buffer+1"],"picked":"Creative AI+1","floor":16.0},{"not_picked":["Lockon","Beam Cell+1"],"picked":"Cold Snap","floor":18.0},{"not_picked":["Doom and Gloom","Conserve Battery+1"],"picked":"Coolheaded+1","floor":24.0},{"not_picked":["Coolheaded","Chill"],"picked":"Storm+1","floor":27},{"not_picked":["Go for the Eyes+1","Coolheaded","Streamline+1"],"picked":"SKIP","floor":28},{"not_picked":["Rebound+1","Redo+1","Lockon+1"],"picked":"SKIP","floor":29},{"not_picked":["Scrape+1","Streamline+1","Ball Lightning+1"],"picked":"SKIP","floor":31},{"not_picked":["Rainbow","Reboot"],"picked":"Electrodynamics+1","floor":33},{"not_picked":["Streamline+1","Compile Driver+1"],"picked":"Go for the Eyes+1","floor":35},{"not_picked":["Ball Lightning+1","Reprogram+1","Hello World+1"],"picked":"SKIP","floor":36},{"not_picked":["Compile Driver+1","Lockon+1","Aggregate"],"picked":"SKIP","floor":40},{"not_picked":["Go for the Eyes+1","White Noise+1","Streamline+1"],"picked":"SKIP","floor":42},{"not_picked":["Leap+1","Self Repair+1"],"picked":"Coolheaded+1","floor":45},{"not_picked":["Hyperbeam+1","White Noise+1"],"picked":"Hologram+1","floor":47},{"not_picked":["Gash+1","Storm+1"],"picked":"Capacitor+1","floor":48}],"player_experience":254273,"relics_obtained":[{"floor":3.0,"key":"Art of War"},{"floor":6.0,"key":"Ice Cream"},{"floor":9.0,"key":"Frozen Egg 2"},{"floor":10.0,"key":"Mummified Hand"},{"floor":12.0,"key":"Torii"},{"floor":24.0,"key":"Molten Egg 2"},{"floor":26.0,"key":"Ancient Tea Set"},{"floor":31,"key":"Matryoshka"},{"floor":38,"key":"WingedGreaves"},{"floor":40,"key":"Mercury Hourglass"},{"floor":42,"key":"Bottled Lightning"},{"floor":43,"key":"Regal Pillow"},{"floor":43,"key":"Centennial Puzzle"},{"floor":45,"key":"Blood Vial"},{"floor":47,"key":"Bronze Scales"}],"event_choices":[{"damage_healed":0.0,"max_hp_gain":0.0,"max_hp_loss":0.0,"gold_gain":0.0,"event_name":"Liars Game","player_choice":"Ignored","floor":2.0,"gold_loss":0.0,"damage_taken":0.0},{"damage_healed":0.0,"max_hp_gain":0.0,"max_hp_loss":0.0,"gold_gain":0.0,"event_name":"Nest","player_choice":"Joined the Cult","floor":19.0,"gold_loss":0.0,"damage_taken":6.0,"cards_obtained":["RitualDagger"]},{"cards_removed":["Strike_B"],"damage_healed":0.0,"max_hp_gain":0.0,"max_hp_loss":0.0,"gold_gain":0.0,"event_name":"Beggar","player_choice":"Gave Gold","floor":20.0,"gold_loss":75.0,"damage_taken":0.0},{"damage_healed":25.0,"max_hp_gain":0.0,"max_hp_loss":0.0,"gold_gain":0.0,"event_name":"The Library","player_choice":"Heal","floor":21.0,"gold_loss":0.0,"damage_taken":0.0},{"damage_healed":0,"gold_gain":0,"player_choice":"Max HP","damage_taken":0,"max_hp_gain":0,"max_hp_loss":4,"event_name":"Winding Halls","floor":37,"gold_loss":0},{"damage_healed":0,"gold_gain":0,"player_choice":"Fight","damage_taken":0,"max_hp_gain":0,"max_hp_loss":0,"event_name":"MindBloom","floor":38,"gold_loss":0}],"is_beta":false,"boss_relics":[{"not_picked":["Busted Crown","Ectoplasm"],"picked":"Sozu"},{"not_picked":["Runic Dome","Eternal Feather"],"picked":"Snecko Eye"}],"items_purged_floors":[7,22],"is_endless":false,"potions_floor_spawned":[4,12,13,16,27,29,31,36,40],"ascension_level":5}