{"gold_per_floor":[115,115,40,59,78,112,262,337,337,337,364,364,374,3,3,80,80,95,95,115,30,30,63,73,98,98,111,111,127,127,138,138,209,209,223,239,10,110,110,138,157,174,201,231,249,274,274,285,285,285,285,285,285,30,55,55],"floor_reached":57,"playtime":4513,"items_purged":["Doubt","Bite","Defend_G"],"score":2959,"play_id":"94972fc5-10f8-4b9d-bad5-529f198cfcb5","local_time":"20190305005015","is_ascension_mode":true,"campfire_choices":[{"data":"Skewer","floor":10,"key":"SMITH"},{"data":"Backflip","floor":12,"key":"SMITH"},{"data":"Well Laid Plans","floor":15,"key":"SMITH"},{"data":"Neutralize","floor":28,"key":"SMITH"},{"data":"Catalyst","floor":30,"key":"SMITH"},{"floor":32,"key":"REST"},{"floor":47,"key":"RECALL"},{"data":"Bouncing Flask","floor":49,"key":"SMITH"},{"data":"Corpse Explosion","floor":53,"key":"SMITH"}],"neow_cost":"NONE","seed_source_timestamp":173663530588356,"circlet_count":0,"master_deck":["AscendersBane","Defend_G","Defend_G","Defend_G","Defend_G","Survivor","Neutralize+1","Endless Agony","Skewer+1","Backflip+1","Endless Agony","Corpse Explosion+1","Backstab","Well Laid Plans+1","Adrenaline","Bouncing Flask+1","Bite","Bite","Bite","Bite","Expertise","Catalyst+1","Expertise","Noxious Fumes+1","Well Laid Plans","Leg Sweep+1","Wraith Form v2+1","Backstab","Dark Shackles","Well Laid Plans","Noxious Fumes+1","Adrenaline","Caltrops","Catalyst"],"relics":["Ring of the Snake","NeowsBlessing","Mummified Hand","Pen Nib","Bottled Flame","Art of War","Orichalcum","HoveringKite","Bag of Preparation","Snake Skull","The Courier","Pear","Sozu","Gambling Chip","Smiling Mask","Kunai","Ginger","Oddly Smooth Stone","Shuriken"],"potions_floor_usage":[6,11,18,23,25,56,56],"damage_taken":[{"damage":0,"enemies":"Jaw Worm","floor":1,"turns":1},{"damage":0,"enemies":"2 Louse","floor":4,"turns":1},{"damage":0,"enemies":"Cultist","floor":5,"turns":1},{"damage":27,"enemies":"3 Sentries","floor":6,"turns":12},{"damage":13,"enemies":"Gremlin Nob","floor":11,"turns":4},{"damage":4,"enemies":"Exordium Wildlife","floor":13,"turns":3},{"damage":1,"enemies":"The Guardian","floor":16,"turns":14},{"damage":0,"enemies":"3 Byrds","floor":18,"turns":2},{"damage":22,"enemies":"Shell Parasite","floor":20,"turns":5},{"damage":22,"enemies":"Book of Stabbing","floor":23,"turns":6},{"damage":0,"enemies":"Snake Plant","floor":24,"turns":3},{"damage":29,"enemies":"Gremlin Leader","floor":25,"turns":7},{"damage":0,"enemies":"Shelled Parasite and Fungi","floor":27,"turns":2},{"damage":13,"enemies":"Cultist and Chosen","floor":29,"turns":5},{"damage":9,"enemies":"Snake Plant","floor":31,"turns":3},{"damage":28,"enemies":"Automaton","floor":33,"turns":9},{"damage":6,"enemies":"Orb Walker","floor":35,"turns":2},{"damage":5,"enemies":"3 Shapes","floor":36,"turns":4},{"damage":0,"enemies":"Mind Bloom Boss Battle","floor":38,"turns":4},{"damage":10,"enemies":"Giant Head","floor":40,"turns":7},{"damage":0,"enemies":"Jaw Worm Horde","floor":41,"turns":1},{"damage":1,"enemies":"3 Darklings","floor":42,"turns":6},{"damage":0,"enemies":"Reptomancer","floor":44,"turns":5},{"damage":0,"enemies":"4 Shapes","floor":45,"turns":5},{"damage":0,"enemies":"Nemesis","floor":46,"turns":7},{"damage":0,"enemies":"Transient","floor":48,"turns":6},{"damage":18,"enemies":"Time Eater","floor":50,"turns":10},{"damage":0,"enemies":"Donu and Deca","floor":51,"turns":6},{"damage":62,"enemies":"Shield and Spear","floor":55,"turns":9},{"damage":20,"enemies":"The Heart","floor":56,"turns":7}],"seed_played":"7319738705110106461","potions_obtained":[{"floor":1,"key":"AttackPotion"},{"floor":6,"key":"Dexterity Potion"},{"floor":16,"key":"Fire Potion"},{"floor":20,"key":"GamblersBrew"},{"floor":25,"key":"GhostInAJar"},{"floor":27,"key":"PowerPotion"}],"is_trial":false,"path_per_floor":["M","?","?","M","M","E","?","?","T","R","E","R","M","$","R","B",null,"M","?","M","?","?","E","M","E","T","M","R","M","R","M","R","B",null,"M","M","$","?","?","E","M","M","T","E","M","E","R","M","R","B","B",null,"R","$","E","B",null],"character_chosen":"THE_SILENT","items_purchased":["Well Laid Plans","Orichalcum","SkillPotion","Dark Shackles","Well Laid Plans","Caltrops","Oddly Smooth Stone"],"campfire_rested":1,"item_purchase_floors":[14,14,14,37,37,54,54],"current_hp_per_floor":[59,59,59,59,59,32,32,21,21,21,8,8,4,4,4,3,50,50,46,32,32,21,9,15,8,18,20,20,15,15,16,34,32,54,52,55,55,61,61,59,59,61,61,61,61,61,61,61,61,57,61,61,61,61,17,7],"gold":55,"neow_bonus":"THREE_ENEMY_KILL","is_prod":false,"is_daily":false,"chose_seed":false,"campfire_upgraded":7,"win_rate":0,"timestamp":1551743415,"path_taken":["M","?","?","M","M","E","?","?","T","R","E","R","M","$","R","BOSS","M","?","M","?","?","E","M","E","T","?","R","M","R","M","R","BOSS","M","M","$","?","?","E","M","M","T","E","?","E","R","M","R","BOSS","BOSS","R","$","E","BOSS"],"build_version":"2019-01-23","purchased_purges":3,"victory":true,"max_hp_per_floor":[66,66,66,66,66,66,66,66,66,66,66,66,66,66,66,66,66,66,46,46,46,51,51,51,51,61,61,61,61,61,61,61,61,61,61,61,61,61,61,61,61,61,61,61,61,61,61,61,61,61,61,61,61,61,61,61],"card_choices":[{"not_picked":["Underhanded Strike","Outmaneuver"],"picked":"Endless Agony","floor":1},{"not_picked":["Outmaneuver","Dodge and Roll"],"picked":"Skewer","floor":4},{"not_picked":["PiercingWail","Dodge and Roll"],"picked":"Backflip","floor":5},{"not_picked":["Skewer","Sucker Punch"],"picked":"Endless Agony","floor":6},{"not_picked":["Prepared","Reflex"],"picked":"Corpse Explosion","floor":11},{"not_picked":["Calculated Gamble","Acrobatics"],"picked":"Backstab","floor":13},{"not_picked":["After Image","Storm of Steel"],"picked":"Adrenaline","floor":16},{"not_picked":["Blur","Predator"],"picked":"Bouncing Flask","floor":18},{"not_picked":["Prepared","Dodge and Roll"],"picked":"Expertise","floor":20},{"not_picked":["Sucker Punch","Quick Slash"],"picked":"Catalyst","floor":23},{"not_picked":["Prepared","Riddle With Holes"],"picked":"Expertise","floor":24},{"not_picked":["Dagger Throw","Dagger Spray"],"picked":"Noxious Fumes+1","floor":25},{"not_picked":["Sucker Punch","Deflect"],"picked":"Well Laid Plans","floor":27},{"not_picked":["Phantasmal Killer","Slice","Accuracy"],"picked":"SKIP","floor":29},{"not_picked":["Skewer","Terror"],"picked":"Leg Sweep+1","floor":31},{"not_picked":["Die Die Die","Bullet Time"],"picked":"Wraith Form v2","floor":33},{"not_picked":["Dagger Throw+1","Cloak And Dagger","Underhanded Strike+1"],"picked":"SKIP","floor":35},{"not_picked":["Flying Knee","Heel Hook+1"],"picked":"Backstab","floor":36},{"not_picked":["Cloak And Dagger","Dagger Spray+1"],"picked":"Noxious Fumes+1","floor":38},{"not_picked":["Poisoned Stab","Flechettes","Dagger Throw"],"picked":"SKIP","floor":40},{"not_picked":["Blade Dance+1","Deadly Poison"],"picked":"Adrenaline","floor":41},{"not_picked":["Blade Dance","Infinite Blades","Flying Knee"],"picked":"SKIP","floor":42},{"not_picked":["Sucker Punch","Quick Slash+1","All Out Attack"],"picked":"SKIP","floor":44},{"not_picked":["Leg Sweep","Blade Dance","Prepared"],"picked":"SKIP","floor":45},{"not_picked":["Quick Slash","Dagger Spray","Sucker Punch"],"picked":"SKIP","floor":46},{"not_picked":["Finisher","Cloak And Dagger","Slice"],"picked":"SKIP","floor":48},{"not_picked":["Dagger Spray","Bouncing Flask+1"],"picked":"Catalyst","floor":55}],"player_experience":1967304,"relics_obtained":[{"floor":6,"key":"Pen Nib"},{"floor":9,"key":"Bottled Flame"},{"floor":11,"key":"Art of War"},{"floor":23,"key":"Snake Skull"},{"floor":25,"key":"The Courier"},{"floor":26,"key":"Pear"},{"floor":38,"key":"Gambling Chip"},{"floor":40,"key":"Smiling Mask"},{"floor":44,"key":"Kunai"},{"floor":46,"key":"Ginger"},{"floor":55,"key":"Shuriken"}],"event_choices":[{"damage_healed":0,"gold_gain":0,"player_choice":"Box","damage_taken":0,"relics_obtained":["Mummified Hand"],"max_hp_gain":0,"max_hp_loss":0,"event_name":"Big Fish","floor":2,"gold_loss":0,"cards_obtained":["Regret"]},{"cards_removed":["Regret"],"damage_healed":0,"gold_gain":0,"player_choice":"Card Removal","damage_taken":0,"max_hp_gain":0,"max_hp_loss":0,"event_name":"The Cleric","floor":3,"gold_loss":75},{"damage_healed":0,"gold_gain":150,"player_choice":"AGREE","damage_taken":0,"max_hp_gain":0,"max_hp_loss":0,"event_name":"Liars Game","floor":7,"gold_loss":0,"cards_obtained":["Doubt"]},{"damage_healed":0,"gold_gain":75,"player_choice":"Gather Gold","damage_taken":11,"max_hp_gain":0,"max_hp_loss":0,"event_name":"World of Goop","floor":8,"gold_loss":0},{"damage_healed":0,"gold_gain":0,"player_choice":"Became a vampire","damage_taken":0,"max_hp_gain":0,"max_hp_loss":20,"event_name":"Vampires","floor":19,"gold_loss":0,"cards_obtained":["Bite","Bite","Bite","Bite","Bite"]},{"damage_healed":0,"gold_gain":0,"player_choice":"Obtained Relic","damage_taken":0,"relics_obtained":["Bag of Preparation"],"max_hp_gain":0,"max_hp_loss":0,"event_name":"Addict","floor":21,"gold_loss":85},{"damage_healed":0,"gold_gain":0,"player_choice":"Shed Blood","damage_taken":16,"max_hp_gain":5,"max_hp_loss":0,"event_name":"Forgotten Altar","floor":22,"gold_loss":0},{"damage_healed":0,"gold_gain":0,"player_choice":"Fight","damage_taken":0,"max_hp_gain":0,"max_hp_loss":0,"event_name":"MindBloom","floor":38,"gold_loss":0},{"damage_healed":0,"gold_gain":0,"player_choice":"Forge","damage_taken":0,"max_hp_gain":0,"max_hp_loss":0,"event_name":"Accursed Blacksmith","floor":39,"gold_loss":0,"cards_upgraded":["Wraith Form v2"]}],"is_beta":false,"boss_relics":[{"not_picked":["Astrolabe","Orrery"],"picked":"HoveringKite"},{"not_picked":["Black Star","Eternal Feather"],"picked":"Sozu"}],"items_purged_floors":[14,37,54],"is_endless":false,"potions_floor_spawned":[1,6,16,20,25,27,29,38,40,41,42,46],"ascension_level":20}