{"gold_per_floor":[119,133,133,145,145,178,191,218,218,70,101,121,121,156,156,257,257,268,114,114,133,8,41,41,41],"floor_reached":25,"playtime":1354,"items_purged":["Strike_R","Doubt","Writhe"],"score":449,"play_id":"5bbb2881-ac43-4869-80d7-32efddc61d4f","local_time":"20190305005311","is_ascension_mode":true,"campfire_choices":[{"floor":15.0,"key":"REST"}],"neow_cost":"PERCENT_DAMAGE","seed_source_timestamp":1633872858624100,"circlet_count":0,"master_deck":["AscendersBane","Strike_R","Strike_R","Strike_R","Defend_R","Defend_R","Defend_R","Defend_R","Bash","Sword Boomerang","Clothesline","Whirlwind+1","Warcry","Offering","Body Slam","Spot Weakness","Reaper","Shrug It Off+1","Feel No Pain"],"special_seed":0,"relics":["Burning Blood","Magic Flower","Paper Frog","Champion Belt","Pocketwatch","Calipers","Ornamental Fan","Calling Bell","Dream Catcher","Singing Bowl","Charon\u0027s Ashes","The Courier"],"potions_floor_usage":[21,23,23,25,25],"damage_taken":[{"damage":2.0,"enemies":"Jaw Worm","floor":1.0,"turns":3.0},{"damage":1.0,"enemies":"Cultist","floor":2.0,"turns":3.0},{"damage":9.0,"enemies":"Small Slimes","floor":4.0,"turns":4.0},{"damage":40.0,"enemies":"Lagavulin","floor":6.0,"turns":6.0},{"damage":3.0,"enemies":"2 Fungi Beasts","floor":7.0,"turns":3.0},{"damage":0.0,"enemies":"3 Sentries","floor":8.0,"turns":2.0},{"damage":26.0,"enemies":"Lagavulin","floor":11.0,"turns":5.0},{"damage":23.0,"enemies":"Lots of Slimes","floor":12.0,"turns":3.0},{"damage":0.0,"enemies":"3 Sentries","floor":14.0,"turns":2.0},{"damage":33.0,"enemies":"Slime Boss","floor":16.0,"turns":8.0},{"damage":56.0,"enemies":"Spheric Guardian","floor":18.0,"turns":6.0},{"damage":35,"enemies":"2 Thieves","floor":21,"turns":4},{"damage":62,"enemies":"Gremlin Leader","floor":23,"turns":7},{"damage":58,"enemies":"Slavers","floor":25,"turns":4}],"seed_played":"8834438389851393079","potions_obtained":[{"floor":1.0,"key":"Energy Potion"},{"floor":11.0,"key":"Energy Potion"},{"floor":14.0,"key":"FearPotion"},{"floor":16.0,"key":"Fire Potion"},{"floor":18.0,"key":"AttackPotion"},{"floor":21,"key":"FearPotion"},{"floor":23,"key":"Strength Potion"}],"is_trial":false,"path_per_floor":["M","M","?","M","?","E","M","E","T","$","E","M","?","E","R","B",null,"M","$","?","M","$","E","?","E"],"character_chosen":"IRONCLAD","items_purchased":["EssenceOfSteel","Shrug It Off"],"campfire_rested":1,"item_purchase_floors":[10,19],"current_hp_per_floor":[58,66,66,66,66,35,41,50,50,50,33,19,19,28,52,28,67,37,37,37,32,32,13,13,0],"gold":41,"neow_bonus":"ONE_RARE_RELIC","is_prod":false,"is_daily":false,"chose_seed":false,"campfire_upgraded":0,"win_rate":0,"timestamp":1551765191,"path_taken":["M","M","?","?","?","E","M","E","T","?","E","M","?","E","R","BOSS","M","$","?","M","$","E","?","E"],"build_version":"2019-01-23","purchased_purges":3,"victory":false,"max_hp_per_floor":[80,80,80,80,80,80,80,80,80,80,80,80,80,80,80,80,80,82,82,82,82,82,84,84,84],"card_choices":[{"not_picked":["Clothesline","Thunderclap"],"picked":"Sword Boomerang","floor":1.0},{"not_picked":["Warcry","Flex"],"picked":"Clothesline","floor":2.0},{"not_picked":["Clothesline","Armaments"],"picked":"Whirlwind","floor":4.0},{"not_picked":["Headbutt","Twin Strike","Perfected Strike"],"picked":"SKIP","floor":6.0},{"not_picked":["Wild Strike","Blood for Blood"],"picked":"Warcry","floor":7.0},{"not_picked":["Intimidate","Iron Wave"],"picked":"Offering","floor":8.0},{"not_picked":["Wild Strike","Flex"],"picked":"Body Slam","floor":11.0},{"not_picked":["Iron Wave","Clash","Barricade"],"picked":"SKIP","floor":12.0},{"not_picked":["Sentinel","Pommel Strike"],"picked":"Spot Weakness","floor":14.0},{"not_picked":["Demon Form","Feed"],"picked":"Reaper","floor":16.0},{"not_picked":["Headbutt","Heavy Blade+1","Wild Strike"],"picked":"Singing Bowl","floor":18.0},{"not_picked":["Sentinel","Combust"],"picked":"Feel No Pain","floor":21},{"not_picked":["Infernal Blade","Flex+1","Second Wind"],"picked":"Singing Bowl","floor":23}],"player_experience":339713,"relics_obtained":[{"floor":6.0,"key":"Paper Frog"},{"floor":8.0,"key":"Champion Belt"},{"floor":9.0,"key":"Pocketwatch"},{"floor":11.0,"key":"Calipers"},{"floor":14.0,"key":"Ornamental Fan"},{"floor":17.0,"key":"Dream Catcher"},{"floor":17.0,"key":"Singing Bowl"},{"floor":17.0,"key":"Charon\u0027s Ashes"},{"floor":23,"key":"The Courier"}],"event_choices":[{"cards_removed":["Strike_R"],"damage_healed":0.0,"max_hp_gain":0.0,"max_hp_loss":0.0,"gold_gain":0.0,"event_name":"Purifier","player_choice":"Purged","floor":3.0,"gold_loss":0.0,"damage_taken":0.0},{"damage_healed":0.0,"max_hp_gain":0.0,"max_hp_loss":0.0,"gold_gain":0.0,"event_name":"Upgrade Shrine","player_choice":"Upgraded","floor":5.0,"gold_loss":0.0,"damage_taken":0.0,"cards_upgraded":["Whirlwind"]},{"damage_healed":0.0,"max_hp_gain":0.0,"max_hp_loss":0.0,"gold_gain":0.0,"event_name":"Dead Adventurer","player_choice":"Searched \u00270\u0027 times","floor":13.0,"gold_loss":0.0,"damage_taken":0.0},{"cards_removed":["Doubt"],"damage_healed":0,"gold_gain":0,"player_choice":"Elegance","damage_taken":0,"max_hp_gain":0,"max_hp_loss":0,"event_name":"Back to Basics","floor":20,"gold_loss":0},{"damage_healed":0,"gold_gain":0,"player_choice":"Upgraded","damage_taken":0,"max_hp_gain":0,"max_hp_loss":0,"event_name":"Upgrade Shrine","floor":24,"gold_loss":0,"cards_upgraded":["Shrug It Off"]}],"is_beta":false,"boss_relics":[{"not_picked":["Runic Dome","Pandora\u0027s Box"],"picked":"Calling Bell"}],"items_purged_floors":[10,19,22],"is_endless":false,"potions_floor_spawned":[1,11,14,16,18,21,23],"killed_by":"Slavers","ascension_level":10}