{"gold_per_floor":[113,128,128,128,139,139,159,159,186,186,198,225,225],"floor_reached":13,"playtime":497,"items_purged":[],"score":166,"play_id":"8e5019e5-a220-4655-b914-14a7bcc2e90c","local_time":"20181012224600","is_ascension_mode":true,"campfire_choices":[{"data":"Zap","floor":6,"key":"SMITH"},{"data":"Consume","floor":8,"key":"SMITH"},{"data":"Ball Lightning","floor":10,"key":"SMITH"}],"neow_cost":"TEN_PERCENT_HP_LOSS","seed_source_timestamp":206139719722077,"circlet_count":0,"master_deck":["Strike_B","Defend_B","Defend_B","Defend_B","Defend_B","Zap+1","Dualcast","AscendersBane","Beam Cell","Ball Lightning+1","Consume+1","Capacitor","Electrodynamics"],"relics":["Cracked Core","Odd Mushroom","Oddly Smooth Stone","Thread and Needle"],"potions_floor_usage":[],"damage_taken":[{"damage":4,"enemies":"Small Slimes","floor":1,"turns":4},{"damage":2,"enemies":"Jaw Worm","floor":2,"turns":3},{"damage":0,"enemies":"Cultist","floor":5,"turns":3},{"damage":6,"enemies":"The Mushroom Lair","floor":7,"turns":4},{"damage":0,"enemies":"2 Fungi Beasts","floor":11,"turns":3},{"damage":38,"enemies":"3 Sentries","floor":12,"turns":6},{"damage":14,"enemies":"Large Slime","floor":13,"turns":1}],"seed_played":"-7013286384969852731","potions_obtained":[{"floor":5,"key":"Strength Potion"},{"floor":7,"key":"FearPotion"}],"is_trial":false,"path_per_floor":["M","M","?","?","M","R","?","R","T","R","M","E"],"character_chosen":"DEFECT","items_purchased":[],"campfire_rested":0,"item_purchase_floors":[],"current_hp_per_floor":[60,58,58,58,58,58,52,52,52,52,52,14,0],"gold":225,"neow_bonus":"REMOVE_TWO","is_prod":false,"is_daily":false,"chose_seed":false,"campfire_upgraded":3,"win_rate":0,"timestamp":1539377160,"path_taken":["M","M","?","?","M","R","?","R","T","R","?","E","M"],"build_version":"2018-10-11","purchased_purges":0,"victory":false,"max_hp_per_floor":[64,64,64,64,64,64,64,64,64,64,64,64,64],"card_choices":[{"not_picked":["Barrage","Coolheaded"],"picked":"Beam Cell","floor":1},{"not_picked":["Cold Snap","FTL"],"picked":"Ball Lightning","floor":2},{"not_picked":["Barrage","Double Energy","Coolheaded"],"picked":"SKIP","floor":5},{"not_picked":["Hologram","Amplify"],"picked":"Consume","floor":7},{"not_picked":["Reprogram","Ball Lightning"],"picked":"Capacitor","floor":11},{"not_picked":["Auto Shields","Coolheaded"],"picked":"Electrodynamics","floor":12}],"player_experience":1433820,"relics_obtained":[{"floor":7,"key":"Odd Mushroom"},{"floor":9,"key":"Oddly Smooth Stone"},{"floor":12,"key":"Thread and Needle"}],"event_choices":[{"event_name":"Liars Game","player_choice":"disagreed","floor":3,"damage_taken":0},{"event_name":"Purifier","player_choice":"One Purge","floor":4,"damage_taken":0},{"event_name":"Mushrooms","player_choice":"Fought Mushrooms","floor":7,"damage_taken":0}],"is_beta":false,"boss_relics":[],"items_purged_floors":[],"is_endless":false,"potions_floor_spawned":[5,7,11],"killed_by":"Large Slime","ascension_level":20}