{"gold_per_floor":[109,139,156,4,4,36,36,65,88,148,165,165,20,31,31,130,130,146,3,15,15,65,65,80,80,80,93,143,161,161,178,178,280,280,293,303,322,372,422],"floor_reached":39,"playtime":1590,"items_purged":["Strike_B"],"score":393,"play_id":"ac4e574d-f141-49a7-a0c6-9de7eafae8f7","local_time":"20190310032145","is_ascension_mode":false,"campfire_choices":[{"floor":7,"key":"REST"},{"floor":12,"key":"REST"},{"data":"Defragment","floor":15,"key":"SMITH"},{"floor":23,"key":"RECALL"},{"data":"Defragment","floor":25,"key":"SMITH"},{"floor":30,"key":"REST"},{"floor":32,"key":"REST"}],"neow_cost":"NONE","seed_source_timestamp":769382604609024,"circlet_count":0,"master_deck":["Strike_B","Strike_B","Strike_B","Defend_B","Defend_B","Defend_B","Defend_B","Zap","Dualcast","Defragment+1","Ball Lightning","Capacitor","Blizzard","Loop","Cold Snap","Gash","Cold Snap","Consume","Defragment+1","Conserve Battery","Ball Lightning+1","Go for the Eyes+1","Redo","Echo Form","White Noise"],"relics":["Cracked Core","Tiny Chest","SsserpentHead","Bronze Scales","Pen Nib","DataDisk","PreservedInsect","Meat on the Bone","Cursed Key"],"potions_floor_usage":[8,8,8,29,37,39],"damage_taken":[{"damage":0,"enemies":"Small Slimes","floor":1,"turns":2},{"damage":4,"enemies":"2 Louse","floor":3,"turns":2},{"damage":35,"enemies":"Gremlin Nob","floor":6,"turns":4},{"damage":28,"enemies":"3 Sentries","floor":8,"turns":4},{"damage":0,"enemies":"Cultist","floor":10,"turns":3},{"damage":5,"enemies":"Blue Slaver","floor":11,"turns":3},{"damage":0,"enemies":"Exordium Wildlife","floor":14,"turns":1},{"damage":5,"enemies":"Hexaghost","floor":16,"turns":8},{"damage":10,"enemies":"3 Byrds","floor":18,"turns":3},{"damage":9,"enemies":"Spheric Guardian","floor":20,"turns":4},{"damage":13,"enemies":"Snecko","floor":24,"turns":5},{"damage":16,"enemies":"Centurion and Healer","floor":27,"turns":6},{"damage":29,"enemies":"3 Cultists","floor":29,"turns":5},{"damage":5,"enemies":"Chosen and Byrds","floor":31,"turns":4},{"damage":49,"enemies":"Collector","floor":33,"turns":10},{"damage":16,"enemies":"3 Shapes","floor":35,"turns":4},{"damage":5,"enemies":"Orb Walker","floor":36,"turns":3},{"damage":31,"enemies":"Jaw Worm Horde","floor":37,"turns":4},{"damage":39,"enemies":"Sphere and 2 Shapes","floor":39,"turns":3}],"seed_played":"2114835679050018196","potions_obtained":[{"floor":0,"key":"SneckoOil"},{"floor":0,"key":"Fire Potion"},{"floor":0,"key":"Energy Potion"},{"floor":3,"key":"AttackPotion"},{"floor":6,"key":"Regen Potion"},{"floor":11,"key":"Energy Potion"},{"floor":14,"key":"SpeedPotion"},{"floor":24,"key":"Fruit Juice"},{"floor":31,"key":"GamblersBrew"},{"floor":35,"key":"EssenceOfSteel"},{"floor":37,"key":"Energy Potion"}],"is_trial":false,"path_per_floor":["M","?","M","$","?","E","R","E","T","M","M","R","$","M","R","B",null,"M","$","M","$","?","R","M","R","T","M","T","M","R","M","R","B",null,"M","M","M","?","M"],"character_chosen":"DEFECT","items_purchased":["Capacitor","Blizzard","DataDisk","Defragment"],"campfire_rested":4,"item_purchase_floors":[4,4,13,19],"current_hp_per_floor":[75,57,53,53,53,18,40,24,24,24,19,41,41,41,41,36,75,65,65,56,56,56,56,43,43,43,27,27,15,39,46,70,33,80,64,59,40,40,1],"gold":422,"neow_bonus":"THREE_SMALL_POTIONS","is_prod":false,"is_daily":false,"chose_seed":false,"campfire_upgraded":2,"win_rate":0,"timestamp":1552202505,"path_taken":["M","?","M","$","?","E","R","E","T","?","M","R","$","M","R","BOSS","M","$","M","$","?","R","M","R","T","M","?","M","R","M","R","BOSS","M","M","M","?","?"],"build_version":"2019-01-23","purchased_purges":1,"victory":false,"max_hp_per_floor":[75,75,75,75,75,75,75,75,75,75,75,75,75,75,75,75,75,75,75,75,75,75,75,75,75,75,75,75,80,80,80,80,80,80,80,80,80,80,80],"card_choices":[{"not_picked":["Beam Cell","Cold Snap"],"picked":"Defragment","floor":1},{"not_picked":["Rebound","Barrage"],"picked":"Ball Lightning","floor":3},{"not_picked":["Streamline","Steam"],"picked":"Loop","floor":6},{"not_picked":["Steam Power","Leap"],"picked":"Cold Snap","floor":8},{"not_picked":["Steam Power","Chaos"],"picked":"Gash","floor":10},{"not_picked":["Lockon","Loop"],"picked":"Cold Snap","floor":11},{"not_picked":["Barrage","Fusion","Rip and Tear"],"picked":"SKIP","floor":14},{"not_picked":["Ball Lightning","Cold Snap"],"picked":"Consume","floor":18},{"not_picked":["Stack","Hologram"],"picked":"Conserve Battery","floor":20},{"not_picked":["Go for the Eyes","Fusion","Rebound+1"],"picked":"SKIP","floor":24},{"not_picked":["Hello World","Turbo"],"picked":"Ball Lightning+1","floor":27},{"not_picked":["Streamline+1","Ball Lightning+1"],"picked":"Go for the Eyes+1","floor":29},{"not_picked":["Turbo","Go for the Eyes"],"picked":"Redo","floor":31},{"not_picked":["Biased Cognition","All For One"],"picked":"Echo Form","floor":33},{"not_picked":["Chaos+1","Hologram+1"],"picked":"White Noise","floor":35},{"not_picked":["Streamline+1","Chaos","Sweeping Beam+1"],"picked":"SKIP","floor":36},{"not_picked":["All For One","Redo","Consume"],"picked":"SKIP","floor":37}],"player_experience":1184003,"relics_obtained":[{"floor":6,"key":"Bronze Scales"},{"floor":8,"key":"Pen Nib"},{"floor":26,"key":"PreservedInsect"},{"floor":28,"key":"Meat on the Bone"}],"event_choices":[{"damage_healed":0,"gold_gain":0,"player_choice":"Success","damage_taken":18,"relics_obtained":["Tiny Chest"],"max_hp_gain":0,"max_hp_loss":0,"event_name":"Scrap Ooze","floor":2,"gold_loss":0},{"damage_healed":0,"gold_gain":0,"player_choice":"Trade","damage_taken":0,"relics_obtained":["SsserpentHead"],"max_hp_gain":0,"max_hp_loss":0,"event_name":"FaceTrader","floor":5,"gold_loss":0},{"damage_healed":0,"gold_gain":0,"player_choice":"Ignored","damage_taken":0,"max_hp_gain":0,"max_hp_loss":0,"event_name":"Ghosts","floor":22,"gold_loss":0},{"damage_healed":0,"gold_gain":0,"player_choice":"Ignored","damage_taken":0,"max_hp_gain":0,"max_hp_loss":0,"event_name":"NoteForYourself","floor":38,"gold_loss":0}],"is_beta":false,"boss_relics":[{"not_picked":["Fusion Hammer","Runic Dome","Velvet Choker"]},{"not_picked":["Calling Bell","Sozu"],"picked":"Cursed Key"}],"items_purged_floors":[19],"is_endless":false,"potions_floor_spawned":[3,6,11,14,24,31,33,35,37],"killed_by":"Sphere and 2 Shapes","ascension_level":0}