{"gold_per_floor":[115,134,134,147,161,161,187,199,199,199,209,227,246,281,281,359,359,376,376,13,113,124,124,155,13,66,80,80,91,124,136,136,209,209,229,10,0,14,1013,1047,1047,1074,1074,1085,1115,1135,1135,1153,1153,1153],"floor_reached":50,"playtime":3646,"items_purged":["Strike_R","Strike_R"],"score":1397,"play_id":"6e56b957-02a8-4dfb-b5d3-3fb6c807c0b8","local_time":"20181011025545","is_ascension_mode":true,"campfire_choices":[{"data":"Bash","floor":6,"key":"SMITH"},{"data":"Flame Barrier","floor":10,"key":"SMITH"},{"data":"Feel No Pain","floor":15,"key":"SMITH"},{"floor":23,"key":"REST"},{"floor":32,"key":"REST"},{"floor":41,"key":"REST"},{"floor":49,"key":"REST"}],"neow_cost":"NONE","seed_source_timestamp":45137339184576,"circlet_count":0,"master_deck":["Strike_R","Strike_R+1","Strike_R","Defend_R","Defend_R","Defend_R","Bash+1","AscendersBane","Shockwave","Flame Barrier+1","Pummel+1","Corruption","Intimidate","Armaments","Shrug It Off","Reaper","Feel No Pain+1","Bludgeon","Hemokinesis+1","Writhe","True Grit","Dropkick+1","Barricade","Flex+1","Shame","Blood for Blood+1","Fiend Fire","Armaments","Impervious","Body Slam+1","Normality","Normality","Rupture","True Grit"],"relics":["Burning Blood","Bag of Marbles","Mummified Hand","StoneCalendar","Du-Vu Doll","Fusion Hammer","Self Forming Clay","Blue Candle","Gambling Chip","The Courier","Ancient Tea Set","PreservedInsect","Art of War","Happy Flower","Meat on the Bone","Busted Crown","Orichalcum","Red Mask","Regal Pillow","Whetstone","Strawberry","Boot"],"potions_floor_usage":[16,21,33,50,50,50],"damage_taken":[{"damage":9,"enemies":"Jaw Worm","floor":1,"turns":6},{"damage":3,"enemies":"Cultist","floor":2,"turns":4},{"damage":1,"enemies":"Small Slimes","floor":4,"turns":3},{"damage":1,"enemies":"Looter","floor":5,"turns":4},{"damage":33,"enemies":"3 Sentries","floor":7,"turns":10},{"damage":8,"enemies":"3 Louse","floor":8,"turns":3},{"damage":15,"enemies":"Exordium Thugs","floor":11,"turns":4},{"damage":4,"enemies":"2 Fungi Beasts","floor":12,"turns":4},{"damage":3,"enemies":"Looter","floor":13,"turns":3},{"damage":2,"enemies":"Lagavulin","floor":14,"turns":7},{"damage":31,"enemies":"Hexaghost","floor":16,"turns":8},{"damage":11,"enemies":"2 Thieves","floor":18,"turns":3},{"damage":22,"enemies":"Colosseum Slavers","floor":21,"turns":5},{"damage":23,"enemies":"Colosseum Nobs","floor":21,"turns":4},{"damage":2,"enemies":"3 Byrds","floor":22,"turns":4},{"damage":38,"enemies":"Slavers","floor":24,"turns":7},{"damage":4,"enemies":"Centurion and Healer","floor":27,"turns":7},{"damage":18,"enemies":"Shelled Parasite and Fungi","floor":29,"turns":5},{"damage":16,"enemies":"Book of Stabbing","floor":30,"turns":4},{"damage":4,"enemies":"Chosen and Byrds","floor":31,"turns":5},{"damage":20,"enemies":"Collector","floor":33,"turns":8},{"damage":0,"enemies":"3 Shapes","floor":35,"turns":2},{"damage":6,"enemies":"Orb Walker","floor":38,"turns":2},{"damage":6,"enemies":"Giant Head","floor":40,"turns":7},{"damage":6,"enemies":"2 Orb Walkers","floor":42,"turns":3},{"damage":50,"enemies":"Spire Growth","floor":44,"turns":5},{"damage":2,"enemies":"Nemesis","floor":45,"turns":5},{"damage":21,"enemies":"Reptomancer","floor":46,"turns":10},{"damage":25,"enemies":"3 Darklings","floor":48,"turns":8},{"damage":89,"enemies":"Time Eater","floor":50,"turns":12}],"seed_played":"8881646281246287194","potions_obtained":[{"floor":2,"key":"SpeedPotion"},{"floor":11,"key":"SteroidPotion"},{"floor":12,"key":"PowerPotion"},{"floor":21,"key":"EntropicBrew"},{"floor":29,"key":"BloodPotion"},{"floor":30,"key":"Strength Potion"},{"floor":33,"key":"SpeedPotion"},{"floor":46,"key":"Block Potion"}],"is_trial":false,"path_per_floor":["M","M","?","M","M","R","E","M","T","R","M","M","M","E","R","B",null,"M","?","$","?","M","R","E","$","T","M","?","M","E","M","R","B",null,"M","$","?","M","?","E","R","E","T","M","E","M","?","M","R"],"character_chosen":"IRONCLAD","items_purchased":["Blue Candle","PreservedInsect","Orichalcum"],"campfire_rested":4,"item_purchase_floors":[20,25,36],"current_hp_per_floor":[65,68,68,73,75,75,48,46,46,46,37,39,42,49,49,34,65,60,60,60,59,75,75,47,47,47,64,64,75,65,72,75,68,73,75,75,75,75,75,75,75,75,82,59,82,69,69,78,82,0],"gold":1153,"neow_bonus":"RANDOM_COMMON_RELIC","is_prod":false,"is_daily":false,"chose_seed":false,"campfire_upgraded":3,"win_rate":0,"timestamp":1539219345,"path_taken":["M","M","?","M","?","R","E","M","T","R","M","M","?","E","R","BOSS","M","?","?","?","M","R","E","$","T","M","?","M","E","M","R","BOSS","M","$","?","M","?","E","R","E","T","M","E","M","?","?","R","BOSS"],"build_version":"2018-10-04v2","purchased_purges":2,"victory":false,"max_hp_per_floor":[75,75,75,75,75,75,75,75,75,75,75,75,75,75,75,75,75,75,75,75,75,75,75,75,75,75,75,75,75,75,75,75,75,75,75,75,75,75,75,75,75,75,82,82,82,82,82,82,82,82],"card_choices":[{"not_picked":["Cleave","True Grit"],"picked":"Shockwave","floor":1},{"not_picked":["Havoc","Flex"],"picked":"Flame Barrier","floor":2},{"not_picked":["Wild Strike","True Grit"],"picked":"Pummel","floor":4},{"not_picked":["True Grit","Thunderclap"],"picked":"Pommel Strike","floor":5},{"not_picked":["Wild Strike","Clash"],"picked":"Corruption","floor":7},{"not_picked":["Thunderclap","Barricade"],"picked":"Intimidate","floor":8},{"not_picked":["Anger","Iron Wave"],"picked":"Armaments","floor":11},{"not_picked":["Headbutt","Iron Wave"],"picked":"Shrug It Off","floor":12},{"not_picked":["Body Slam","Wild Strike"],"picked":"Reaper","floor":13},{"not_picked":["Battle Trance","Double Tap"],"picked":"Feel No Pain","floor":14},{"not_picked":["Juggernaut","Barricade"],"picked":"Bludgeon","floor":16},{"not_picked":["Burning Pact","Perfected Strike"],"picked":"Hemokinesis+1","floor":18},{"not_picked":["Iron Wave","Burning Pact"],"picked":"True Grit","floor":21},{"not_picked":["Infernal Blade+1","Searing Blow"],"picked":"Dropkick+1","floor":22},{"not_picked":["Flex","Wild Strike"],"picked":"Barricade","floor":24},{"not_picked":["Iron Wave","Heavy Blade"],"picked":"Flex+1","floor":27},{"not_picked":["Flex","Second Wind"],"picked":"Blood for Blood+1","floor":29},{"not_picked":["Headbutt","Second Wind"],"picked":"Fiend Fire","floor":30},{"not_picked":["Rage","Blood for Blood"],"picked":"Armaments","floor":31},{"not_picked":["Immolate","Fiend Fire"],"picked":"Impervious","floor":33},{"not_picked":["Evolve"],"picked":"SKIP","floor":35},{"not_picked":[],"picked":"Body Slam+1","floor":38},{"not_picked":[],"picked":"Rupture","floor":40},{"not_picked":["Evolve"],"picked":"SKIP","floor":42},{"not_picked":[],"picked":"True Grit","floor":44},{"not_picked":["Twin Strike"],"picked":"SKIP","floor":45},{"not_picked":["Headbutt"],"picked":"SKIP","floor":46},{"not_picked":["Inflame"],"picked":"SKIP","floor":48}],"player_experience":1416316,"relics_obtained":[{"floor":7,"key":"Mummified Hand"},{"floor":9,"key":"StoneCalendar"},{"floor":14,"key":"Du-Vu Doll"},{"floor":21,"key":"Gambling Chip"},{"floor":21,"key":"The Courier"},{"floor":24,"key":"Ancient Tea Set"},{"floor":26,"key":"Art of War"},{"floor":30,"key":"Meat on the Bone"},{"floor":40,"key":"Regal Pillow"},{"floor":42,"key":"Whetstone"},{"floor":43,"key":"Strawberry"},{"floor":45,"key":"Boot"}],"event_choices":[{"event_name":"Wheel of Change","player_choice":"Card Removal","floor":3,"damage_taken":0},{"event_name":"The Mausoleum","player_choice":"Yes","floor":19,"damage_taken":0},{"event_name":"Colosseum","player_choice":"Fight","floor":21,"damage_taken":0},{"event_name":"Colosseum","player_choice":"Fought Nobs","floor":21,"damage_taken":0},{"event_name":"Addict","player_choice":"Stole Relic","floor":28,"damage_taken":0},{"event_name":"Tomb of Lord Red Mask","player_choice":"Paid","floor":37,"damage_taken":0},{"event_name":"MindBloom","player_choice":"Gold","floor":39,"damage_taken":0},{"event_name":"Falling","player_choice":"Removed Attack","floor":47,"damage_taken":0}],"is_beta":false,"boss_relics":[{"not_picked":["Black Star","Mark of Pain"],"picked":"Fusion Hammer"},{"not_picked":["Orrery","Tiny House"],"picked":"Busted Crown"}],"items_purged_floors":[20,36],"is_endless":false,"potions_floor_spawned":[2,11,12,13,21,21,29,30,33,44,46],"killed_by":"Time Eater","ascension_level":20}