{"gold_per_floor":[111,111,125,125,143,143,178,178,178,178,221,60,80,111,111,242,242,263,3,3,3,3,44,44,44,70,104,104,104,124,137,137,256,256,274,293,293,318,318],"floor_reached":39,"playtime":2140,"items_purged":["Strike_G"],"score":656,"play_id":"b9b906ee-2d97-4da3-816b-3b850dfd9ccf","local_time":"20190210013315","is_ascension_mode":true,"campfire_choices":[{"data":"Neutralize","floor":6,"key":"SMITH"},{"data":"Deadly Poison","floor":8,"key":"SMITH"},{"data":"Deadly Poison","floor":10,"key":"SMITH"},{"data":"Noxious Fumes","floor":15,"key":"SMITH"},{"data":"Footwork","floor":25,"key":"SMITH"},{"data":"Ghostly","floor":29,"key":"SMITH"},{"data":"Ghostly","floor":32,"key":"SMITH"}],"neow_cost":"NONE","seed_source_timestamp":352547596907300,"circlet_count":0,"master_deck":["Survivor","Neutralize+1","Backstab","Deadly Poison+1","Deadly Poison+1","Dodge and Roll","A Thousand Cuts","Footwork+1","Dagger Spray","Noxious Fumes+1","Glass Knife","Bullet Time","Well Laid Plans","Blur+1","Blur+1","Ghostly","Ghostly","Ghostly","Ghostly+1","Ghostly+1","Dash","Bullet Time","Distraction","Poisoned Stab","Caltrops","Terror","Well Laid Plans","Well Laid Plans","Footwork","Catalyst","Cloak And Dagger+1"],"relics":["Ring of the Snake","Golden Idol","Meat on the Bone","Sundial","Ancient Tea Set","Bag of Preparation","Empty Cage","Mercury Hourglass","Omamori","Letter Opener","Anchor","Snake Skull","Pandora\u0027s Box"],"potions_floor_usage":[23,23,38],"damage_taken":[{"damage":0,"enemies":"Jaw Worm","floor":1,"turns":5},{"damage":1,"enemies":"2 Louse","floor":3,"turns":4},{"damage":0,"enemies":"Small Slimes","floor":5,"turns":3},{"damage":30,"enemies":"3 Sentries","floor":7,"turns":10},{"damage":7,"enemies":"Gremlin Nob","floor":11,"turns":3},{"damage":2,"enemies":"2 Fungi Beasts","floor":13,"turns":4},{"damage":21,"enemies":"3 Sentries","floor":14,"turns":7},{"damage":3,"enemies":"Slime Boss","floor":16,"turns":7},{"damage":8,"enemies":"Spheric Guardian","floor":18,"turns":6},{"damage":18,"enemies":"Slavers","floor":23,"turns":4},{"damage":26,"enemies":"Book of Stabbing","floor":27,"turns":5},{"damage":0,"enemies":"3 Byrds","floor":30,"turns":3},{"damage":0,"enemies":"Centurion and Healer","floor":31,"turns":5},{"damage":0,"enemies":"Champ","floor":33,"turns":10},{"damage":2,"enemies":"Orb Walker","floor":35,"turns":5},{"damage":2,"enemies":"3 Darklings","floor":36,"turns":5},{"damage":0,"enemies":"4 Shapes","floor":38,"turns":5},{"damage":46,"enemies":"2 Orb Walkers","floor":39,"turns":3}],"seed_played":"-7738564444367961016","potions_obtained":[{"floor":1,"key":"SteroidPotion"},{"floor":11,"key":"Strength Potion"},{"floor":13,"key":"SteroidPotion"},{"floor":33,"key":"LiquidBronze"},{"floor":36,"key":"Swift Potion"}],"is_trial":false,"path_per_floor":["M","?","M","?","M","R","E","R","T","R","E","$","M","E","R","B",null,"M","$","?","?","?","E","$","R","T","E","?","R","M","M","R","B",null,"M","M","?","M","?"],"character_chosen":"THE_SILENT","items_purchased":["Footwork","Dagger Spray","Mercury Hourglass"],"campfire_rested":0,"item_purchase_floors":[12,12,19],"current_hp_per_floor":[70,70,69,74,74,74,44,44,44,44,49,49,47,38,38,47,69,61,61,61,61,61,43,43,43,43,29,29,29,29,29,29,29,36,34,32,32,32,0],"gold":318,"neow_bonus":"TEN_PERCENT_HP_BONUS","is_prod":false,"is_daily":false,"chose_seed":false,"campfire_upgraded":7,"win_rate":0,"timestamp":1549780395,"path_taken":["M","?","M","?","M","R","E","R","T","R","E","$","M","E","R","BOSS","M","$","?","?","?","E","?","R","T","E","?","R","M","M","R","BOSS","M","M","?","M","?"],"build_version":"2019-01-23","purchased_purges":1,"victory":false,"max_hp_per_floor":[77,71,71,76,76,76,76,76,76,76,76,76,76,76,76,76,76,76,76,76,76,76,76,76,76,76,76,38,38,38,38,38,38,38,38,38,38,38,38],"card_choices":[{"not_picked":["Deadly Poison","Acrobatics"],"picked":"Backstab","floor":1},{"not_picked":["Tactician","Backflip"],"picked":"Deadly Poison","floor":3},{"not_picked":["Acrobatics","Eviscerate"],"picked":"Deadly Poison","floor":5},{"not_picked":["Accuracy","Slice"],"picked":"Dodge and Roll","floor":7},{"not_picked":["Dagger Throw","Predator"],"picked":"A Thousand Cuts","floor":11},{"not_picked":["Deadly Poison","Terror"],"picked":"Noxious Fumes","floor":13},{"not_picked":["Bane","Noxious Fumes"],"picked":"Glass Knife","floor":14},{"not_picked":["Die Die Die","A Thousand Cuts"],"picked":"Bullet Time","floor":16},{"not_picked":["Poisoned Stab","Setup+1","Underhanded Strike"],"picked":"SKIP","floor":18},{"not_picked":["Dodge and Roll","Masterful Stab"],"picked":"Blur+1","floor":23},{"not_picked":["Outmaneuver","Poisoned Stab"],"picked":"Blur+1","floor":27},{"not_picked":["Prepared+1","Outmaneuver","Dagger Throw"],"picked":"SKIP","floor":30},{"not_picked":["Dodge and Roll","Riddle With Holes"],"picked":"Dash","floor":31},{"not_picked":["Die Die Die","Unload"],"picked":"Bullet Time","floor":33},{"not_picked":["Finisher+1","Flying Knee"],"picked":"Catalyst","floor":35},{"not_picked":["Underhanded Strike","Poisoned Stab+1"],"picked":"Cloak And Dagger+1","floor":36},{"not_picked":["Deadly Poison","Prepared","Dodge and Roll+1"],"picked":"SKIP","floor":38}],"player_experience":189734,"relics_obtained":[{"floor":7,"key":"Meat on the Bone"},{"floor":9,"key":"Sundial"},{"floor":11,"key":"Ancient Tea Set"},{"floor":14,"key":"Bag of Preparation"},{"floor":23,"key":"Letter Opener"},{"floor":26,"key":"Anchor"},{"floor":27,"key":"Snake Skull"}],"event_choices":[{"damage_healed":0,"gold_gain":0,"player_choice":"Lose Max HP","damage_taken":0,"relics_obtained":["Golden Idol"],"max_hp_gain":0,"max_hp_loss":6,"event_name":"Golden Idol","floor":2,"gold_loss":0},{"damage_healed":0,"gold_gain":0,"player_choice":"Donut","damage_taken":0,"max_hp_gain":5,"max_hp_loss":0,"event_name":"Big Fish","floor":4,"gold_loss":0},{"damage_healed":0,"gold_gain":0,"player_choice":"Ignored","damage_taken":0,"max_hp_gain":0,"max_hp_loss":0,"event_name":"Beggar","floor":20,"gold_loss":0},{"damage_healed":0,"gold_gain":0,"player_choice":"Read","damage_taken":0,"max_hp_gain":0,"max_hp_loss":0,"event_name":"The Library","floor":21,"gold_loss":0,"cards_obtained":["Well Laid Plans"]},{"damage_healed":0,"gold_gain":0,"player_choice":"Opened","damage_taken":0,"relics_obtained":["Omamori"],"max_hp_gain":0,"max_hp_loss":0,"event_name":"The Mausoleum","floor":22,"gold_loss":0},{"damage_healed":0,"gold_gain":0,"player_choice":"Became a Ghost","damage_taken":0,"max_hp_gain":0,"max_hp_loss":38,"event_name":"Ghosts","floor":28,"gold_loss":0,"cards_obtained":["Ghostly","Ghostly","Ghostly","Ghostly","Ghostly"]},{"damage_healed":0,"gold_gain":0,"player_choice":"Memory 1","damage_taken":0,"max_hp_gain":0,"max_hp_loss":0,"event_name":"SensoryStone","floor":37,"gold_loss":0},{"damage_healed":0,"gold_gain":0,"player_choice":"Fight","damage_taken":0,"max_hp_gain":0,"max_hp_loss":0,"event_name":"Mysterious Sphere","floor":39,"gold_loss":0}],"is_beta":false,"boss_relics":[{"not_picked":["Coffee Dripper","Ring of the Serpent"],"picked":"Empty Cage"},{"not_picked":["Astrolabe","White Beast Statue"],"picked":"Pandora\u0027s Box"}],"items_purged_floors":[12],"is_endless":false,"potions_floor_spawned":[1,11,13,18,33,36],"killed_by":"2 Orb Walkers","ascension_level":6}