{"gold_per_floor":[112,124,124,136,148,174,193,220,245,259,293,568,568,221,221,316,316,329,129,204,216,226,226,151,185,185,185,185],"floor_reached":28,"playtime":1642,"items_purged":["Regret","Strike_R"],"score":361,"play_id":"1ef5c100-014d-4f57-8e7a-1e0e8c7c6412","local_time":"20190217123948","is_ascension_mode":true,"campfire_choices":[{"data":"Armaments","floor":13,"key":"SMITH"},{"floor":15,"key":"REST"},{"floor":23,"key":"REST"}],"neow_cost":"NONE","seed_source_timestamp":293642941096000,"circlet_count":0,"master_deck":["Strike_R","Strike_R","Defend_R","Defend_R","Defend_R","Defend_R+1","Bash+1","Ghostly Armor","Armaments+1","Pommel Strike","Sword Boomerang","Anger","Immolate","Offering","Headbutt","Feel No Pain","Shrug It Off+1","True Grit","Double Tap"],"relics":["Burning Blood","Letter Opener","Bottled Lightning","Lantern","Strawberry","Potion Belt","Mark of Pain","War Paint","Shuriken"],"potions_floor_usage":[6,8,16,25,25],"damage_taken":[{"damage":7,"enemies":"Jaw Worm","floor":1,"turns":3},{"damage":0,"enemies":"Cultist","floor":2,"turns":4},{"damage":0,"enemies":"2 Louse","floor":4,"turns":2},{"damage":6,"enemies":"Blue Slaver","floor":5,"turns":5},{"damage":26,"enemies":"Gremlin Nob","floor":6,"turns":4},{"damage":6,"enemies":"3 Louse","floor":7,"turns":4},{"damage":39,"enemies":"Lagavulin","floor":8,"turns":10},{"damage":4,"enemies":"Large Slime","floor":10,"turns":7},{"damage":15,"enemies":"3 Sentries","floor":11,"turns":11},{"damage":5,"enemies":"Slime Boss","floor":16,"turns":7},{"damage":12,"enemies":"Spheric Guardian","floor":18,"turns":3},{"damage":7,"enemies":"2 Thieves","floor":21,"turns":3},{"damage":51,"enemies":"Snake Plant","floor":22,"turns":6},{"damage":25,"enemies":"Gremlin Leader","floor":25,"turns":7},{"damage":12,"enemies":"Cultist and Chosen","floor":28,"turns":4}],"seed_played":"-9058393667525255266","potions_obtained":[{"floor":2,"key":"GamblersBrew"},{"floor":5,"key":"Poison Potion"},{"floor":6,"key":"Weak Potion"},{"floor":18,"key":"Poison Potion"},{"floor":22,"key":"GamblersBrew"},{"floor":25,"key":"SteroidPotion"}],"is_trial":false,"path_per_floor":["M","M","?","M","M","E","M","E","T","M","E","?","R","$","R","B",null,"M","$","?","M","M","R","?","E","T","?","M"],"character_chosen":"IRONCLAD","items_purchased":["EssenceOfSteel","Dexterity Potion","Potion Belt","Feel No Pain","Shrug It Off"],"campfire_rested":2,"item_purchase_floors":[14,14,14,19,19],"current_hp_per_floor":[71,77,77,80,80,60,60,27,27,29,27,27,27,27,53,54,79,73,73,65,64,19,45,45,26,26,9,0],"gold":185,"neow_bonus":"UPGRADE_CARD","is_prod":false,"is_daily":false,"chose_seed":false,"campfire_upgraded":1,"win_rate":0,"timestamp":1550425188,"path_taken":["M","M","?","M","M","E","M","E","T","?","E","?","R","$","R","BOSS","M","$","?","?","M","R","?","E","T","?","M"],"build_version":"2019-01-23","purchased_purges":2,"victory":false,"max_hp_per_floor":[80,80,80,80,80,80,80,80,80,80,87,87,87,87,87,87,87,87,87,87,87,87,87,87,87,87,92,92],"card_choices":[{"not_picked":["Cleave","Body Slam"],"picked":"Ghostly Armor","floor":1},{"not_picked":["True Grit","Bloodletting"],"picked":"Armaments","floor":2},{"not_picked":["Armaments","Sword Boomerang"],"picked":"Pommel Strike","floor":4},{"not_picked":["Ghostly Armor","Combust","Armaments"],"picked":"SKIP","floor":5},{"not_picked":["Perfected Strike","Wild Strike"],"picked":"Sword Boomerang","floor":6},{"not_picked":["Armaments","Heavy Blade"],"picked":"Anger","floor":7},{"not_picked":["Sever Soul","Flex","Anger"],"picked":"SKIP","floor":8},{"not_picked":["Fire Breathing","Twin Strike","Flex"],"picked":"SKIP","floor":10},{"not_picked":["Carnage","Disarm"],"picked":"Immolate","floor":11},{"not_picked":["Juggernaut","Exhume"],"picked":"Offering","floor":16},{"not_picked":["Sentinel","Wild Strike"],"picked":"Headbutt","floor":18},{"not_picked":["Pommel Strike+1","Dropkick","Clash+1"],"picked":"SKIP","floor":21},{"not_picked":["Heavy Blade","Ghostly Armor"],"picked":"True Grit","floor":22},{"not_picked":["Headbutt","Wild Strike"],"picked":"Double Tap","floor":25}],"player_experience":256613,"relics_obtained":[{"floor":6,"key":"Letter Opener"},{"floor":8,"key":"Bottled Lightning"},{"floor":9,"key":"Lantern"},{"floor":11,"key":"Strawberry"},{"floor":25,"key":"War Paint"},{"floor":26,"key":"Shuriken"}],"event_choices":[{"cards_removed":["Strike_R"],"damage_healed":0,"gold_gain":0,"player_choice":"Purged","damage_taken":0,"max_hp_gain":0,"max_hp_loss":0,"event_name":"Purifier","floor":3,"gold_loss":0},{"damage_healed":0,"gold_gain":275,"player_choice":"Desecrate","damage_taken":0,"max_hp_gain":0,"max_hp_loss":0,"event_name":"Golden Shrine","floor":12,"gold_loss":0,"cards_obtained":["Regret"]},{"damage_healed":0,"gold_gain":75,"player_choice":"Touch","damage_taken":8,"max_hp_gain":0,"max_hp_loss":0,"event_name":"FaceTrader","floor":20,"gold_loss":0},{"cards_removed":["Strike_R"],"damage_healed":0,"gold_gain":0,"player_choice":"Gave Gold","damage_taken":0,"max_hp_gain":0,"max_hp_loss":0,"event_name":"Beggar","floor":24,"gold_loss":75},{"damage_healed":0,"gold_gain":0,"player_choice":"Shed Blood","damage_taken":22,"max_hp_gain":5,"max_hp_loss":0,"event_name":"Forgotten Altar","floor":27,"gold_loss":0}],"is_beta":false,"boss_relics":[{"not_picked":["Runic Cube","Eternal Feather"],"picked":"Mark of Pain"}],"items_purged_floors":[14,19],"is_endless":false,"potions_floor_spawned":[2,5,6,18,22,25],"killed_by":"Cultist and Chosen","ascension_level":8}