{"gold_per_floor":[17,35,52,127,143,143,177,177,249,249,263,298,298,330,330,404,404,421,22,22,72,84,84,114,127,157,157,192,206,206,239,239,312,312,332,17,31,31,31,31,61,161,161,161,196,196,223,19,19,19,19],"floor_reached":52,"playtime":3006,"items_purged":["Strike_B","Dualcast","Redo"],"score":2278,"play_id":"7aefd368-406f-4cef-8464-4a4cfe729d7f","local_time":"20181030124732","is_ascension_mode":true,"campfire_choices":[{"data":"Sunder","floor":6,"key":"SMITH"},{"data":"Zap","floor":8,"key":"SMITH"},{"floor":15,"key":"REST"},{"floor":23,"key":"REST"},{"floor":27,"key":"REST"},{"floor":30,"key":"REST"},{"floor":32,"key":"REST"},{"floor":40,"key":"REST"},{"floor":49,"key":"REST"}],"neow_cost":"NO_GOLD","seed_source_timestamp":1183911995365011,"circlet_count":0,"master_deck":["Strike_B+1","Defend_B","Defend_B","Defend_B","Defend_B","Zap+1","AscendersBane","Go for the Eyes","Sunder+1","Ball Lightning+1","Hologram","Electrodynamics+1","Echo Form","Chill","Seek","Tempest+1","Glacier","Consume","Fission","BootSequence+1","White Noise+1","Dark Shackles","Discovery","The Bomb","Lockon+1","Lockon+1","Reinforced Body"],"relics":["Cracked Core","WingedGreaves","Matryoshka","Art of War","Letter Opener","Fusion Hammer","Mummified Hand","Singing Bowl","Happy Flower","Tiny Chest","Mango","Whetstone","Runic Pyramid","Potion Belt","Cables","Pear","Dodecahedron","Calipers","Juzu Bracelet","Molten Egg 2","Dream Catcher"],"potions_floor_usage":[7,13,24,51,51,51],"damage_taken":[{"damage":1,"enemies":"Cultist","floor":1,"turns":3},{"damage":0,"enemies":"2 Louse","floor":2,"turns":1},{"damage":7,"enemies":"Jaw Worm","floor":3,"turns":3},{"damage":4,"enemies":"Large Slime","floor":5,"turns":3},{"damage":7,"enemies":"Lagavulin","floor":7,"turns":8},{"damage":6,"enemies":"2 Fungi Beasts","floor":11,"turns":3},{"damage":2,"enemies":"Gremlin Nob","floor":12,"turns":3},{"damage":0,"enemies":"Exordium Thugs","floor":13,"turns":1},{"damage":17,"enemies":"Lagavulin","floor":14,"turns":6},{"damage":25,"enemies":"The Guardian","floor":16,"turns":12},{"damage":7,"enemies":"2 Thieves","floor":18,"turns":4},{"damage":0,"enemies":"Chosen","floor":22,"turns":3},{"damage":7,"enemies":"Gremlin Leader","floor":24,"turns":4},{"damage":30,"enemies":"Snake Plant","floor":25,"turns":3},{"damage":39,"enemies":"Book of Stabbing","floor":28,"turns":5},{"damage":1,"enemies":"Centurion and Healer","floor":29,"turns":4},{"damage":0,"enemies":"Gremlin Leader","floor":31,"turns":4},{"damage":33,"enemies":"Automaton","floor":33,"turns":9},{"damage":0,"enemies":"3 Darklings","floor":35,"turns":3},{"damage":0,"enemies":"Orb Walker","floor":37,"turns":3},{"damage":0,"enemies":"Reptomancer","floor":41,"turns":6},{"damage":0,"enemies":"Mind Bloom Boss Battle","floor":42,"turns":6},{"damage":0,"enemies":"Giant Head","floor":45,"turns":8},{"damage":0,"enemies":"Reptomancer","floor":47,"turns":4},{"damage":0,"enemies":"Time Eater","floor":50,"turns":12},{"damage":25,"enemies":"Donu and Deca","floor":51,"turns":5}],"seed_played":"6000434982715834005","potions_obtained":[{"floor":1,"key":"SmokeBomb"},{"floor":5,"key":"EssenceOfSteel"},{"floor":12,"key":"Fire Potion"},{"floor":22,"key":"Fire Potion"},{"floor":24,"key":"GamblersBrew"},{"floor":28,"key":"SkillPotion"},{"floor":47,"key":"LiquidBronze"}],"is_trial":false,"path_per_floor":["M","M","M","?","M","R","E","R","T","?","M","E","M","E","R","B",null,"M","$","?","?","M","R","E","M","T","R","E","M","R","E","R","B",null,"M","$","M","?","T","R","E","?","T","?","E","T","E","$","R","B","B"],"character_chosen":"DEFECT","items_purchased":["Mummified Hand","SkillPotion","Potion Belt","Dexterity Potion","FocusPotion"],"campfire_rested":7,"item_purchase_floors":[19,19,36,36,48],"current_hp_per_floor":[63,63,56,45,41,41,34,34,34,34,28,26,26,9,30,5,55,48,48,48,48,48,69,64,34,34,55,30,29,55,57,83,50,79,79,79,79,79,89,99,101,103,103,93,93,93,93,93,103,103,78],"gold":19,"neow_bonus":"TRANSFORM_TWO_CARDS","is_prod":false,"is_daily":false,"chose_seed":false,"campfire_upgraded":2,"win_rate":0,"timestamp":1540900052,"path_taken":["M","M","?","?","M","R","E","R","T","?","M","E","?","E","R","BOSS","M","$","?","?","?","R","E","M","T","R","E","M","R","E","R","BOSS","M","$","M","?","?","R","E","?","T","?","E","?","E","$","R","BOSS","BOSS"],"build_version":"2018-10-25v2","purchased_purges":3,"victory":true,"max_hp_per_floor":[71,71,71,71,71,71,71,71,71,71,71,71,71,71,71,71,71,71,71,71,71,71,71,73,73,73,73,87,87,87,89,89,89,89,89,89,89,89,99,99,101,103,103,103,103,103,103,103,103,103,103],"card_choices":[{"not_picked":["Scrape","Conserve Battery"],"picked":"Sunder","floor":1},{"not_picked":["Chaos","Doom and Gloom"],"picked":"Ball Lightning","floor":2},{"not_picked":["Barrage","Hello World","Go for the Eyes"],"picked":"SKIP","floor":3},{"not_picked":["Streamline","Force Field"],"picked":"Hologram","floor":5},{"not_picked":["Force Field","Steam"],"picked":"Electrodynamics","floor":7},{"not_picked":["Gash","Coolheaded"],"picked":"Echo Form","floor":11},{"not_picked":["Storm","Multi-Cast","Redo"],"picked":"SKIP","floor":12},{"not_picked":["Aggregate","Leap"],"picked":"Chill","floor":14},{"not_picked":["Creative AI","Echo Form"],"picked":"Seek","floor":16},{"not_picked":["Sweeping Beam","Go for the Eyes"],"picked":"Tempest+1","floor":18},{"not_picked":["Conserve Battery","Ball Lightning","Scrape"],"picked":"SKIP","floor":22},{"not_picked":["Auto Shields","Coolheaded","Streamline"],"picked":"Singing Bowl","floor":24},{"not_picked":["Steam","Compile Driver"],"picked":"Glacier","floor":25},{"not_picked":["Heatsinks","Stack"],"picked":"Chill","floor":28},{"not_picked":["Barrage","Compile Driver"],"picked":"Consume","floor":29},{"not_picked":["Leap","Stack","Rebound"],"picked":"Singing Bowl","floor":31},{"not_picked":["Meteor Strike","Hyperbeam"],"picked":"Fission","floor":33},{"not_picked":["Redo","Reprogram+1"],"picked":"BootSequence+1","floor":35},{"not_picked":["Barrage+1","Tempest"],"picked":"White Noise+1","floor":37},{"not_picked":["Stack","Coolheaded","Leap"],"picked":"Singing Bowl","floor":41},{"not_picked":["Compile Driver","Ball Lightning","Go for the Eyes+1"],"picked":"Singing Bowl","floor":42},{"not_picked":["Deep Breath","Trip"],"picked":"Dark Shackles","floor":44},{"not_picked":["Trip","Thinking Ahead"],"picked":"Discovery","floor":44},{"not_picked":["Dramatic Entrance","Mind Blast"],"picked":"The Bomb","floor":44},{"not_picked":["Stack","Redo"],"picked":"Lockon+1","floor":45},{"not_picked":["Gash+1","Coolheaded"],"picked":"Lockon+1","floor":47},{"not_picked":["Streamline+1","Cold Snap+1"],"picked":"Reinforced Body","floor":49}],"player_experience":1495918,"relics_obtained":[{"floor":7,"key":"WingedGreaves"},{"floor":9,"key":"Matryoshka"},{"floor":12,"key":"Art of War"},{"floor":14,"key":"Letter Opener"},{"floor":24,"key":"Singing Bowl"},{"floor":26,"key":"Happy Flower"},{"floor":26,"key":"Tiny Chest"},{"floor":28,"key":"Mango"},{"floor":31,"key":"Whetstone"},{"floor":39,"key":"Cables"},{"floor":39,"key":"Pear"},{"floor":41,"key":"Dodecahedron"},{"floor":42,"key":"Calipers"},{"floor":43,"key":"Juzu Bracelet"},{"floor":46,"key":"Molten Egg 2"},{"floor":47,"key":"Dream Catcher"}],"event_choices":[{"damage_healed":0,"gold_gain":75,"player_choice":"Gather Gold","damage_taken":11,"max_hp_gain":0,"max_hp_loss":0,"event_name":"World of Goop","floor":4,"gold_loss":0},{"damage_healed":0,"gold_gain":0,"player_choice":"Grow","damage_taken":0,"max_hp_gain":0,"max_hp_loss":0,"event_name":"Living Wall","floor":10,"gold_loss":0,"cards_upgraded":["Electrodynamics"]},{"damage_healed":0,"gold_gain":0,"player_choice":"Ignored","damage_taken":0,"max_hp_gain":0,"max_hp_loss":0,"event_name":"Ghosts","floor":20,"gold_loss":0},{"damage_healed":0,"gold_gain":50,"player_choice":"Stole From Cult","damage_taken":0,"max_hp_gain":0,"max_hp_loss":0,"event_name":"Nest","floor":21,"gold_loss":0},{"cards_removed":["Chill"],"damage_healed":0,"gold_gain":0,"player_choice":"Removed Skill","damage_taken":0,"max_hp_gain":0,"max_hp_loss":0,"event_name":"Falling","floor":38,"gold_loss":0},{"damage_healed":0,"gold_gain":0,"player_choice":"Fight","damage_taken":0,"max_hp_gain":0,"max_hp_loss":0,"event_name":"MindBloom","floor":42,"gold_loss":0},{"damage_healed":0,"gold_gain":0,"player_choice":"Memory 3","damage_taken":10,"max_hp_gain":0,"max_hp_loss":0,"event_name":"SensoryStone","floor":44,"gold_loss":0}],"is_beta":false,"boss_relics":[{"not_picked":["Nuclear Battery","Cursed Key"],"picked":"Fusion Hammer"},{"not_picked":["Empty Cage","Astrolabe"],"picked":"Runic Pyramid"}],"items_purged_floors":[19,36,48],"is_endless":false,"potions_floor_spawned":[1,5,12,13,22,24,28,33,35,47],"ascension_level":20}