{"gold_per_floor":[112,125,125,137,147,147,175,175,175,203,25,55,55,0,0,100,100,114,46,146,164,164,197,197,225,225,225,7,25,25],"floor_reached":30,"playtime":1678,"items_purged":["Strike_B","Strike_B"],"score":312,"play_id":"b35855ca-978f-47bc-ab80-dc1a1b9fee25","local_time":"20190206010303","is_ascension_mode":true,"campfire_choices":[{"data":"Zap","floor":6,"key":"SMITH"},{"data":"Rainbow","floor":8,"key":"SMITH"},{"floor":15,"key":"REST"},{"data":"Defragment","floor":24,"key":"SMITH"},{"data":"Dualcast","floor":27,"key":"SMITH"}],"neow_cost":"NONE","seed_source_timestamp":5605850631100,"circlet_count":0,"master_deck":["Strike_B","Strike_B+1","Defend_B+1","Defend_B","Defend_B","Defend_B+1","Zap+1","Dualcast+1","Cold Snap","Compile Driver","Streamline+1","Ball Lightning","Rainbow+1","Barrage","Leap","Defragment","Hologram","Reboot","Defragment+1","Conserve Battery","Writhe","Blizzard+1","Sweeping Beam+1","Go for the Eyes","Conserve Battery"],"relics":["Cracked Core","Whetstone","Dream Catcher","Cables","Pen Nib","Pear","Coffee Dripper","FossilizedHelix","The Courier","Pantograph","Du-Vu Doll","Anchor","Matryoshka"],"potions_floor_usage":[7,12,16,20,23],"damage_taken":[{"damage":0,"enemies":"Small Slimes","floor":1,"turns":3},{"damage":4,"enemies":"2 Louse","floor":2,"turns":3},{"damage":0,"enemies":"Cultist","floor":4,"turns":3},{"damage":17,"enemies":"3 Louse","floor":5,"turns":3},{"damage":4,"enemies":"Gremlin Nob","floor":7,"turns":3},{"damage":18,"enemies":"3 Sentries","floor":10,"turns":6},{"damage":4,"enemies":"Gremlin Nob","floor":12,"turns":3},{"damage":16,"enemies":"Hexaghost","floor":16,"turns":7},{"damage":12,"enemies":"3 Byrds","floor":18,"turns":3},{"damage":20,"enemies":"Colosseum Slavers","floor":20,"turns":4},{"damage":5,"enemies":"Colosseum Nobs","floor":20,"turns":4},{"damage":0,"enemies":"Spheric Guardian","floor":21,"turns":3},{"damage":12,"enemies":"Gremlin Leader","floor":23,"turns":7},{"damage":6,"enemies":"Book of Stabbing","floor":25,"turns":5},{"damage":9,"enemies":"Centurion and Healer","floor":29,"turns":6},{"damage":22,"enemies":"Snecko","floor":30,"turns":4}],"seed_played":"-1083775073169448360","potions_obtained":[{"floor":2,"key":"Poison Potion"},{"floor":4,"key":"Poison Potion"},{"floor":12,"key":"AttackPotion"},{"floor":16,"key":"Weak Potion"},{"floor":21,"key":"EssenceOfSteel"},{"floor":25,"key":"Dexterity Potion"}],"is_trial":false,"path_per_floor":["M","M","?","M","M","R","E","R","T","E","$","E","?","?","R","B",null,"M","$","?","M","?","E","R","E","T","R","$","M","M"],"character_chosen":"DEFECT","items_purchased":["Leap","Defragment","Defragment","Go for the Eyes","Conserve Battery","FocusPotion"],"campfire_rested":1,"item_purchase_floors":[11,11,19,28,28,28],"current_hp_per_floor":[75,71,56,56,39,39,35,35,35,17,17,13,13,23,48,32,85,73,73,48,48,48,36,36,30,30,30,30,21,0],"gold":25,"neow_bonus":"THREE_CARDS","is_prod":false,"is_daily":false,"chose_seed":false,"campfire_upgraded":4,"win_rate":0,"timestamp":1549432983,"path_taken":["M","M","?","M","M","R","E","R","T","E","$","E","?","?","R","BOSS","M","$","?","M","?","E","R","E","T","R","?","M","M"],"build_version":"2019-01-23","purchased_purges":2,"victory":false,"max_hp_per_floor":[75,75,75,75,75,75,75,75,75,75,75,75,75,85,85,85,85,85,85,85,85,85,85,85,85,85,85,85,85,85],"card_choices":[{"not_picked":["Conserve Battery","Streamline"],"picked":"Cold Snap","floor":0},{"not_picked":["Chaos","BootSequence"],"picked":"Compile Driver","floor":1},{"not_picked":["Scrape","Hello World"],"picked":"Streamline","floor":2},{"not_picked":["Beam Cell","Steam","Melter"],"picked":"SKIP","floor":4},{"not_picked":["Rainbow","Tempest"],"picked":"Ball Lightning","floor":5},{"not_picked":["Turbo","Streamline"],"picked":"Rainbow","floor":7},{"not_picked":["Cold Snap","Melter"],"picked":"Barrage","floor":10},{"not_picked":["Hello World","Go for the Eyes"],"picked":"Hologram","floor":12},{"not_picked":["Amplify","Rainbow"],"picked":"Reboot","floor":16},{"not_picked":["Streamline","Stack","Consume"],"picked":"SKIP","floor":18},{"not_picked":["Sunder","Hologram"],"picked":"Conserve Battery","floor":21},{"not_picked":["Stack","Barrage"],"picked":"Blizzard+1","floor":23},{"not_picked":["Steam Power","Hologram"],"picked":"Sweeping Beam+1","floor":25},{"not_picked":["Steam+1","Rebound","Rip and Tear"],"picked":"SKIP","floor":29}],"player_experience":149435,"relics_obtained":[{"floor":7,"key":"Whetstone"},{"floor":9,"key":"Dream Catcher"},{"floor":10,"key":"Cables"},{"floor":12,"key":"Pen Nib"},{"floor":20,"key":"FossilizedHelix"},{"floor":20,"key":"The Courier"},{"floor":23,"key":"Du-Vu Doll"},{"floor":25,"key":"Anchor"},{"floor":26,"key":"Matryoshka"}],"event_choices":[{"damage_healed":0,"gold_gain":0,"player_choice":"Entered Light","damage_taken":15,"max_hp_gain":0,"max_hp_loss":0,"event_name":"Shining Light","floor":3,"gold_loss":0,"cards_upgraded":["Defend_B","Defend_B"]},{"damage_healed":0,"gold_gain":0,"player_choice":"Searched \u00271\u0027 times","damage_taken":0,"max_hp_gain":0,"max_hp_loss":0,"event_name":"Dead Adventurer","floor":13,"gold_loss":0},{"damage_healed":0,"gold_gain":0,"player_choice":"Paid Gold","damage_taken":0,"relics_obtained":["Pear"],"max_hp_gain":0,"max_hp_loss":0,"event_name":"WeMeetAgain","floor":14,"gold_loss":55},{"damage_healed":0,"gold_gain":0,"player_choice":"Fight","damage_taken":0,"max_hp_gain":0,"max_hp_loss":0,"event_name":"Colosseum","floor":20,"gold_loss":0},{"damage_healed":0,"gold_gain":0,"player_choice":"Fought Nobs","damage_taken":0,"max_hp_gain":0,"max_hp_loss":0,"event_name":"Colosseum","floor":20,"gold_loss":0},{"damage_healed":0,"gold_gain":0,"player_choice":"Opened","damage_taken":0,"relics_obtained":["Pantograph"],"max_hp_gain":0,"max_hp_loss":0,"event_name":"The Mausoleum","floor":22,"gold_loss":0,"cards_obtained":["Writhe"]}],"is_beta":false,"boss_relics":[{"not_picked":["Runic Dome","Fusion Hammer"],"picked":"Coffee Dripper"}],"items_purged_floors":[11,28],"is_endless":false,"potions_floor_spawned":[2,4,12,16,21,25],"killed_by":"Snecko","ascension_level":2}