{"gold_per_floor":[109,39,89,107,32,58,58,88,143,168,183,163,38,56,56,133,133,150,25,25,39,50,50,77,77,77,77,90,148,163,196,208,294,306,331,356,368,380,410,422,460,472,510,522,553,665,687,727,739,751,763,775,86,119,119],"floor_reached":56,"playtime":4664,"items_purged":["Strike_B","Strike_B","Strike_B","Strike_B+1"],"score":2377,"play_id":"3d2f51b3-e084-47e3-9c46-9717f79e3aee","local_time":"20190309172618","is_ascension_mode":true,"campfire_choices":[{"floor":7,"key":"REST"},{"floor":15,"key":"REST"},{"floor":23,"key":"REST"},{"floor":25,"key":"REST"},{"floor":27,"key":"REST"},{"floor":32,"key":"DIG"},{"floor":40,"key":"RECALL"},{"floor":42,"key":"DIG"},{"floor":44,"key":"DIG"},{"floor":49,"key":"DIG"},{"floor":52,"key":"DIG"}],"neow_cost":"NONE","seed_source_timestamp":25208507484391,"circlet_count":0,"master_deck":["AscendersBane","Defend_B","Defend_B","Defend_B","Defend_B","Zap","Dualcast","Sunder","Doom and Gloom","Darkness","Redo","Seek","Leap","Stack","Compile Driver","Glacier","Multi-Cast","Conserve Battery+1","Redo+1","FTL+1","Auto Shields","Capacitor+1","Electrodynamics","Rebound+1","Stack+1","Apotheosis","Master of Strategy","PanicButton","Darkness","Go for the Eyes+1","Loop+1","White Noise+1","Core Surge+1","Compile Driver+1","Hologram","Defragment"],"relics":["Fusion Hammer","Anchor","Thread and Needle","Mercury Hourglass","Black Star","Strawberry","Bag of Preparation","Nunchaku","Shovel","Tiny Chest","Whetstone","MawBank","Mummified Hand","Nuclear Battery","Girya","Molten Egg 2","Cables","Blood Vial","FossilizedHelix","Calipers","Potion Belt","Pantograph","Orichalcum","Dodecahedron","TheAbacus","DataDisk","Happy Flower"],"potions_floor_usage":[6,18,22,29,31,39,41,55,55,55,55,55,55,55,55],"damage_taken":[{"damage":1,"enemies":"Cultist","floor":1,"turns":3},{"damage":0,"enemies":"Small Slimes","floor":4,"turns":2},{"damage":17,"enemies":"3 Sentries","floor":6,"turns":4},{"damage":42,"enemies":"Gremlin Nob","floor":8,"turns":5},{"damage":6,"enemies":"3 Sentries","floor":10,"turns":5},{"damage":0,"enemies":"2 Louse","floor":11,"turns":1},{"damage":0,"enemies":"2 Fungi Beasts","floor":14,"turns":3},{"damage":29,"enemies":"Hexaghost","floor":16,"turns":8},{"damage":14,"enemies":"3 Byrds","floor":18,"turns":6},{"damage":0,"enemies":"Shell Parasite","floor":21,"turns":5},{"damage":14,"enemies":"Snecko","floor":22,"turns":5},{"damage":27,"enemies":"Book of Stabbing","floor":24,"turns":7},{"damage":0,"enemies":"Shelled Parasite and Fungi","floor":28,"turns":4},{"damage":9,"enemies":"Gremlin Leader","floor":29,"turns":7},{"damage":0,"enemies":"Centurion and Healer","floor":30,"turns":4},{"damage":12,"enemies":"Book of Stabbing","floor":31,"turns":6},{"damage":15,"enemies":"Collector","floor":33,"turns":10},{"damage":0,"enemies":"Orb Walker","floor":35,"turns":2},{"damage":0,"enemies":"3 Shapes","floor":36,"turns":3},{"damage":0,"enemies":"Writhing Mass","floor":39,"turns":5},{"damage":0,"enemies":"Reptomancer","floor":41,"turns":4},{"damage":0,"enemies":"Spire Growth","floor":45,"turns":3},{"damage":0,"enemies":"Mind Bloom Boss Battle","floor":46,"turns":3},{"damage":0,"enemies":"Transient","floor":47,"turns":5},{"damage":0,"enemies":"Nemesis","floor":48,"turns":7},{"damage":0,"enemies":"Time Eater","floor":50,"turns":5},{"damage":0,"enemies":"Shield and Spear","floor":54,"turns":6},{"damage":0,"enemies":"The Heart","floor":55,"turns":8}],"seed_played":"-4111521804927147650","potions_obtained":[{"floor":1,"key":"SkillPotion"},{"floor":6,"key":"Energy Potion"},{"floor":8,"key":"LiquidBronze"},{"floor":12,"key":"SpeedPotion"},{"floor":14,"key":"PowerPotion"},{"floor":21,"key":"Regen Potion"},{"floor":29,"key":"Swift Potion"},{"floor":30,"key":"Weak Potion"},{"floor":36,"key":"FocusPotion"},{"floor":41,"key":"GamblersBrew"},{"floor":45,"key":"GamblersBrew"}],"is_trial":false,"path_per_floor":["M","$","?","M","$","E","R","E","T","E","M","?","$","M","R","B",null,"M","$","?","M","M","R","E","R","T","R","M","E","M","E","R","B",null,"M","M","?","?","M","R","E","R","T","R","M","?","M","E","R","B",null,"R","$","E","B",null],"character_chosen":"DEFECT","items_purchased":["Doom and Gloom","Compile Driver","EntropicBrew","Compile Driver+1","Hologram","Defragment","EssenceOfSteel","TheAbacus"],"campfire_rested":5,"item_purchase_floors":[2,13,53,53,53,53,53,53],"current_hp_per_floor":[63,63,63,63,63,46,67,25,25,19,19,19,19,19,40,11,56,42,42,42,42,42,63,43,66,66,78,78,69,69,57,57,42,69,69,69,69,59,59,59,59,59,59,59,61,63,65,67,67,78,78,78,78,78,78],"gold":119,"neow_bonus":"BOSS_RELIC","is_prod":false,"is_daily":false,"chose_seed":false,"campfire_upgraded":0,"win_rate":0,"timestamp":1552170378,"path_taken":["M","$","?","M","?","E","R","E","T","E","M","?","$","M","R","BOSS","M","$","?","M","M","R","E","R","T","R","M","E","M","E","R","BOSS","M","M","?","?","M","R","E","R","T","R","M","?","M","E","R","BOSS","R","$","E","BOSS"],"build_version":"2019-01-23","purchased_purges":4,"victory":true,"max_hp_per_floor":[71,71,71,71,71,71,71,71,71,71,71,71,71,71,71,71,71,71,71,71,71,71,71,78,78,78,78,78,78,78,78,78,78,78,78,78,78,78,78,78,78,78,78,78,78,78,78,78,78,78,78,78,78,78,78],"card_choices":[{"not_picked":["Beam Cell","Rebound"],"picked":"Sunder","floor":1},{"not_picked":["Sunder","Force Field"],"picked":"Darkness","floor":4},{"not_picked":["Compile Driver","Darkness"],"picked":"Redo","floor":6},{"not_picked":["FTL","Turbo"],"picked":"Seek","floor":8},{"not_picked":["Stack","Rebound"],"picked":"Leap","floor":10},{"not_picked":["Sunder","Beam Cell"],"picked":"Stack","floor":11},{"not_picked":["Sunder","Barrage"],"picked":"Glacier","floor":14},{"not_picked":["Electrodynamics","Machine Learning"],"picked":"Multi-Cast","floor":16},{"not_picked":["Turbo","Rebound"],"picked":"Conserve Battery+1","floor":18},{"not_picked":["Hyperbeam","Ball Lightning"],"picked":"Redo+1","floor":21},{"not_picked":["BootSequence","Steam","Go for the Eyes"],"picked":"SKIP","floor":22},{"not_picked":["Conserve Battery","Fusion"],"picked":"Darkness","floor":24},{"not_picked":["Barrage","Beam Cell"],"picked":"FTL","floor":28},{"not_picked":["Doom and Gloom","Gash"],"picked":"Auto Shields","floor":30},{"not_picked":["Rebound","All For One"],"picked":"Capacitor+1","floor":31},{"not_picked":["All For One","Rainbow"],"picked":"Electrodynamics","floor":33},{"not_picked":["Tempest","Steam+1"],"picked":"Rebound+1","floor":35},{"not_picked":["Rebound","Force Field"],"picked":"Stack+1","floor":36},{"not_picked":["Enlightenment","Violence"],"picked":"Apotheosis","floor":38},{"not_picked":["Deep Breath","Forethought"],"picked":"Master of Strategy","floor":38},{"not_picked":["Forethought","Purity"],"picked":"PanicButton","floor":38},{"not_picked":["Doom and Gloom","Ball Lightning"],"picked":"Darkness","floor":39},{"not_picked":["Cold Snap","Glacier"],"picked":"Go for the Eyes+1","floor":41},{"not_picked":["Compile Driver+1","Barrage+1"],"picked":"Loop+1","floor":45},{"not_picked":["Sweeping Beam+1","FTL+1"],"picked":"White Noise+1","floor":46},{"not_picked":["Gash+1","Sunder+1","Sweeping Beam+1"],"picked":"SKIP","floor":47},{"not_picked":["Conserve Battery","Cold Snap+1"],"picked":"Core Surge+1","floor":48},{"not_picked":["Conserve Battery","Genetic Algorithm","Tempest"],"picked":"SKIP","floor":54}],"player_experience":1819312,"relics_obtained":[{"floor":6,"key":"Anchor"},{"floor":8,"key":"Thread and Needle"},{"floor":10,"key":"Mercury Hourglass"},{"floor":24,"key":"Strawberry"},{"floor":24,"key":"Bag of Preparation"},{"floor":26,"key":"Nunchaku"},{"floor":29,"key":"Shovel"},{"floor":29,"key":"Tiny Chest"},{"floor":31,"key":"Whetstone"},{"floor":31,"key":"MawBank"},{"floor":32,"key":"Mummified Hand"},{"floor":41,"key":"Girya"},{"floor":41,"key":"Molten Egg 2"},{"floor":42,"key":"Cables"},{"floor":43,"key":"Blood Vial"},{"floor":44,"key":"FossilizedHelix"},{"floor":46,"key":"Calipers"},{"floor":48,"key":"Potion Belt"},{"floor":48,"key":"Pantograph"},{"floor":49,"key":"Orichalcum"},{"floor":52,"key":"Dodecahedron"},{"floor":54,"key":"DataDisk"},{"floor":54,"key":"Happy Flower"}],"event_choices":[{"damage_healed":0,"gold_gain":50,"player_choice":"Pray","damage_taken":0,"max_hp_gain":0,"max_hp_loss":0,"event_name":"Golden Shrine","floor":3,"gold_loss":0},{"damage_healed":0,"gold_gain":0,"player_choice":"Bought 1 Potion","damage_taken":0,"max_hp_gain":0,"max_hp_loss":0,"event_name":"The Woman in Blue","floor":12,"gold_loss":0},{"damage_healed":0,"gold_gain":0,"player_choice":"Ignored","damage_taken":0,"max_hp_gain":0,"max_hp_loss":0,"event_name":"The Mausoleum","floor":20,"gold_loss":0},{"cards_removed":["Darkness"],"damage_healed":0,"gold_gain":0,"player_choice":"Removed Skill","damage_taken":0,"max_hp_gain":0,"max_hp_loss":0,"event_name":"Falling","floor":37,"gold_loss":0},{"damage_healed":0,"gold_gain":0,"player_choice":"Memory 3","damage_taken":10,"max_hp_gain":0,"max_hp_loss":0,"event_name":"SensoryStone","floor":38,"gold_loss":0},{"damage_healed":0,"gold_gain":0,"player_choice":"Fight","damage_taken":0,"max_hp_gain":0,"max_hp_loss":0,"event_name":"MindBloom","floor":46,"gold_loss":0}],"is_beta":false,"boss_relics":[{"not_picked":["Empty Cage","Calling Bell"],"picked":"Black Star"},{"not_picked":["Coffee Dripper","Cursed Key"],"picked":"Nuclear Battery"}],"items_purged_floors":[5,13,19,53],"is_endless":false,"potions_floor_spawned":[1,6,8,14,21,29,30,36,41,45],"ascension_level":15}