{"gold_per_floor":[125,151,174,14,14,14,42,42,42,61,61,93,105,136,136,235,235,252,262,177,194,194],"floor_reached":22,"playtime":1129,"items_purged":["Strike_B"],"score":268,"play_id":"8c7eb272-21c1-4ac4-a231-387ac6c81a6b","local_time":"20190308132238","is_ascension_mode":true,"campfire_choices":[{"data":"Sunder","floor":6,"key":"SMITH"},{"data":"Zap","floor":8,"key":"SMITH"},{"data":"Go for the Eyes","floor":11,"key":"SMITH"},{"floor":15,"key":"REST"}],"neow_cost":"NONE","seed_source_timestamp":5089568448730,"circlet_count":0,"master_deck":["Strike_B","Defend_B","Defend_B","Defend_B","Defend_B","Zap+1","Dualcast","Melter","Darkness","Conserve Battery","Sunder+1","Coolheaded","Echo Form","Go for the Eyes+1","Buffer","Conserve Battery+1","Compile Driver"],"relics":["Cracked Core","MawBank","Art of War","Matryoshka","Potion Belt","Mango","Empty Cage","Gremlin Horn"],"potions_floor_usage":[7,12,14,21,22],"damage_taken":[{"damage":7,"enemies":"Jaw Worm","floor":1,"turns":3},{"damage":1,"enemies":"Cultist","floor":2,"turns":3},{"damage":0,"enemies":"Small Slimes","floor":3,"turns":2},{"damage":11,"enemies":"3 Sentries","floor":7,"turns":6},{"damage":5,"enemies":"2 Fungi Beasts","floor":10,"turns":3},{"damage":8,"enemies":"Lagavulin","floor":12,"turns":4},{"damage":0,"enemies":"Red Slaver","floor":13,"turns":4},{"damage":36,"enemies":"Gremlin Nob","floor":14,"turns":5},{"damage":16,"enemies":"Hexaghost","floor":16,"turns":8},{"damage":12,"enemies":"Shell Parasite","floor":18,"turns":6},{"damage":8,"enemies":"Chosen","floor":19,"turns":7},{"damage":12,"enemies":"Shelled Parasite and Fungi","floor":21,"turns":5},{"damage":52,"enemies":"3 Cultists","floor":22,"turns":5}],"seed_played":"3560070113270678581","potions_obtained":[{"floor":1,"key":"AttackPotion"},{"floor":7,"key":"Weak Potion"},{"floor":10,"key":"Regen Potion"},{"floor":14,"key":"SpeedPotion"},{"floor":21,"key":"PowerPotion"}],"is_trial":false,"path_per_floor":["M","M","M","$","?","R","E","R","T","M","R","E","M","E","R","B",null,"M","M","?","M","M"],"character_chosen":"DEFECT","items_purchased":["Sunder","Coolheaded"],"campfire_rested":1,"item_purchase_floors":[4,4],"current_hp_per_floor":[61,60,60,60,60,60,49,49,49,44,44,45,45,23,49,33,75,63,55,55,43,0],"gold":194,"neow_bonus":"RANDOM_COMMON_RELIC","is_prod":false,"is_daily":false,"chose_seed":false,"campfire_upgraded":3,"win_rate":0,"timestamp":1552080158,"path_taken":["M","M","M","$","?","R","E","R","T","M","R","E","M","E","R","BOSS","M","M","?","M","M"],"build_version":"2019-01-23","purchased_purges":1,"victory":false,"max_hp_per_floor":[75,75,75,75,75,75,75,75,75,75,75,75,75,89,89,89,89,89,89,89,89,89],"card_choices":[{"not_picked":["Force Field","Stack"],"picked":"Melter","floor":1},{"not_picked":["Aggregate","Gash"],"picked":"Darkness","floor":2},{"not_picked":["Go for the Eyes","Barrage"],"picked":"Conserve Battery","floor":3},{"not_picked":["Hologram","Gash"],"picked":"Echo Form","floor":7},{"not_picked":["Reprogram","Sunder"],"picked":"Go for the Eyes","floor":10},{"not_picked":["Rebound","Force Field","Doom and Gloom"],"picked":"SKIP","floor":12},{"not_picked":["FTL","Heatsinks","Go for the Eyes"],"picked":"SKIP","floor":13},{"not_picked":["Redo","Hologram","Tempest"],"picked":"SKIP","floor":14},{"not_picked":["All For One","Reboot"],"picked":"Buffer","floor":16},{"not_picked":["Recycle","Hologram","Streamline"],"picked":"SKIP","floor":18},{"not_picked":["Hologram","Stack"],"picked":"Conserve Battery+1","floor":19},{"not_picked":["Double Energy+1","FTL"],"picked":"Compile Driver","floor":21}],"player_experience":369547,"relics_obtained":[{"floor":7,"key":"Art of War"},{"floor":9,"key":"Matryoshka"},{"floor":12,"key":"Potion Belt"},{"floor":14,"key":"Mango"}],"event_choices":[{"damage_healed":0,"gold_gain":0,"player_choice":"Leave","damage_taken":0,"max_hp_gain":0,"max_hp_loss":0,"event_name":"The Cleric","floor":5,"gold_loss":0},{"damage_healed":0,"gold_gain":0,"player_choice":"Obtained Relic","damage_taken":0,"relics_obtained":["Gremlin Horn"],"max_hp_gain":0,"max_hp_loss":0,"event_name":"Addict","floor":20,"gold_loss":85}],"is_beta":false,"boss_relics":[{"not_picked":["Ectoplasm","Black Star"],"picked":"Empty Cage"}],"items_purged_floors":[4],"is_endless":false,"potions_floor_spawned":[1,7,10,14,21],"killed_by":"3 Cultists","ascension_level":6}