{"gold_per_floor":[115,129,149,149,149,149,183,183,183,202,214,214,241,302,302,379,379,393,393,413,431,444,444,458,485,485,485,498,498,508,62,62,136,136,156,156,203,203,203,203,232,232,232,232,3,3,20,20,20,20],"floor_reached":51,"playtime":2748,"items_purged":["Redo","Normality"],"score":1422,"play_id":"5b73d981-dfd4-49cc-8315-4afda4e9bd4c","local_time":"20190310175623","is_ascension_mode":true,"campfire_choices":[{"data":"Barrage","floor":6,"key":"SMITH"},{"data":"Go for the Eyes","floor":8,"key":"SMITH"},{"floor":12,"key":"REST"},{"data":"Seek","floor":15,"key":"SMITH"},{"floor":23,"key":"REST"},{"floor":29,"key":"REST"},{"floor":32,"key":"REST"},{"data":"Amplify","floor":42,"key":"SMITH"},{"data":"Coolheaded","floor":46,"key":"SMITH"}],"neow_cost":"NONE","seed_source_timestamp":277264882962045,"circlet_count":0,"master_deck":["AscendersBane","Strike_B+1","Strike_B+1","Strike_B+1","Strike_B+1","Defend_B+1","Defend_B+1","Defend_B+1","Defend_B+1","Zap+1","Dualcast+1","Glacier+1","Go for the Eyes+1","Barrage+1","Doom and Gloom+1","Seek+1","Sweeping Beam+1","Buffer+1","Defragment+1","Conserve Battery+1","Doubt","Defragment+1","Storm+1","Glacier+1","Buffer+1","Conserve Battery+1","Hologram+1","Amplify+1","Coolheaded+1","Loop+1"],"relics":["Cracked Core","Matryoshka","Ice Cream","Pear","Frozen Egg 2","Blue Candle","Cursed Key","Enchiridion","Thread and Needle","Darkstone Periapt","Mummified Hand","DollysMirror","Coffee Dripper","Mango","Mark of the Bloom","Symbiotic Virus","Singing Bowl"],"potions_floor_usage":[13,16,16,22,25,28,30],"damage_taken":[{"damage":1,"enemies":"Cultist","floor":1,"turns":3},{"damage":7,"enemies":"Jaw Worm","floor":2,"turns":4},{"damage":2,"enemies":"2 Louse","floor":3,"turns":5},{"damage":17,"enemies":"3 Sentries","floor":7,"turns":9},{"damage":2,"enemies":"Large Slime","floor":10,"turns":6},{"damage":13,"enemies":"Blue Slaver","floor":11,"turns":3},{"damage":25,"enemies":"Lagavulin","floor":13,"turns":4},{"damage":17,"enemies":"The Guardian","floor":16,"turns":12},{"damage":7,"enemies":"Chosen","floor":18,"turns":4},{"damage":0,"enemies":"3 Byrds","floor":20,"turns":4},{"damage":14,"enemies":"Centurion and Healer","floor":21,"turns":7},{"damage":13,"enemies":"Snake Plant","floor":22,"turns":4},{"damage":4,"enemies":"Snecko","floor":24,"turns":6},{"damage":24,"enemies":"Book of Stabbing","floor":25,"turns":5},{"damage":4,"enemies":"Shelled Parasite and Fungi","floor":28,"turns":8},{"damage":0,"enemies":"Cultist and Chosen","floor":30,"turns":5},{"damage":0,"enemies":"Automaton","floor":33,"turns":10},{"damage":11,"enemies":"3 Darklings","floor":35,"turns":4},{"damage":8,"enemies":"2 Orb Walkers","floor":37,"turns":4},{"damage":0,"enemies":"Nemesis","floor":41,"turns":7},{"damage":0,"enemies":"3 Shapes","floor":47,"turns":2},{"damage":12,"enemies":"Donu and Deca","floor":50,"turns":10}],"seed_played":"3749618867659754012","potions_obtained":[{"floor":1,"key":"Swift Potion"},{"floor":11,"key":"GamblersBrew"},{"floor":13,"key":"SkillPotion"},{"floor":16,"key":"Weak Potion"},{"floor":21,"key":"Explosive Potion"},{"floor":24,"key":"PowerPotion"},{"floor":28,"key":"Regen Potion"},{"floor":30,"key":"Weak Potion"}],"is_trial":false,"path_per_floor":["?","?","?","?","?","?","?","?","?","T"],"character_chosen":"DEFECT","items_purchased":["Storm+1","DollysMirror","Block Potion","Coolheaded","Loop+1"],"campfire_rested":4,"item_purchase_floors":[31,31,31,45,45],"current_hp_per_floor":[63,56,54,59,48,48,31,31,41,39,26,51,26,26,26,9,67,60,39,39,25,12,37,33,9,9,9,5,30,44,44,69,69,82,71,71,77,77,77,77,77,77,77,77,77,77,77,77,77,65],"gold":20,"neow_bonus":"UPGRADE_CARD","is_prod":false,"is_daily":false,"chose_seed":false,"campfire_upgraded":5,"win_rate":0,"timestamp":1552258583,"path_taken":["M","M","M","?","?","R","E","R","T","M","M","R","E","?","R","BOSS","M","?","M","M","M","R","M","E","T","?","M","R","M","$","R","BOSS","M","?","?","?","?","R","E","R","T","R","$","R","M","?","R","BOSS"],"build_version":"2019-01-23","purchased_purges":2,"victory":true,"max_hp_per_floor":[71,71,71,76,76,76,76,76,86,86,86,86,86,86,86,86,86,86,86,86,86,86,86,86,86,86,86,86,86,86,86,86,86,86,86,86,100,100,100,100,100,100,106,106,106,106,108,108,108,108],"card_choices":[{"not_picked":["Rip and Tear","Turbo"],"picked":"Glacier","floor":1},{"not_picked":["Turbo","Rebound"],"picked":"Go for the Eyes","floor":2},{"not_picked":["Chaos","Scrape"],"picked":"Barrage","floor":3},{"not_picked":["Lockon","Double Energy","Barrage"],"picked":"SKIP","floor":7},{"not_picked":["Rip and Tear","Auto Shields"],"picked":"Doom and Gloom","floor":10},{"not_picked":["Undo","Conserve Battery"],"picked":"Seek","floor":11},{"not_picked":["Steam Power","Ball Lightning"],"picked":"Redo","floor":13},{"not_picked":["Amplify","Seek"],"picked":"All For One","floor":16},{"not_picked":["Beam Cell","Streamline","Leap"],"picked":"SKIP","floor":18},{"not_picked":["Gash","Fusion"],"picked":"Sweeping Beam","floor":20},{"not_picked":["Turbo","Ball Lightning"],"picked":"Buffer+1","floor":21},{"not_picked":["Chaos","Static Discharge+1","Auto Shields+1"],"picked":"SKIP","floor":22},{"not_picked":["Sweeping Beam","Blizzard"],"picked":"Defragment+1","floor":24},{"not_picked":["Rebound+1","Cold Snap"],"picked":"Conserve Battery","floor":25},{"not_picked":["Streamline","Rebound"],"picked":"Defragment+1","floor":28},{"not_picked":["Reboot","Ball Lightning","Tempest"],"picked":"SKIP","floor":30},{"not_picked":["Fission","Machine Learning+1"],"picked":"Buffer+1","floor":33},{"not_picked":["Force Field","Lockon"],"picked":"Conserve Battery","floor":35},{"not_picked":["Ball Lightning","Gash"],"picked":"Hologram","floor":37},{"not_picked":["Self Repair+1","Hologram+1"],"picked":"Amplify","floor":41},{"not_picked":["Steam","Redo","Hologram"],"picked":"Singing Bowl","floor":47}],"player_experience":591046,"relics_obtained":[{"floor":7,"key":"Ice Cream"},{"floor":9,"key":"Pear"},{"floor":9,"key":"Frozen Egg 2"},{"floor":13,"key":"Blue Candle"},{"floor":19,"key":"Enchiridion"},{"floor":25,"key":"Thread and Needle"},{"floor":26,"key":"Darkstone Periapt"},{"floor":26,"key":"Mummified Hand"},{"floor":37,"key":"Mango"},{"floor":41,"key":"Symbiotic Virus"},{"floor":43,"key":"Singing Bowl"}],"event_choices":[{"damage_healed":0,"gold_gain":0,"player_choice":"Donut","damage_taken":0,"max_hp_gain":5,"max_hp_loss":0,"event_name":"Big Fish","floor":4,"gold_loss":0},{"damage_healed":0,"gold_gain":0,"player_choice":"Success","damage_taken":11,"relics_obtained":["Matryoshka"],"max_hp_gain":0,"max_hp_loss":0,"event_name":"Scrap Ooze","floor":5,"gold_loss":0},{"damage_healed":0,"gold_gain":61,"player_choice":"Gained Gold","damage_taken":0,"max_hp_gain":0,"max_hp_loss":0,"event_name":"Golden Wing","floor":14,"gold_loss":0},{"damage_healed":0,"gold_gain":0,"player_choice":"Obtained Book","damage_taken":21,"max_hp_gain":0,"max_hp_loss":0,"event_name":"Cursed Tome","floor":19,"gold_loss":0},{"damage_healed":0,"gold_gain":0,"player_choice":"Simplicity","damage_taken":0,"max_hp_gain":0,"max_hp_loss":0,"event_name":"Back to Basics","floor":27,"gold_loss":0,"cards_upgraded":["Strike_B","Strike_B","Strike_B","Strike_B","Defend_B","Defend_B","Defend_B","Defend_B"]},{"damage_healed":0,"gold_gain":0,"player_choice":"Ignored","damage_taken":0,"max_hp_gain":0,"max_hp_loss":0,"event_name":"Tomb of Lord Red Mask","floor":36,"gold_loss":0},{"damage_healed":0,"gold_gain":0,"player_choice":"Fight","damage_taken":0,"max_hp_gain":0,"max_hp_loss":0,"event_name":"Mysterious Sphere","floor":37,"gold_loss":0},{"damage_healed":0,"gold_gain":0,"player_choice":"Upgrade","damage_taken":0,"relics_obtained":["Mark of the Bloom"],"max_hp_gain":0,"max_hp_loss":0,"event_name":"MindBloom","floor":38,"gold_loss":0,"cards_upgraded":["Dualcast","Glacier","Doom and Gloom","All For One","Sweeping Beam","Conserve Battery","Glacier","Conserve Battery","Hologram"]},{"cards_removed":["All For One"],"damage_healed":0,"gold_gain":0,"player_choice":"Removed Attack","damage_taken":0,"max_hp_gain":0,"max_hp_loss":0,"event_name":"Falling","floor":39,"gold_loss":0}],"is_beta":false,"boss_relics":[{"not_picked":["Busted Crown","Tiny House"],"picked":"Cursed Key"},{"not_picked":["Velvet Choker","Philosopher\u0027s Stone"],"picked":"Coffee Dripper"}],"items_purged_floors":[31,45],"is_endless":false,"potions_floor_spawned":[1,11,13,16,21,24,28,30,35,41],"ascension_level":17}