{"gold_per_floor":[367,34,50,50,50,76,86,118,171,171,186,186,197,212,212,310,310,327,327,342,9,26,26,41,41,41,59,59,59,77,94,94,198,198,208,308,325,0,12,12,47,47,47,76,76,76,40,40,40,40,40,40,40,70,70],"floor_reached":55,"playtime":3594,"items_purged":["Strike_G"],"score":964,"play_id":"ef3da73b-f051-4305-b3b4-882e026718cb","local_time":"20190208224707","is_ascension_mode":true,"campfire_choices":[{"data":"Dash","floor":10,"key":"SMITH"},{"data":"Deadly Poison","floor":12,"key":"SMITH"},{"data":"Footwork","floor":15,"key":"SMITH"},{"data":"Neutralize","floor":23,"key":"SMITH"},{"data":"Catalyst","floor":25,"key":"SMITH"},{"data":"Crippling Poison","floor":29,"key":"SMITH"},{"data":"Noxious Fumes","floor":32,"key":"SMITH"},{"data":"After Image","floor":40,"key":"SMITH"},{"data":"Burst","floor":42,"key":"SMITH"},{"floor":45,"key":"RECALL"},{"floor":49,"key":"REST"},{"data":"Noxious Fumes","floor":52,"key":"SMITH"}],"neow_cost":"PERCENT_DAMAGE","seed_source_timestamp":244183295415200,"circlet_count":0,"master_deck":["Defend_G","Defend_G","Defend_G","Defend_G","Defend_G","Survivor","Neutralize+1","Dash+1","Die Die Die","Skewer+1","Footwork+1","Dodge and Roll","PiercingWail","Deadly Poison+1","Backflip","Burst+1","Catalyst+1","Crippling Poison+1","Bane+1","Noxious Fumes+1","Noxious Fumes+1","Bite","Bite","Bite+1","Bite","Bite","After Image+1","Burst","Caltrops","Adrenaline","Poisoned Stab+1"],"relics":["Ring of the Snake","Paper Crane","Vajra","Sozu","TwistedFunnel","Singing Bowl","Velvet Choker","Torii","Red Mask","Pocketwatch","Potion Belt","Whetstone"],"potions_floor_usage":[8,16,16,50],"damage_taken":[{"damage":1,"enemies":"Jaw Worm","floor":1,"turns":5},{"damage":0,"enemies":"Cultist","floor":3,"turns":4},{"damage":8,"enemies":"3 Sentries","floor":6,"turns":7},{"damage":0,"enemies":"2 Louse","floor":7,"turns":2},{"damage":0,"enemies":"Gremlin Nob","floor":8,"turns":4},{"damage":0,"enemies":"Large Slime","floor":11,"turns":7},{"damage":0,"enemies":"2 Fungi Beasts","floor":13,"turns":2},{"damage":0,"enemies":"3 Louse","floor":14,"turns":2},{"damage":3,"enemies":"The Guardian","floor":16,"turns":11},{"damage":0,"enemies":"Spheric Guardian","floor":18,"turns":6},{"damage":6,"enemies":"3 Byrds","floor":20,"turns":8},{"damage":3,"enemies":"Sentry and Sphere","floor":22,"turns":4},{"damage":12,"enemies":"Chosen and Byrds","floor":24,"turns":4},{"damage":3,"enemies":"Snake Plant","floor":27,"turns":4},{"damage":11,"enemies":"Shelled Parasite and Fungi","floor":30,"turns":7},{"damage":10,"enemies":"Sentry and Sphere","floor":31,"turns":4},{"damage":17,"enemies":"Automaton","floor":33,"turns":10},{"damage":0,"enemies":"Orb Walker","floor":35,"turns":2},{"damage":20,"enemies":"Mind Bloom Boss Battle","floor":36,"turns":7},{"damage":4,"enemies":"3 Shapes","floor":37,"turns":3},{"damage":37,"enemies":"Spire Growth","floor":39,"turns":6},{"damage":0,"enemies":"Giant Head","floor":41,"turns":7},{"damage":40,"enemies":"Nemesis","floor":44,"turns":7},{"damage":82,"enemies":"Awakened One","floor":50,"turns":19},{"damage":17,"enemies":"Shield and Spear","floor":54,"turns":6},{"damage":98,"enemies":"The Heart","floor":55,"turns":8}],"seed_played":"3493191249896809851","potions_obtained":[{"floor":3,"key":"Block Potion"},{"floor":13,"key":"Poison Potion"},{"floor":14,"key":"AttackPotion"},{"floor":16,"key":"Dexterity Potion"}],"is_trial":false,"path_per_floor":["M","$","M","?","?","E","M","E","T","R","M","R","M","M","R","B",null,"M","?","M","$","M","R","M","R","T","M","?","R","M","M","R","B",null,"M","?","M","?","M","R","E","R","T","E","R","?","$","?","R","B",null,"R","$","E","B"],"character_chosen":"THE_SILENT","items_purchased":["Die Die Die","Skewer","Footwork","Crippling Poison","TwistedFunnel","Bane","Caltrops"],"campfire_rested":1,"item_purchase_floors":[2,2,2,21,21,21,47],"current_hp_per_floor":[48,48,48,48,48,40,40,40,40,40,42,42,44,46,46,45,70,70,57,53,53,52,52,42,42,42,41,41,41,46,40,40,43,79,81,73,73,73,50,50,62,62,62,36,36,38,38,38,65,17,91,91,91,80,0],"gold":70,"neow_bonus":"TWO_FIFTY_GOLD","is_prod":false,"is_daily":false,"chose_seed":false,"campfire_upgraded":10,"win_rate":0,"timestamp":1549684027,"path_taken":["M","$","M","?","?","E","M","E","T","R","M","R","?","M","R","BOSS","M","?","M","$","M","R","M","R","T","M","?","R","M","M","R","BOSS","M","?","M","?","M","R","E","R","T","E","R","?","$","?","R","BOSS","R","$","E","BOSS"],"build_version":"2019-01-23","purchased_purges":1,"victory":false,"max_hp_per_floor":[70,70,70,70,70,70,70,70,70,70,70,70,70,70,70,70,70,70,75,75,75,75,75,75,75,75,75,75,75,77,79,79,79,79,81,83,85,85,85,85,87,87,87,89,89,91,91,91,91,91,91,91,91,91,91],"card_choices":[{"not_picked":["Flying Knee","Blade Dance"],"picked":"Dash","floor":1},{"not_picked":["Catalyst","Outmaneuver"],"picked":"Dodge and Roll","floor":3},{"not_picked":["Predator","Prepared","Grand Finale"],"picked":"SKIP","floor":6},{"not_picked":["Underhanded Strike","Skewer","Deflect"],"picked":"SKIP","floor":7},{"not_picked":["Tactician","Catalyst"],"picked":"PiercingWail","floor":8},{"not_picked":["Setup","Outmaneuver"],"picked":"Deadly Poison","floor":11},{"not_picked":["Masterful Stab","Dagger Throw","Predator"],"picked":"SKIP","floor":13},{"not_picked":["Concentrate","Accuracy"],"picked":"Backflip","floor":14},{"not_picked":["A Thousand Cuts","Phantasmal Killer"],"picked":"Burst","floor":16},{"not_picked":["Dagger Spray","Escape Plan","Quick Slash"],"picked":"SKIP","floor":18},{"not_picked":["Underhanded Strike","Deadly Poison"],"picked":"Catalyst","floor":20},{"not_picked":["Dagger Throw","Infinite Blades","Flechettes+1"],"picked":"SKIP","floor":22},{"not_picked":["Escape Plan","Bane+1"],"picked":"Noxious Fumes","floor":24},{"not_picked":["Reflex","Deadly Poison+1"],"picked":"Noxious Fumes","floor":27},{"not_picked":["Dagger Spray","Blade Dance","Underhanded Strike"],"picked":"Singing Bowl","floor":30},{"not_picked":["Blade Dance+1","Tactician","Flying Knee"],"picked":"Singing Bowl","floor":31},{"not_picked":["Tools of the Trade","Bullet Time"],"picked":"After Image","floor":33},{"not_picked":["Prepared+1","Cloak And Dagger","Slice"],"picked":"Singing Bowl","floor":35},{"not_picked":["Deadly Poison+1","Backstab","Flying Knee"],"picked":"Singing Bowl","floor":36},{"not_picked":["Dash+1","Flying Knee","Poisoned Stab"],"picked":"Singing Bowl","floor":37},{"not_picked":["Setup+1","Acrobatics"],"picked":"Burst","floor":39},{"not_picked":["Cloak And Dagger+1","Dodge and Roll","Deadly Poison+1"],"picked":"Singing Bowl","floor":41},{"not_picked":["Finisher","Tactician","Escape Plan"],"picked":"Singing Bowl","floor":44},{"not_picked":["Master of Strategy","PanicButton","Panacea"],"picked":"Singing Bowl","floor":46},{"not_picked":["Deadly Poison","Dagger Throw"],"picked":"Poisoned Stab+1","floor":54}],"player_experience":166686,"relics_obtained":[{"floor":6,"key":"Paper Crane"},{"floor":8,"key":"Blood Vial"},{"floor":9,"key":"Vajra"},{"floor":26,"key":"Singing Bowl"},{"floor":36,"key":"Torii"},{"floor":41,"key":"Pocketwatch"},{"floor":44,"key":"Potion Belt"},{"floor":54,"key":"Whetstone"}],"event_choices":[{"cards_removed":["Strike_G"],"damage_healed":0,"gold_gain":0,"player_choice":"Forget","damage_taken":0,"max_hp_gain":0,"max_hp_loss":0,"event_name":"Living Wall","floor":4,"gold_loss":0},{"damage_healed":0,"gold_gain":0,"player_choice":"Forge","damage_taken":0,"max_hp_gain":0,"max_hp_loss":0,"event_name":"Accursed Blacksmith","floor":5,"gold_loss":0,"cards_upgraded":["Skewer"]},{"damage_healed":0,"gold_gain":0,"player_choice":"Shed Blood","damage_taken":18,"max_hp_gain":5,"max_hp_loss":0,"event_name":"Forgotten Altar","floor":19,"gold_loss":0},{"damage_healed":0,"gold_gain":0,"player_choice":"Became a vampire (Vial)","damage_taken":0,"max_hp_gain":0,"max_hp_loss":0,"event_name":"Vampires","floor":28,"relics_lost":["Blood Vial"],"gold_loss":0,"cards_obtained":["Bite","Bite","Bite","Bite","Bite"]},{"damage_healed":0,"gold_gain":0,"player_choice":"Fight","damage_taken":0,"max_hp_gain":0,"max_hp_loss":0,"event_name":"MindBloom","floor":36,"gold_loss":0},{"damage_healed":0,"gold_gain":0,"player_choice":"Paid","damage_taken":0,"relics_obtained":["Red Mask"],"max_hp_gain":0,"max_hp_loss":0,"event_name":"Tomb of Lord Red Mask","floor":38,"gold_loss":325},{"damage_healed":0,"gold_gain":0,"player_choice":"Memory 1","damage_taken":0,"max_hp_gain":0,"max_hp_loss":0,"event_name":"SensoryStone","floor":46,"gold_loss":0},{"damage_healed":0,"gold_gain":0,"player_choice":"1 cards matched","damage_taken":0,"max_hp_gain":0,"max_hp_loss":0,"event_name":"Match and Keep!","floor":48,"gold_loss":0,"cards_obtained":["Adrenaline"]}],"is_beta":false,"boss_relics":[{"not_picked":["Orrery","Calling Bell"],"picked":"Sozu"},{"not_picked":["Fusion Hammer","Runic Dome"],"picked":"Velvet Choker"}],"items_purged_floors":[2],"is_endless":false,"potions_floor_spawned":[3,13,14,16,18,20,30,35,36],"killed_by":"The Heart","ascension_level":4}