{"gold_per_floor":[117,117,134,181,194,194,194,194,276,276,276,178,210,11,11,106,106,117,136,136,65,82,82,82,93,93,108,108,125,50,67,67,164,164,183,183,201,214,234,234,252,252,275,175,185,197,72,72,72,72],"floor_reached":51,"playtime":4324,"items_purged":["Shame","Pain","Doubt"],"score":624,"play_id":"c4e5a1d5-de95-4e97-b0c5-cced5a114aed","local_time":"20180930173801","is_ascension_mode":false,"campfire_choices":[{"data":"Footwork","floor":6.0,"key":"SMITH"},{"data":"Neutralize","floor":8.0,"key":"SMITH"},{"data":"Deadly Poison","floor":10.0,"key":"SMITH"},{"data":"Deadly Poison","floor":15.0,"key":"SMITH"},{"data":"Catalyst","floor":24.0,"key":"SMITH"},{"data":"Bouncing Flask","floor":28.0,"key":"SMITH"},{"data":"Leg Sweep","floor":32.0,"key":"SMITH"},{"data":"Well Laid Plans","floor":40,"key":"SMITH"},{"data":"Tools of the Trade","floor":42,"key":"SMITH"},{"data":"PiercingWail","floor":49,"key":"SMITH"}],"neow_cost":"NONE","seed_source_timestamp":1317487998495087,"circlet_count":0,"master_deck":["Defend_G","Defend_G","Defend_G","Defend_G","Defend_G","Strike_G","Strike_G","Strike_G","Strike_G","Survivor","Neutralize+1","Footwork+1","Leg Sweep+1","Deadly Poison+1","Dodge and Roll","Deadly Poison+1","Backflip","Backflip","Die Die Die","Blur","Catalyst+1","Well Laid Plans+1","Bouncing Flask+1","Dodge and Roll","PiercingWail+1","Outmaneuver","Prepared+1","Tools of the Trade+1","Tactician+1","Footwork+1","Malaise","Deflect","Backflip","Reflex+1","Blur"],"special_seed":0,"relics":["Ring of the Snake","Lantern","Bronze Scales","Art of War","Blue Candle","Prayer Wheel","Snake Skull","Calling Bell","Orichalcum","Paper Crane","Bird Faced Urn","Shuriken","Darkstone Periapt","Philosopher\u0027s Stone","Boot","Pantograph"],"potions_floor_usage":[37],"damage_taken":[{"damage":0.0,"enemies":"Jaw Worm","floor":1.0,"turns":5.0},{"damage":0.0,"enemies":"Small Slimes","floor":3.0,"turns":3.0},{"damage":0.0,"enemies":"Cultist","floor":5.0,"turns":3.0},{"damage":12.0,"enemies":"Gremlin Nob","floor":13.0,"turns":4.0},{"damage":18.0,"enemies":"Slime Boss","floor":16.0,"turns":14.0},{"damage":3.0,"enemies":"Spheric Guardian","floor":18.0,"turns":5.0},{"damage":5.0,"enemies":"Shell Parasite","floor":19.0,"turns":5.0},{"damage":7.0,"enemies":"Snake Plant","floor":22.0,"turns":5.0},{"damage":4.0,"enemies":"Centurion and Healer","floor":25.0,"turns":8.0},{"damage":6.0,"enemies":"Cultist and Chosen","floor":27.0,"turns":7.0},{"damage":1.0,"enemies":"Shelled Parasite and Fungi","floor":29.0,"turns":4.0},{"damage":1.0,"enemies":"Centurion and Healer","floor":31.0,"turns":7.0},{"damage":43.0,"enemies":"Automaton","floor":33.0,"turns":13.0},{"damage":0,"enemies":"3 Shapes","floor":35,"turns":9},{"damage":10,"enemies":"Orb Walker","floor":37,"turns":3},{"damage":11,"enemies":"3 Darklings","floor":38,"turns":5},{"damage":27,"enemies":"Sphere and 2 Shapes","floor":39,"turns":7},{"damage":0,"enemies":"Reptomancer","floor":41,"turns":6},{"damage":0,"enemies":"Maw","floor":45,"turns":4},{"damage":0,"enemies":"Transient","floor":46,"turns":5},{"damage":15,"enemies":"Time Eater","floor":50,"turns":15}],"seed_played":"-2956855733295644972","potions_obtained":[{"floor":1.0,"key":"PowerPotion"},{"floor":3.0,"key":"FearPotion"},{"floor":5.0,"key":"Weak Potion"},{"floor":22.0,"key":"Regen Potion"},{"floor":41,"key":"Energy Potion"}],"is_trial":false,"path_per_floor":["M","?","M","T","M","R","?","R","T","R","?","$","E","$","R","B",null,"M","M","T","$","M","?","R","M","T","M","R","M","$","M","R","B",null,"M","?","M","M","M","R","M","R","T","$","M","M","$","T","R","B"],"character_chosen":"THE_SILENT","items_purchased":["Dodge and Roll","Deadly Poison","Backflip","Snake Skull","Catalyst"],"campfire_rested":0,"item_purchase_floors":[12,12,14,14,21],"current_hp_per_floor":[70,52,52,52,52,52,57,57,57,57,57,57,45,45,45,27,75,73,70,70,70,65,65,65,65,65,63,63,66,66,69,69,30,75,75,71,62,55,34,34,42,42,42,42,48,56,56,56,56,62],"gold":72,"neow_bonus":"RANDOM_COMMON_RELIC","is_prod":false,"is_daily":false,"chose_seed":false,"campfire_upgraded":10,"win_rate":0,"timestamp":1538293081,"path_taken":["M","?","?","?","M","R","?","R","T","R","?","$","E","$","R","BOSS","M","M","?","$","M","?","R","M","T","M","R","M","$","M","R","BOSS","M","?","M","?","?","R","M","R","T","$","M","?","$","?","R","BOSS"],"build_version":"2018-09-27","purchased_purges":3,"victory":true,"max_hp_per_floor":[70,70,70,70,70,70,75,75,75,75,75,75,75,75,75,75,75,75,75,75,75,75,75,75,75,75,75,75,75,75,75,75,75,75,75,71,71,71,71,71,71,71,71,71,71,71,71,71,71,71],"card_choices":[{"not_picked":["Dagger Spray","Concentrate"],"picked":"Footwork","floor":1.0},{"not_picked":["Outmaneuver","Backflip"],"picked":"Leg Sweep","floor":3.0},{"not_picked":["Footwork","Outmaneuver"],"picked":"Deadly Poison","floor":5.0},{"not_picked":["Outmaneuver","Cloak And Dagger"],"picked":"Backflip","floor":13.0},{"not_picked":["A Thousand Cuts","Phantasmal Killer"],"picked":"Die Die Die","floor":16.0},{"not_picked":["Flying Knee+1","Leg Sweep"],"picked":"Blur","floor":18.0},{"not_picked":["Flechettes","Riddle With Holes","Underhanded Strike"],"picked":"SKIP","floor":18.0},{"not_picked":["Calculated Gamble","Cloak And Dagger","Riddle With Holes"],"picked":"SKIP","floor":19.0},{"not_picked":["Noxious Fumes","Concentrate+1","Reflex"],"picked":"SKIP","floor":19.0},{"not_picked":["Dodge and Roll+1","Masterful Stab"],"picked":"Well Laid Plans","floor":22.0},{"not_picked":["Quick Slash+1","Flying Knee","Terror"],"picked":"SKIP","floor":22.0},{"not_picked":["Bane","Calculated Gamble"],"picked":"Bouncing Flask","floor":25.0},{"not_picked":["Concentrate","Quick Slash","Backstab"],"picked":"SKIP","floor":25.0},{"not_picked":["Blade Dance+1","Deadly Poison"],"picked":"Dodge and Roll","floor":27.0},{"not_picked":["Crippling Poison","Poisoned Stab","Sucker Punch"],"picked":"SKIP","floor":27.0},{"not_picked":["Bane","Cloak And Dagger"],"picked":"PiercingWail","floor":29.0},{"not_picked":["Masterful Stab","Acrobatics+1","Grand Finale"],"picked":"SKIP","floor":29.0},{"not_picked":["Quick Slash","Dodge and Roll+1","Cloak And Dagger"],"picked":"SKIP","floor":31.0},{"not_picked":["Caltrops","Cloak And Dagger+1","Backstab"],"picked":"SKIP","floor":31.0},{"not_picked":["Setup+1","Deadly Poison"],"picked":"Outmaneuver","floor":35},{"not_picked":["Flying Knee+1","Dodge and Roll","Choke"],"picked":"SKIP","floor":35},{"not_picked":["Flying Knee+1","Dodge and Roll","Choke"],"picked":"SKIP","floor":35},{"not_picked":["Dagger Throw+1","PiercingWail+1"],"picked":"Prepared+1","floor":37},{"not_picked":["Poisoned Stab","Bane+1","Prepared+1"],"picked":"SKIP","floor":37},{"not_picked":["Backflip","Accuracy+1"],"picked":"Tools of the Trade","floor":38},{"not_picked":["Sucker Punch+1","Dagger Throw"],"picked":"Tactician+1","floor":38},{"not_picked":["Blade Dance","Backflip"],"picked":"Footwork+1","floor":39},{"not_picked":["Quick Slash+1","Dodge and Roll"],"picked":"Malaise","floor":39},{"not_picked":["Distraction","Dodge and Roll+1"],"picked":"Deflect","floor":41},{"not_picked":["Predator+1","Skewer+1"],"picked":"Backflip","floor":41},{"not_picked":["Well Laid Plans","Accuracy"],"picked":"Reflex+1","floor":45},{"not_picked":["Bane","Predator+1","Slice"],"picked":"SKIP","floor":45},{"not_picked":["Escape Plan+1","Bouncing Flask"],"picked":"Blur","floor":46},{"not_picked":["Infinite Blades","PiercingWail+1","All Out Attack+1"],"picked":"SKIP","floor":46}],"player_experience":433105,"relics_obtained":[{"floor":4.0,"key":"Art of War"},{"floor":9.0,"key":"Blue Candle"},{"floor":13.0,"key":"Prayer Wheel"},{"floor":17.0,"key":"Orichalcum"},{"floor":17.0,"key":"Paper Crane"},{"floor":17.0,"key":"Bird Faced Urn"},{"floor":20.0,"key":"Shuriken"},{"floor":26.0,"key":"Darkstone Periapt"},{"floor":43,"key":"Boot"},{"floor":48,"key":"Pantograph"}],"event_choices":[{"event_name":"Scrap Ooze","player_choice":"success","floor":2.0,"damage_taken":18.0},{"event_name":"Big Fish","player_choice":"Donut","floor":7.0,"damage_taken":0.0},{"event_name":"Bonfire Elementals","player_choice":"BASIC","floor":11.0,"damage_taken":0.0},{"event_name":"Ghosts","player_choice":"Ignored","floor":23.0,"damage_taken":0.0},{"event_name":"Winding Halls","player_choice":"Max HP","floor":36,"damage_taken":0}],"is_beta":false,"boss_relics":[{"not_picked":["Eternal Feather","Orrery"],"picked":"Calling Bell"},{"not_picked":["Runic Pyramid","Empty Cage"],"picked":"Philosopher\u0027s Stone"}],"items_purged_floors":[30,44,47],"is_endless":false,"potions_floor_spawned":[1,3,5,22,25,29,33,41,45,46],"ascension_level":0}