{"gold_per_floor":[115,34,49,68,87,87,116,116,171,190,190,206,236,186,186,290,290,305,305,323,335,114,114],"floor_reached":23,"playtime":1026,"items_purged":["Pain"],"score":284,"play_id":"64bd4f10-b22d-4db3-9dc9-4ef9c2ec1021","local_time":"20190302124926","is_ascension_mode":true,"campfire_choices":[{"data":"Zap","floor":6.0,"key":"SMITH"},{"data":"Defragment","floor":11.0,"key":"SMITH"},{"floor":15.0,"key":"REST"}],"neow_cost":"NONE","seed_source_timestamp":1418004223998000,"circlet_count":0,"master_deck":["Strike_B","Strike_B","Strike_B","Defend_B","Defend_B","Defend_B","Defend_B","Zap+1","Dualcast","Cold Snap","Defragment","Compile Driver","Conserve Battery","Defragment+1","Electrodynamics","Capacitor","Loop","Coolheaded","Echo Form","Decay","Undo","Darkness+1"],"special_seed":0,"relics":["Cracked Core","NeowsBlessing","Pantograph","Omamori","Bag of Marbles","Centennial Puzzle","Calling Bell","Pen Nib","Darkstone Periapt","Calipers","WarpedTongs","Strawberry"],"potions_floor_usage":[23,23],"damage_taken":[{"damage":0.0,"enemies":"2 Louse","floor":1.0,"turns":1.0},{"damage":0.0,"enemies":"Small Slimes","floor":3.0,"turns":1.0},{"damage":0.0,"enemies":"Cultist","floor":4.0,"turns":1.0},{"damage":12.0,"enemies":"2 Fungi Beasts","floor":5.0,"turns":4.0},{"damage":14.0,"enemies":"Lagavulin","floor":7.0,"turns":7.0},{"damage":9.0,"enemies":"Blue Slaver","floor":10.0,"turns":3.0},{"damage":16.0,"enemies":"Lots of Slimes","floor":12.0,"turns":3.0},{"damage":8.0,"enemies":"Gremlin Nob","floor":13.0,"turns":3.0},{"damage":13.0,"enemies":"Slime Boss","floor":16.0,"turns":6.0},{"damage":31.0,"enemies":"Shell Parasite","floor":18.0,"turns":6.0},{"damage":11.0,"enemies":"Chosen","floor":20.0,"turns":5.0},{"damage":6,"enemies":"3 Cultists","floor":21,"turns":3},{"damage":33,"enemies":"Slavers","floor":23,"turns":3}],"seed_played":"1079925205650334718","potions_obtained":[{"floor":3.0,"key":"SpeedPotion"},{"floor":5.0,"key":"SteroidPotion"},{"floor":10.0,"key":"Weak Potion"},{"floor":13.0,"key":"LiquidBronze"},{"floor":18.0,"key":"AttackPotion"},{"floor":21,"key":"PowerPotion"}],"is_trial":false,"path_per_floor":["M","$","M","M","M","R","E","?","T","M","R","M","E","?","R","B",null,"M","?","M","M","$","E"],"character_chosen":"DEFECT","items_purchased":["Defragment","Strawberry"],"campfire_rested":1,"item_purchase_floors":[2,22],"current_hp_per_floor":[68,68,68,68,56,56,42,39,39,30,30,14,6,6,28,40,66,35,41,30,24,31,0],"gold":114,"neow_bonus":"THREE_ENEMY_KILL","is_prod":false,"is_daily":false,"chose_seed":false,"campfire_upgraded":2,"win_rate":0,"timestamp":1551548966,"path_taken":["M","$","M","M","M","R","E","?","T","M","R","M","E","?","R","BOSS","M","?","M","M","$","E"],"build_version":"2019-01-23","purchased_purges":1,"victory":false,"max_hp_per_floor":[75,75,75,75,75,75,75,75,75,75,75,75,75,75,75,75,75,75,81,81,81,88,88],"card_choices":[{"not_picked":["Loop","Fusion"],"picked":"Cold Snap","floor":1.0},{"not_picked":["Go for the Eyes","Stack"],"picked":"Compile Driver","floor":3.0},{"not_picked":["Steam","Capacitor"],"picked":"Conserve Battery","floor":4.0},{"not_picked":["Leap","Hologram"],"picked":"Defragment","floor":5.0},{"not_picked":["Barrage","Beam Cell"],"picked":"Electrodynamics","floor":7.0},{"not_picked":["Rebound","Conserve Battery"],"picked":"Capacitor","floor":10.0},{"not_picked":["Doom and Gloom","Redo"],"picked":"Loop","floor":12.0},{"not_picked":["Chaos","Doom and Gloom"],"picked":"Coolheaded","floor":13.0},{"not_picked":["Meteor Strike","Seek"],"picked":"Echo Form","floor":16.0},{"not_picked":["Hologram","Turbo"],"picked":"Undo","floor":18.0},{"not_picked":["Go for the Eyes+1","Heatsinks+1","Chaos"],"picked":"SKIP","floor":20.0},{"not_picked":["Lockon","Cold Snap"],"picked":"Darkness+1","floor":21}],"player_experience":324593,"relics_obtained":[{"floor":7.0,"key":"Pantograph"},{"floor":9.0,"key":"Bag of Marbles"},{"floor":13.0,"key":"Centennial Puzzle"},{"floor":17.0,"key":"Pen Nib"},{"floor":17.0,"key":"Darkstone Periapt"},{"floor":17.0,"key":"Calipers"}],"event_choices":[{"damage_healed":0.0,"max_hp_gain":0.0,"max_hp_loss":0.0,"gold_gain":0.0,"event_name":"Scrap Ooze","player_choice":"Success","floor":8.0,"gold_loss":0.0,"damage_taken":3.0,"relics_obtained":["Omamori"]},{"cards_removed":["Strike_B"],"damage_healed":0.0,"max_hp_gain":0.0,"max_hp_loss":0.0,"gold_gain":0.0,"event_name":"The Cleric","player_choice":"Card Removal","floor":14.0,"gold_loss":50.0,"damage_taken":0.0},{"damage_healed":0.0,"max_hp_gain":0.0,"max_hp_loss":0.0,"gold_gain":0.0,"event_name":"Accursed Blacksmith","player_choice":"Rummage","floor":19.0,"gold_loss":0.0,"damage_taken":0.0,"relics_obtained":["WarpedTongs"],"cards_obtained":["Pain"]}],"is_beta":false,"boss_relics":[{"not_picked":["Empty Cage","Fusion Hammer"],"picked":"Calling Bell"}],"items_purged_floors":[22],"is_endless":false,"potions_floor_spawned":[3,5,10,13,18,21],"killed_by":"Slavers","ascension_level":8}