{"gold_per_floor":[115,115,132,145,165,165,191,191,191,219,20,30,30,40,40,40],"floor_reached":16,"playtime":1120,"items_purged":[],"score":146,"play_id":"91ae68db-19c8-40f8-85d3-ca6b40f2d34f","local_time":"20190209230704","is_ascension_mode":true,"campfire_choices":[{"data":"Dagger Spray","floor":6,"key":"SMITH"},{"data":"Neutralize","floor":8,"key":"SMITH"},{"floor":15,"key":"REST"}],"neow_cost":"NONE","seed_source_timestamp":344798542003400,"circlet_count":0,"master_deck":["Defend_G","Defend_G","Defend_G","Defend_G+1","Defend_G","Strike_G","Strike_G","Strike_G","Strike_G+1","Strike_G","Survivor","Neutralize+1","Wraith Form v2","Dagger Spray+1","Well Laid Plans","Caltrops","Backflip","Malaise","Terror","Footwork+1"],"relics":["Ring of the Snake","Omamori","Frozen Egg 2","Peace Pipe","TheAbacus"],"potions_floor_usage":[12,12,16,16],"damage_taken":[{"damage":0,"enemies":"Jaw Worm","floor":1,"turns":5},{"damage":1,"enemies":"Small Slimes","floor":3,"turns":3},{"damage":0,"enemies":"Cultist","floor":4,"turns":4},{"damage":1,"enemies":"Blue Slaver","floor":5,"turns":4},{"damage":12,"enemies":"3 Sentries","floor":7,"turns":5},{"damage":25,"enemies":"Lagavulin","floor":10,"turns":13},{"damage":9,"enemies":"Exordium Thugs","floor":12,"turns":6},{"damage":0,"enemies":"Looter","floor":14,"turns":4},{"damage":40,"enemies":"Slime Boss","floor":16,"turns":15}],"seed_played":"-7875674487575925269","potions_obtained":[{"floor":5,"key":"GamblersBrew"},{"floor":7,"key":"Swift Potion"},{"floor":10,"key":"Regen Potion"},{"floor":14,"key":"Poison Potion"}],"is_trial":false,"path_per_floor":["M","?","M","M","M","R","E","R","T","E","$","M","?","M","R","B"],"character_chosen":"THE_SILENT","items_purchased":["TheAbacus"],"campfire_rested":1,"item_purchase_floors":[11],"current_hp_per_floor":[63,49,48,48,47,47,35,35,35,10,10,16,16,16,37,0],"gold":40,"neow_bonus":"ONE_RANDOM_RARE_CARD","is_prod":false,"is_daily":false,"chose_seed":false,"campfire_upgraded":2,"win_rate":0,"timestamp":1549771624,"path_taken":["M","?","M","M","M","R","E","R","T","E","$","M","?","M","R","BOSS"],"build_version":"2019-01-23","purchased_purges":0,"victory":false,"max_hp_per_floor":[70,70,70,70,70,70,70,70,70,70,70,70,70,70,70,70],"card_choices":[{"not_picked":["Underhanded Strike","Acrobatics"],"picked":"Dagger Spray","floor":1},{"not_picked":["Dagger Throw","Blade Dance"],"picked":"Well Laid Plans","floor":3},{"not_picked":["PiercingWail","Cloak And Dagger"],"picked":"Caltrops","floor":4},{"not_picked":["Flechettes","Bane"],"picked":"Backflip","floor":5},{"not_picked":["Expertise","All Out Attack"],"picked":"Malaise","floor":7},{"not_picked":["Bane","Dagger Spray"],"picked":"Terror","floor":10},{"not_picked":["Acrobatics","Underhanded Strike","All Out Attack"],"picked":"SKIP","floor":12},{"not_picked":["Calculated Gamble","Terror"],"picked":"Footwork+1","floor":14}],"player_experience":184761,"relics_obtained":[{"floor":7,"key":"Omamori"},{"floor":9,"key":"Frozen Egg 2"},{"floor":10,"key":"Peace Pipe"}],"event_choices":[{"damage_healed":0,"gold_gain":0,"player_choice":"Entered Light","damage_taken":14,"max_hp_gain":0,"max_hp_loss":0,"event_name":"Shining Light","floor":2,"gold_loss":0,"cards_upgraded":["Strike_G","Defend_G"]},{"damage_healed":0,"gold_gain":0,"player_choice":"Ignored","damage_taken":0,"max_hp_gain":0,"max_hp_loss":0,"event_name":"Liars Game","floor":13,"gold_loss":0}],"is_beta":false,"boss_relics":[],"items_purged_floors":[],"is_endless":false,"potions_floor_spawned":[5,7,10,14],"killed_by":"Slime Boss","ascension_level":6}