{"gold_per_floor":[119,137,151,151,22,22,47,47,47,57,57,74,88,113,113,188,188,207,207,219,238,138,138,188,188,239,271,271,321,354,371,371,450,450,470,520,85,132,56,56,66,94,94,125,125,140,140,175,175,175,175,175,175,34,61,61],"floor_reached":56,"playtime":2524,"items_purged":["Strike_G","Pain","Strike_G","Strike_G"],"score":2037,"play_id":"4607d1d8-9651-4b34-9404-f274d9c8ea33","local_time":"20190123141201","is_ascension_mode":true,"campfire_choices":[{"floor":6.0,"key":"REST"},{"data":"Crippling Poison","floor":8.0,"key":"SMITH"},{"data":"Noxious Fumes","floor":11.0,"key":"SMITH"},{"floor":15.0,"key":"REST"},{"data":"Wraith Form v2","floor":23.0,"key":"SMITH"},{"data":"Deadly Poison","floor":25.0,"key":"SMITH"},{"data":"Poisoned Stab","floor":28.0,"key":"SMITH"},{"floor":32.0,"key":"REST"},{"floor":40.0,"key":"REST"},{"floor":45,"key":"REST"},{"floor":47,"key":"RECALL"},{"floor":49,"key":"REST"},{"floor":53,"key":"REST"}],"neow_cost":"NONE","seed_source_timestamp":649699267140507,"circlet_count":0,"master_deck":["AscendersBane","Defend_G","Defend_G","Defend_G","Defend_G","Defend_G","Strike_G","Strike_G","Survivor+1","Neutralize+1","Dagger Throw","Poisoned Stab+1","Crippling Poison+1","Noxious Fumes+1","Poisoned Stab+1","Escape Plan","Deadly Poison+1","PiercingWail+1","Wraith Form v2+1","Poisoned Stab+1","Bouncing Flask+1","Dodge and Roll+1","Bouncing Flask+1","Catalyst+1","Backflip+1","Corpse Explosion+1","Acrobatics+1","Adrenaline+1","Catalyst+1","Prepared+1","Deadly Poison+1","Dodge and Roll+1","Skewer+1"],"special_seed":0,"relics":["Ring of the Snake","Art of War","Ninja Scroll","Molten Egg 2","Toxic Egg 2","Sozu","WarpedTongs","Happy Flower","Shuriken","Strawberry","Velvet Choker","Bag of Preparation","Centennial Puzzle","Ice Cream","Incense Burner","The Courier","Bronze Scales","Mango"],"potions_floor_usage":[],"damage_taken":[{"damage":15.0,"enemies":"Cultist","floor":1.0,"turns":5.0},{"damage":1.0,"enemies":"Jaw Worm","floor":2.0,"turns":3.0},{"damage":7.0,"enemies":"Small Slimes","floor":3.0,"turns":3.0},{"damage":16.0,"enemies":"Gremlin Nob","floor":7.0,"turns":4.0},{"damage":8.0,"enemies":"Looter","floor":10.0,"turns":3.0},{"damage":0.0,"enemies":"Red Slaver","floor":12.0,"turns":3.0},{"damage":2.0,"enemies":"Exordium Wildlife","floor":13.0,"turns":3.0},{"damage":5.0,"enemies":"Lagavulin","floor":14.0,"turns":5.0},{"damage":7.0,"enemies":"Hexaghost","floor":16.0,"turns":8.0},{"damage":0.0,"enemies":"Chosen","floor":18.0,"turns":3.0},{"damage":0.0,"enemies":"Spheric Guardian","floor":20.0,"turns":3.0},{"damage":1.0,"enemies":"Centurion and Healer","floor":21.0,"turns":5.0},{"damage":0.0,"enemies":"Gremlin Leader","floor":27.0,"turns":7.0},{"damage":40.0,"enemies":"Book of Stabbing","floor":30.0,"turns":5.0},{"damage":6.0,"enemies":"Snake Plant","floor":31.0,"turns":3.0},{"damage":18.0,"enemies":"Champ","floor":33.0,"turns":7.0},{"damage":11.0,"enemies":"Orb Walker","floor":35.0,"turns":4.0},{"damage":0.0,"enemies":"2 Orb Walkers","floor":38.0,"turns":2.0},{"damage":0.0,"enemies":"3 Shapes","floor":41.0,"turns":3.0},{"damage":2.0,"enemies":"Giant Head","floor":42.0,"turns":5.0},{"damage":26,"enemies":"Reptomancer","floor":44,"turns":5},{"damage":1,"enemies":"Transient","floor":46,"turns":6},{"damage":2,"enemies":"Giant Head","floor":48,"turns":4},{"damage":2,"enemies":"Donu and Deca","floor":50,"turns":5},{"damage":11,"enemies":"Time Eater","floor":51,"turns":3},{"damage":5,"enemies":"Shield and Spear","floor":55,"turns":5},{"damage":113,"enemies":"The Heart","floor":56,"turns":6}],"seed_played":"-4859408013379868665","potions_obtained":[{"floor":3.0,"key":"Energy Potion"},{"floor":7.0,"key":"Fire Potion"},{"floor":10.0,"key":"SteroidPotion"},{"floor":14.0,"key":"AttackPotion"}],"is_trial":false,"path_per_floor":["M","M","M","?","$","R","E","R","T","M","R","M","M","E","R","B",null,"M","?","M","M","$","R","?","R","T","E","R","?","E","M","R","B",null,"M","T","$","?","$","R","M","E","T","E","R","M","R","E","R","B","B",null,"R","$","E","B"],"character_chosen":"THE_SILENT","items_purchased":["SkillPotion","Corpse Explosion+1","Centennial Puzzle","Adrenaline+1","Dodge and Roll+1"],"campfire_rested":7,"item_purchase_floors":[5,37,37,39,54],"current_hp_per_floor":[44,43,36,16,16,35,19,19,19,11,11,11,9,4,23,16,54,54,54,54,53,53,53,53,53,53,53,53,47,14,8,29,11,58,47,47,47,47,47,68,68,66,66,40,61,60,60,58,73,71,60,70,73,73,82,0],"gold":61,"neow_bonus":"RANDOM_COMMON_RELIC","is_prod":false,"is_daily":false,"chose_seed":false,"campfire_upgraded":5,"win_rate":0,"timestamp":1548249121,"path_taken":["M","?","M","?","$","R","E","R","T","M","R","M","M","E","R","BOSS","M","?","M","?","$","R","?","R","T","E","R","?","E","M","R","BOSS","M","?","$","?","?","R","M","E","T","E","R","?","R","E","R","BOSS","BOSS","R","$","E","BOSS"],"build_version":"2019-01-17v2","purchased_purges":4,"victory":false,"max_hp_per_floor":[66,66,66,66,66,66,66,66,66,66,66,66,66,66,66,66,66,66,66,66,66,66,66,66,66,66,66,66,66,73,73,73,73,73,73,73,73,73,73,73,73,73,73,73,73,73,73,73,73,73,73,73,73,73,87,87],"card_choices":[{"not_picked":["Dodge and Roll","Bane"],"picked":"Dagger Throw","floor":1.0},{"not_picked":["PiercingWail","Endless Agony"],"picked":"Poisoned Stab","floor":2.0},{"not_picked":["Dagger Spray","Backflip"],"picked":"Crippling Poison","floor":3.0},{"not_picked":["Well Laid Plans","Heel Hook"],"picked":"Noxious Fumes","floor":7.0},{"not_picked":["Dagger Spray+1","Endless Agony+1"],"picked":"Poisoned Stab+1","floor":10.0},{"not_picked":["Concentrate","Dodge and Roll"],"picked":"Escape Plan","floor":12.0},{"not_picked":["Expertise","Grand Finale+1"],"picked":"Deadly Poison","floor":13.0},{"not_picked":["Setup","Flying Knee+1"],"picked":"PiercingWail","floor":14.0},{"not_picked":["Adrenaline+1","Corpse Explosion+1"],"picked":"Wraith Form v2","floor":16.0},{"not_picked":["Bane+1","Sucker Punch+1"],"picked":"Poisoned Stab+1","floor":18.0},{"not_picked":["Slice+1","Dagger Throw+1"],"picked":"Bouncing Flask+1","floor":20.0},{"not_picked":["Predator+1","Deflect+1"],"picked":"Dodge and Roll+1","floor":21.0},{"not_picked":["Deadly Poison+1","Blade Dance+1"],"picked":"Bouncing Flask+1","floor":27.0},{"not_picked":["Dagger Throw+1","Caltrops","Finisher+1"],"picked":"SKIP","floor":30.0},{"not_picked":["Deadly Poison+1","Bane+1"],"picked":"Catalyst+1","floor":31.0},{"not_picked":["Backstab+1","Prepared+1"],"picked":"Backflip+1","floor":35.0},{"not_picked":["Outmaneuver+1","Blade Dance+1"],"picked":"Acrobatics+1","floor":38.0},{"not_picked":["Cloak And Dagger+1","Flechettes+1","Dagger Spray+1"],"picked":"SKIP","floor":41.0},{"not_picked":["Leg Sweep+1","Dagger Spray+1"],"picked":"Catalyst+1","floor":42.0},{"not_picked":["Dagger Spray+1","Flying Knee+1","Accuracy"],"picked":"SKIP","floor":44},{"not_picked":["Dagger Throw+1","Eviscerate+1"],"picked":"Prepared+1","floor":46},{"not_picked":["Dagger Spray+1","Tactician+1"],"picked":"Deadly Poison+1","floor":48},{"not_picked":["PiercingWail+1","Blade Dance+1"],"picked":"Skewer+1","floor":55}],"player_experience":1809750,"relics_obtained":[{"floor":7.0,"key":"Ninja Scroll"},{"floor":9.0,"key":"Molten Egg 2"},{"floor":14.0,"key":"Toxic Egg 2"},{"floor":26.0,"key":"Happy Flower"},{"floor":27.0,"key":"Shuriken"},{"floor":30.0,"key":"Strawberry"},{"floor":36.0,"key":"Bag of Preparation"},{"floor":38.0,"key":"Ice Cream"},{"floor":42.0,"key":"Incense Burner"},{"floor":44,"key":"The Courier"},{"floor":48,"key":"Bronze Scales"},{"floor":55,"key":"Mango"}],"event_choices":[{"damage_healed":0.0,"max_hp_gain":0.0,"max_hp_loss":0.0,"gold_gain":0.0,"event_name":"Shining Light","player_choice":"Entered Light","floor":4.0,"gold_loss":0.0,"damage_taken":20.0,"cards_upgraded":["Survivor","Neutralize"]},{"damage_healed":0.0,"max_hp_gain":0.0,"max_hp_loss":0.0,"gold_gain":0.0,"event_name":"Accursed Blacksmith","player_choice":"Rummage","floor":19.0,"gold_loss":0.0,"damage_taken":0.0,"relics_obtained":["WarpedTongs"],"cards_obtained":["Pain"]},{"damage_healed":0.0,"max_hp_gain":0.0,"max_hp_loss":0.0,"gold_gain":50.0,"event_name":"Nest","player_choice":"Stole From Cult","floor":24.0,"gold_loss":0.0,"damage_taken":0.0},{"damage_healed":0.0,"max_hp_gain":0.0,"max_hp_loss":0.0,"gold_gain":50.0,"event_name":"FaceTrader","player_choice":"Touch","floor":29.0,"gold_loss":0.0,"damage_taken":6.0},{"damage_healed":0.0,"max_hp_gain":0.0,"max_hp_loss":0.0,"gold_gain":0.0,"event_name":"Mysterious Sphere","player_choice":"Fight","floor":38.0,"gold_loss":0.0,"damage_taken":0.0}],"is_beta":false,"boss_relics":[{"not_picked":["Empty Cage","Philosopher\u0027s Stone"],"picked":"Sozu"},{"not_picked":["Orrery","Cursed Key"],"picked":"Velvet Choker"}],"items_purged_floors":[5,22,37,54],"is_endless":false,"potions_floor_spawned":[3,7,10,14,16,21,27,30,31,38,46,55],"killed_by":"The Heart","ascension_level":20}