{"gold_per_floor":[218,15,15,31,50,50,5,37,75,121,148,160,201,99,99,195,195,214,214,224,224,244,273,198,198,198,223,18,52,52,52],"floor_reached":31,"playtime":3656,"items_purged":["Strike_R","Strike_R"],"score":355,"play_id":"56b388b6-7ab8-4c17-8f0e-3f8bc9339ded","local_time":"20190206223116","is_ascension_mode":true,"campfire_choices":[{"data":"Bash","floor":6.0,"key":"SMITH"},{"data":"Armaments","floor":12,"key":"SMITH"},{"data":"1","floor":15,"key":"LIFT"},{"data":"2","floor":25,"key":"LIFT"}],"neow_cost":"NONE","seed_source_timestamp":80818211496800,"circlet_count":0,"master_deck":["Strike_R","Defend_R","Defend_R","Defend_R","Defend_R","Bash+1","Rampage","Clothesline","Anger","Rage","Armaments+1","Battle Trance","Uppercut","Limit Break","Seeing Red","Carnage","Cleave","Clash","Metallicize","Flame Barrier+1","Decay"],"special_seed":0,"relics":["Burning Blood","Anchor","MawBank","Happy Flower","Bronze Scales","Girya","Velvet Choker","MutagenicStrength","Ornamental Fan","The Courier","Art of War","Toxic Egg 2"],"potions_floor_usage":[13,16,16,23,29,31],"damage_taken":[{"damage":14.0,"enemies":"Jaw Worm","floor":1.0,"turns":5.0},{"damage":1.0,"enemies":"Cultist","floor":4.0,"turns":3.0},{"damage":0.0,"enemies":"2 Louse","floor":5.0,"turns":2.0},{"damage":15.0,"enemies":"Gremlin Nob","floor":8.0,"turns":4.0},{"damage":27,"enemies":"3 Sentries","floor":10,"turns":9},{"damage":0,"enemies":"Lots of Slimes","floor":11,"turns":4},{"damage":20,"enemies":"Lagavulin","floor":13,"turns":5},{"damage":29,"enemies":"The Guardian","floor":16,"turns":8},{"damage":0,"enemies":"Shell Parasite","floor":18,"turns":4},{"damage":3,"enemies":"3 Byrds","floor":20,"turns":3},{"damage":10,"enemies":"Sentry and Sphere","floor":22,"turns":5},{"damage":32,"enemies":"Slavers","floor":23,"turns":4},{"damage":40,"enemies":"Gremlin Leader","floor":27,"turns":6},{"damage":10,"enemies":"Book of Stabbing","floor":29,"turns":3},{"damage":26,"enemies":"Gremlin Leader","floor":31,"turns":2}],"seed_played":"8150978187543893955","potions_obtained":[{"floor":1.0,"key":"AttackPotion"},{"floor":3.0,"key":"Poison Potion"},{"floor":3.0,"key":"LiquidBronze"},{"floor":13,"key":"AttackPotion"},{"floor":20,"key":"SkillPotion"},{"floor":29,"key":"SkillPotion"}],"is_trial":false,"path_per_floor":["M","$","?","M","M","R","$","E","T","E","M","R","E","$","R","B",null,"M","?","M","?","M","E","?","R","T","E","$","E","?","E"],"character_chosen":"IRONCLAD","items_purchased":["Anchor","Clothesline","Armaments","Uppercut","Metallicize","Regen Potion"],"campfire_rested":0,"item_purchase_floors":[2,2,7,14,28,28],"current_hp_per_floor":[72,72,72,77,80,80,80,71,71,50,56,56,42,42,42,19,80,80,80,80,80,76,50,50,50,50,16,16,21,21,0],"gold":52,"neow_bonus":"HUNDRED_GOLD","is_prod":false,"is_daily":false,"chose_seed":false,"campfire_upgraded":2,"win_rate":0,"timestamp":1549510276,"path_taken":["M","$","?","M","M","R","?","E","T","E","?","R","E","$","R","BOSS","M","?","M","?","?","E","?","R","T","E","$","E","?","E"],"build_version":"2019-01-23","purchased_purges":2,"victory":false,"max_hp_per_floor":[80,80,80,80,80,80,80,80,80,80,80,80,80,80,80,80,80,80,80,80,80,80,80,80,80,80,80,80,80,80,80],"card_choices":[{"not_picked":["Feel No Pain","Iron Wave"],"picked":"Rampage","floor":1.0},{"not_picked":["Sever Soul","Iron Wave"],"picked":"Anger","floor":4.0},{"not_picked":["Armaments","Reckless Charge"],"picked":"Rage","floor":5.0},{"not_picked":["Wild Strike","Iron Wave","Perfected Strike"],"picked":"SKIP","floor":8.0},{"not_picked":["Brutality","Armaments","Pommel Strike"],"picked":"SKIP","floor":10},{"not_picked":["Heavy Blade","Power Through","Anger"],"picked":"SKIP","floor":11},{"not_picked":["Second Wind","Feel No Pain"],"picked":"Battle Trance","floor":13},{"not_picked":["Berserk","Fiend Fire"],"picked":"Limit Break","floor":16},{"not_picked":["Headbutt","Hemokinesis"],"picked":"Seeing Red","floor":18},{"not_picked":["Blood for Blood+1","Pommel Strike","Reckless Charge"],"picked":"SKIP","floor":20},{"not_picked":["Headbutt+1","Perfected Strike"],"picked":"Carnage","floor":22},{"not_picked":["Heavy Blade","True Grit"],"picked":"Cleave","floor":23},{"not_picked":["Perfected Strike","Whirlwind+1"],"picked":"Clash","floor":27},{"not_picked":["Pommel Strike","Rupture"],"picked":"Flame Barrier","floor":29}],"player_experience":153968,"relics_obtained":[{"floor":8.0,"key":"MawBank"},{"floor":9.0,"key":"Happy Flower"},{"floor":10,"key":"Bronze Scales"},{"floor":13,"key":"Girya"},{"floor":23,"key":"Ornamental Fan"},{"floor":26,"key":"The Courier"},{"floor":27,"key":"Art of War"},{"floor":29,"key":"Toxic Egg 2"}],"event_choices":[{"damage_healed":0.0,"max_hp_gain":0.0,"max_hp_loss":0.0,"gold_gain":0.0,"event_name":"Lab","player_choice":"Got Potions","floor":3.0,"gold_loss":0.0,"damage_taken":0.0},{"damage_healed":0,"gold_gain":0,"player_choice":"Inject Mutagens","damage_taken":0,"relics_obtained":["MutagenicStrength"],"max_hp_gain":0,"max_hp_loss":0,"event_name":"Drug Dealer","floor":19,"gold_loss":0},{"cards_removed":["Strike_R"],"damage_healed":0,"gold_gain":0,"player_choice":"Purged","damage_taken":0,"max_hp_gain":0,"max_hp_loss":0,"event_name":"Purifier","floor":21,"gold_loss":0},{"cards_removed":["Strike_R"],"damage_healed":0,"gold_gain":0,"player_choice":"Gave Gold","damage_taken":0,"max_hp_gain":0,"max_hp_loss":0,"event_name":"Beggar","floor":24,"gold_loss":75},{"damage_healed":0,"gold_gain":0,"player_choice":"Smashed Altar","damage_taken":0,"max_hp_gain":0,"max_hp_loss":0,"event_name":"Forgotten Altar","floor":30,"gold_loss":0,"cards_obtained":["Decay"]}],"is_beta":false,"boss_relics":[{"not_picked":["Runic Pyramid","Coffee Dripper"],"picked":"Velvet Choker"}],"items_purged_floors":[14,28],"is_endless":false,"potions_floor_spawned":[1,13,20,29],"killed_by":"Gremlin Leader","ascension_level":3}