{"gold_per_floor":[110,120,134,134,150,150,178,178,178,189,214,226,553,518,518,518],"floor_reached":16,"playtime":734,"items_purged":[],"score":244,"play_id":"8a906448-646b-4fe8-969c-e69037e5823d","local_time":"20190205193135","is_ascension_mode":true,"campfire_choices":[{"data":"Go for the Eyes","floor":6,"key":"SMITH"},{"data":"Zap","floor":8,"key":"SMITH"},{"data":"Sweeping Beam","floor":15,"key":"SMITH"}],"neow_cost":"NONE","seed_source_timestamp":1794058018660819,"circlet_count":0,"master_deck":["AscendersBane","Strike_B","Strike_B","Strike_B","Defend_B","Defend_B","Defend_B","Defend_B","Zap+1","Dualcast","Cold Snap","Ball Lightning","Undo","Scrape","Go for the Eyes+1","Glacier","Sweeping Beam+1","Biased Cognition","Go for the Eyes","Undo"],"relics":["Cracked Core","Boot","Question Card","Old Coin"],"potions_floor_usage":[10,16,16],"damage_taken":[{"damage":1,"enemies":"Cultist","floor":1,"turns":3},{"damage":7,"enemies":"Jaw Worm","floor":2,"turns":3},{"damage":0,"enemies":"2 Louse","floor":3,"turns":1},{"damage":0,"enemies":"Blue Slaver","floor":5,"turns":3},{"damage":12,"enemies":"Lagavulin","floor":7,"turns":8},{"damage":5,"enemies":"Exordium Thugs","floor":10,"turns":3},{"damage":16,"enemies":"Gremlin Nob","floor":11,"turns":5},{"damage":10,"enemies":"Large Slime","floor":12,"turns":5},{"damage":1,"enemies":"3 Sentries","floor":13,"turns":5},{"damage":35,"enemies":"Slime Boss","floor":16,"turns":9}],"seed_played":"-1887979275144297933","potions_obtained":[{"floor":2,"key":"Explosive Potion"},{"floor":3,"key":"GamblersBrew"},{"floor":11,"key":"Block Potion"},{"floor":12,"key":"Fruit Juice"}],"is_trial":false,"path_per_floor":["M","M","M","?","M","R","E","R","T","M","E","M","E","?","R","B"],"character_chosen":"DEFECT","items_purchased":[],"campfire_rested":0,"item_purchase_floors":[],"current_hp_per_floor":[63,56,56,56,56,56,44,44,44,39,23,13,12,29,29,0],"gold":518,"neow_bonus":"RANDOM_COMMON_RELIC","is_prod":false,"is_daily":false,"chose_seed":false,"campfire_upgraded":3,"win_rate":0,"timestamp":1549391495,"path_taken":["M","M","?","?","?","R","E","R","T","M","E","M","E","?","R","BOSS"],"build_version":"2019-01-23","purchased_purges":0,"victory":false,"max_hp_per_floor":[71,71,71,71,71,71,71,71,71,71,71,71,71,71,71,76],"card_choices":[{"not_picked":["Steam Power","Force Field"],"picked":"Cold Snap","floor":1},{"not_picked":["Conserve Battery","Static Discharge"],"picked":"Ball Lightning","floor":2},{"not_picked":["Melter","Auto Shields"],"picked":"Undo","floor":3},{"not_picked":["Redo","Streamline"],"picked":"Go for the Eyes","floor":5},{"not_picked":["Ball Lightning","Stack"],"picked":"Glacier","floor":7},{"not_picked":["Gash","Conserve Battery","Skim"],"picked":"Sweeping Beam","floor":10},{"not_picked":["Leap","Conserve Battery","Heatsinks"],"picked":"Biased Cognition","floor":11},{"not_picked":["Streamline","Turbo","Barrage"],"picked":"Go for the Eyes","floor":12},{"not_picked":["Storm","Cold Snap","Streamline"],"picked":"Undo","floor":13}],"player_experience":1866404,"relics_obtained":[{"floor":7,"key":"Question Card"},{"floor":13,"key":"Old Coin"}],"event_choices":[{"damage_healed":0,"gold_gain":0,"cards_transformed":["Strike_B"],"player_choice":"Transformed","damage_taken":0,"max_hp_gain":0,"max_hp_loss":0,"event_name":"Transmorgrifier","floor":4,"gold_loss":0,"cards_obtained":["Scrape"]},{"damage_healed":17,"gold_gain":0,"player_choice":"Healed","damage_taken":0,"max_hp_gain":0,"max_hp_loss":0,"event_name":"The Cleric","floor":14,"gold_loss":35}],"is_beta":false,"boss_relics":[],"items_purged_floors":[],"is_endless":false,"potions_floor_spawned":[2,3,11,12],"killed_by":"Slime Boss","ascension_level":20}