{"gold_per_floor":[118,118,136,148,113,113,113,113,165,165,205,218,259,295,295,386,386,400,400,400,400,419,419,432,432,432,457,457,496,496,527,527,527],"floor_reached":33,"playtime":1211,"items_purged":[],"score":582,"play_id":"3396df4c-27e1-474c-af17-6e6afbb21124","local_time":"20181230030731","is_ascension_mode":true,"campfire_choices":[{"data":"Rebound","floor":6,"key":"SMITH"},{"data":"Cold Snap","floor":10,"key":"SMITH"},{"data":"Sunder","floor":15,"key":"SMITH"},{"data":"Electrodynamics","floor":23,"key":"SMITH"},{"data":"Biased Cognition","floor":25,"key":"SMITH"},{"data":"Doom and Gloom","floor":28,"key":"SMITH"},{"data":"Capacitor","floor":32,"key":"SMITH"}],"neow_cost":"NONE","seed_source_timestamp":444561105034532,"circlet_count":0,"master_deck":["AscendersBane","Defend_B+1","Defend_B","Zap+1","Dualcast+1","Cold Snap+1","Rebound+1","Electrodynamics+1","Sunder+1","Doom and Gloom+1","Biased Cognition+1","Force Field","Core Surge","Capacitor+1","Conserve Battery+1","Coolheaded+1","Ghostly+1","Ghostly+1","Ghostly+1","Genetic Algorithm+1"],"relics":["Cracked Core","Golden Idol","Art of War","Mango","Mercury Hourglass","Odd Mushroom","Empty Cage","Toxic Egg 2","StoneCalendar","Vajra"],"potions_floor_usage":[13,18,24,31,33],"damage_taken":[{"damage":9,"enemies":"Small Slimes","floor":1,"turns":3},{"damage":0,"enemies":"2 Louse","floor":3,"turns":3},{"damage":7,"enemies":"Jaw Worm","floor":4,"turns":3},{"damage":20,"enemies":"3 Sentries","floor":11,"turns":8},{"damage":1,"enemies":"Red Slaver","floor":12,"turns":3},{"damage":11,"enemies":"Lagavulin","floor":13,"turns":7},{"damage":7,"enemies":"The Mushroom Lair","floor":14,"turns":3},{"damage":21,"enemies":"The Guardian","floor":16,"turns":10},{"damage":0,"enemies":"Chosen","floor":18,"turns":2},{"damage":19,"enemies":"Shell Parasite","floor":22,"turns":4},{"damage":0,"enemies":"Cultist and Chosen","floor":24,"turns":3},{"damage":6,"enemies":"Chosen and Byrds","floor":27,"turns":4},{"damage":7,"enemies":"Gremlin Leader","floor":29,"turns":4},{"damage":13,"enemies":"Book of Stabbing","floor":31,"turns":4},{"damage":22,"enemies":"Automaton","floor":33,"turns":6}],"seed_played":"754770191110062816","potions_obtained":[{"floor":11,"key":"PowerPotion"},{"floor":12,"key":"Regen Potion"},{"floor":16,"key":"FocusPotion"},{"floor":22,"key":"LiquidBronze"},{"floor":27,"key":"Ancient Potion"},{"floor":31,"key":"Strength Potion"}],"is_trial":false,"path_per_floor":["M","?","M","M","?","R","?","?","T","R","E","M","E","?","R","B",null,"M","?","?","?","M","R","M","R","T","M","R","E","?","E","R","B"],"character_chosen":"DEFECT","items_purchased":[],"campfire_rested":0,"item_purchase_floors":[],"current_hp_per_floor":[55,48,48,41,58,58,58,39,39,39,33,32,36,29,29,8,61,61,61,61,61,42,42,42,42,42,36,36,29,29,16,16,0],"gold":527,"neow_bonus":"UPGRADE_CARD","is_prod":false,"is_daily":false,"chose_seed":false,"campfire_upgraded":7,"win_rate":0,"timestamp":1546135651,"path_taken":["M","?","M","M","?","R","?","?","T","R","E","M","E","?","R","BOSS","M","?","?","?","M","R","M","R","T","M","R","E","?","E","R","BOSS"],"build_version":"2018-12-20","purchased_purges":0,"victory":false,"max_hp_per_floor":[71,71,71,71,71,71,64,64,64,64,78,78,78,78,78,78,78,78,78,78,78,78,78,78,78,78,78,78,78,39,39,39,39],"card_choices":[{"not_picked":["Sweeping Beam","BootSequence"],"picked":"Cold Snap","floor":1},{"not_picked":["Fusion","Conserve Battery","Streamline"],"picked":"SKIP","floor":3},{"not_picked":["Streamline","Barrage"],"picked":"Rebound","floor":4},{"not_picked":["Doom and Gloom","Reprogram"],"picked":"Electrodynamics","floor":11},{"not_picked":["Beam Cell","Steam"],"picked":"Sunder","floor":12},{"not_picked":["Skim","Beam Cell","Barrage"],"picked":"SKIP","floor":13},{"not_picked":["Sweeping Beam","Barrage"],"picked":"Doom and Gloom","floor":14},{"not_picked":["Creative AI","Electrodynamics"],"picked":"Biased Cognition","floor":16},{"not_picked":["Ball Lightning","Go for the Eyes","Leap"],"picked":"SKIP","floor":18},{"not_picked":["Beam Cell","Streamline","Reprogram"],"picked":"SKIP","floor":22},{"not_picked":["Go for the Eyes+1","Turbo+1"],"picked":"Capacitor","floor":24},{"not_picked":["Ball Lightning+1","Reprogram+1"],"picked":"Conserve Battery+1","floor":27},{"not_picked":["Loop","Double Energy+1"],"picked":"Coolheaded+1","floor":29},{"not_picked":["Meteor Strike","Beam Cell"],"picked":"Genetic Algorithm+1","floor":31}],"player_experience":1756055,"relics_obtained":[{"floor":9,"key":"Art of War"},{"floor":11,"key":"Mango"},{"floor":13,"key":"Mercury Hourglass"},{"floor":14,"key":"Odd Mushroom"},{"floor":26,"key":"Toxic Egg 2"},{"floor":29,"key":"StoneCalendar"},{"floor":31,"key":"Vajra"}],"event_choices":[{"cards_removed":["Strike_B"],"damage_healed":0,"gold_gain":0,"player_choice":"Card Removal","damage_taken":7,"max_hp_gain":0,"max_hp_loss":0,"event_name":"Golden Wing","floor":2,"gold_loss":0},{"damage_healed":17,"gold_gain":0,"player_choice":"Healed","damage_taken":0,"max_hp_gain":0,"max_hp_loss":0,"event_name":"The Cleric","floor":5,"gold_loss":35},{"damage_healed":0,"gold_gain":0,"player_choice":"Lose Max HP","damage_taken":0,"relics_obtained":["Golden Idol"],"max_hp_gain":0,"max_hp_loss":7,"event_name":"Golden Idol","floor":7,"gold_loss":0},{"damage_healed":0,"gold_gain":0,"player_choice":"Entered Light","damage_taken":19,"max_hp_gain":0,"max_hp_loss":0,"event_name":"Shining Light","floor":8,"gold_loss":0,"cards_upgraded":["Dualcast","Defend_B"]},{"damage_healed":0,"gold_gain":0,"player_choice":"Fought Mushrooms","damage_taken":0,"max_hp_gain":0,"max_hp_loss":0,"event_name":"Mushrooms","floor":14,"gold_loss":0},{"damage_healed":0,"gold_gain":0,"cards_transformed":["Strike_B","Defend_B"],"player_choice":"Became Test Subject","damage_taken":0,"max_hp_gain":0,"max_hp_loss":0,"event_name":"Drug Dealer","floor":19,"gold_loss":0,"cards_obtained":["Force Field","Core Surge"]},{"damage_healed":0,"gold_gain":0,"player_choice":"Ignored","damage_taken":0,"max_hp_gain":0,"max_hp_loss":0,"event_name":"Vampires","floor":20,"gold_loss":0},{"cards_removed":["Defend_B"],"damage_healed":0,"gold_gain":0,"player_choice":"Elegance","damage_taken":0,"max_hp_gain":0,"max_hp_loss":0,"event_name":"Back to Basics","floor":21,"gold_loss":0},{"damage_healed":0,"gold_gain":0,"player_choice":"Became a Ghost","damage_taken":0,"max_hp_gain":0,"max_hp_loss":39,"event_name":"Ghosts","floor":30,"gold_loss":0,"cards_obtained":["Ghostly","Ghostly","Ghostly"]}],"is_beta":false,"boss_relics":[{"not_picked":["Lizard Tail","Calling Bell"],"picked":"Empty Cage"}],"items_purged_floors":[],"is_endless":false,"potions_floor_spawned":[11,12,16,22,27,29,31],"killed_by":"Automaton","ascension_level":20}