{"gold_per_floor":[215,5,21,21,37,37,52,81,81,33,66,66,86,2,2,81,81,92,92,104,121,14,14,0,15,15,15],"floor_reached":27,"playtime":1025,"items_purged":[],"score":446,"play_id":"83b31810-272a-4138-b726-81408a485198","local_time":"20190123195359","is_ascension_mode":true,"campfire_choices":[{"data":"Streamline","floor":6,"key":"SMITH"},{"floor":12,"key":"REST"},{"floor":15,"key":"REST"},{"floor":23,"key":"REST"}],"neow_cost":"NONE","seed_source_timestamp":79968300272274,"circlet_count":0,"master_deck":["AscendersBane","Strike_B","Strike_B","Strike_B","Defend_B","Defend_B","Defend_B","Defend_B","Zap","Dualcast","Streamline+1","Cold Snap","White Noise","Steam","Go for the Eyes","Thunder Strike","Ball Lightning","White Noise","Turbo","Steam","All For One","Fusion+1","Gash+1","Turbo+1","Rebound","Static Discharge","Stack+1","Doubt"],"relics":["Cracked Core","Oddly Smooth Stone","Bronze Scales","Shuriken","Unceasing Top","Cursed Key","Strawberry"],"potions_floor_usage":[11,16,16,20,21,27],"damage_taken":[{"damage":7,"enemies":"Jaw Worm","floor":1,"turns":3},{"damage":6,"enemies":"2 Louse","floor":3,"turns":3},{"damage":6,"enemies":"Small Slimes","floor":5,"turns":3},{"damage":0,"enemies":"2 Fungi Beasts","floor":7,"turns":4},{"damage":14,"enemies":"3 Sentries","floor":8,"turns":7},{"damage":22,"enemies":"Gremlin Nob","floor":11,"turns":4},{"damage":9,"enemies":"3 Louse","floor":13,"turns":2},{"damage":30,"enemies":"Hexaghost","floor":16,"turns":10},{"damage":9,"enemies":"Spheric Guardian","floor":18,"turns":4},{"damage":6,"enemies":"2 Thieves","floor":20,"turns":4},{"damage":38,"enemies":"Cultist and Chosen","floor":21,"turns":6},{"damage":34,"enemies":"Snake Plant","floor":25,"turns":2},{"damage":17,"enemies":"Shelled Parasite and Fungi","floor":27,"turns":3}],"seed_played":"8757824987112899307","potions_obtained":[{"floor":5,"key":"GamblersBrew"},{"floor":11,"key":"SpeedPotion"},{"floor":13,"key":"SpeedPotion"},{"floor":16,"key":"Block Potion"},{"floor":20,"key":"Swift Potion"},{"floor":25,"key":"Block Potion"}],"is_trial":false,"path_per_floor":["?","?","?","?"],"character_chosen":"DEFECT","items_purchased":["Oddly Smooth Stone","Cold Snap","Turbo","Steam","Rebound","Static Discharge"],"campfire_rested":3,"item_purchase_floors":[2,2,14,14,22,22],"current_hp_per_floor":[57,57,51,44,38,38,38,24,24,24,2,23,14,14,35,5,55,46,60,54,16,16,37,37,3,10,0],"gold":15,"neow_bonus":"HUNDRED_GOLD","is_prod":false,"is_daily":false,"chose_seed":false,"campfire_upgraded":1,"win_rate":0,"timestamp":1548266039,"path_taken":["M","$","M","?","M","R","M","E","T","?","E","R","M","$","R","BOSS","M","?","M","M","$","R","?","M","T","M"],"build_version":"2019-01-23","purchased_purges":0,"victory":false,"max_hp_per_floor":[71,71,71,71,71,71,71,71,71,71,71,71,71,71,71,71,71,71,71,71,71,71,71,71,71,78,78],"card_choices":[{"not_picked":["Coolheaded","Go for the Eyes"],"picked":"Streamline","floor":1},{"not_picked":["Sweeping Beam","Turbo"],"picked":"White Noise","floor":3},{"not_picked":["Sweeping Beam","Barrage"],"picked":"Steam","floor":5},{"not_picked":["Coolheaded","Hello World"],"picked":"Go for the Eyes","floor":7},{"not_picked":["Go for the Eyes","Sweeping Beam"],"picked":"Thunder Strike","floor":8},{"not_picked":["Steam","Barrage"],"picked":"Ball Lightning","floor":11},{"not_picked":["Ball Lightning","Turbo"],"picked":"White Noise","floor":13},{"not_picked":["Rainbow","Meteor Strike"],"picked":"All For One","floor":16},{"not_picked":["Ball Lightning","Self Repair"],"picked":"Fusion+1","floor":18},{"not_picked":["Streamline","Conserve Battery"],"picked":"Gash+1","floor":20},{"not_picked":["Sweeping Beam","Consume"],"picked":"Turbo+1","floor":21},{"not_picked":["Darkness+1","Hologram"],"picked":"Stack+1","floor":25}],"player_experience":1478719,"relics_obtained":[{"floor":8,"key":"Bronze Scales"},{"floor":9,"key":"Shuriken"},{"floor":11,"key":"Unceasing Top"},{"floor":26,"key":"Strawberry"}],"event_choices":[{"cards_removed":["Strike_B"],"damage_healed":0,"gold_gain":0,"player_choice":"Card Removal","damage_taken":7,"max_hp_gain":0,"max_hp_loss":0,"event_name":"Golden Wing","floor":4,"gold_loss":0},{"damage_healed":0,"gold_gain":0,"player_choice":"Left Gold","damage_taken":0,"max_hp_gain":0,"max_hp_loss":0,"event_name":"World of Goop","floor":10,"gold_loss":48},{"damage_healed":14,"gold_gain":0,"player_choice":"Heal","damage_taken":0,"max_hp_gain":0,"max_hp_loss":0,"event_name":"The Library","floor":19,"gold_loss":0},{"damage_healed":0,"gold_gain":0,"player_choice":"Paid Fearfully","damage_taken":0,"max_hp_gain":0,"max_hp_loss":0,"event_name":"Masked Bandits","floor":24,"gold_loss":14}],"is_beta":false,"boss_relics":[{"not_picked":["Lizard Tail","Black Star"],"picked":"Cursed Key"}],"items_purged_floors":[],"is_endless":false,"potions_floor_spawned":[5,11,13,16,20,25],"killed_by":"Shelled Parasite and Fungi","ascension_level":20}