{"gold_per_floor":[118,118,141,214,229,264,276,288,326,338,394,429,480,492,504,612,624,650,642,668,112,27,27,62,62,118,162,75,116,131,175,175,270,270,288,10,232,232,357,357,396,396,448,511,550,570,622,497,497,497,497,497,497,39,80,80],"floor_reached":56,"playtime":3016,"items_purged":["Strike_B","Strike_B","Dualcast","Strike_B+1"],"score":2146,"play_id":"ba4e87af-3f54-469e-a098-a684e5a81e74","local_time":"20190131200018","is_ascension_mode":true,"campfire_choices":[{"data":"Doom and Gloom","floor":8,"key":"SMITH"},{"floor":10,"key":"REST"},{"data":"Electrodynamics","floor":15,"key":"SMITH"},{"data":"Sunder","floor":23,"key":"SMITH"},{"data":"Biased Cognition","floor":25,"key":"SMITH"},{"data":"Electrodynamics","floor":32,"key":"SMITH"},{"data":"PanicButton","floor":40,"key":"SMITH"},{"floor":42,"key":"RECALL"},{"data":"Biased Cognition","floor":49,"key":"SMITH"},{"data":"Strike_B+1","floor":53,"key":"PURGE"}],"neow_cost":"NONE","seed_source_timestamp":1361392225990039,"circlet_count":0,"master_deck":["AscendersBane","Defend_B","Defend_B+1","Defend_B+1","Defend_B+1","Zap","Compile Driver","Doom and Gloom+1","Ball Lightning","Electrodynamics+1","Compile Driver","Capacitor+1","Electrodynamics+1","Sunder+1","Meteor Strike","Biased Cognition+1","All For One","Meteor Strike","PanicButton+1","Biased Cognition+1","Glacier"],"relics":["Cracked Core","Orichalcum","Golden Idol","Letter Opener","MawBank","StoneCalendar","War Paint","Anchor","Juzu Bracelet","Snecko Eye","DataDisk","Bronze Scales","Ancient Tea Set","Pantograph","Tiny Chest","Singing Bowl","Red Mask","Whetstone","Sozu","Bird Faced Urn","Incense Burner","Shovel","Peace Pipe","Vajra","ClockworkSouvenir","Emotion Chip"],"potions_floor_usage":[6,27,56],"damage_taken":[{"damage":9,"enemies":"Jaw Worm","floor":1,"turns":4},{"damage":0,"enemies":"Small Slimes","floor":3,"turns":3},{"damage":0,"enemies":"Cultist","floor":5,"turns":3},{"damage":21,"enemies":"3 Sentries","floor":6,"turns":8},{"damage":2,"enemies":"Gremlin Nob","floor":11,"turns":3},{"damage":2,"enemies":"Blue Slaver","floor":12,"turns":3},{"damage":20,"enemies":"3 Sentries","floor":13,"turns":5},{"damage":7,"enemies":"Hexaghost","floor":16,"turns":9},{"damage":0,"enemies":"3 Byrds","floor":18,"turns":2},{"damage":0,"enemies":"Chosen","floor":20,"turns":3},{"damage":13,"enemies":"Book of Stabbing","floor":24,"turns":3},{"damage":0,"enemies":"Gremlin Leader","floor":27,"turns":3},{"damage":0,"enemies":"Masked Bandits","floor":29,"turns":1},{"damage":6,"enemies":"Centurion and Healer","floor":30,"turns":2},{"damage":0,"enemies":"Book of Stabbing","floor":31,"turns":2},{"damage":21,"enemies":"Champ","floor":33,"turns":5},{"damage":0,"enemies":"3 Shapes","floor":35,"turns":2},{"damage":0,"enemies":"Mind Bloom Boss Battle","floor":39,"turns":2},{"damage":29,"enemies":"Nemesis","floor":41,"turns":3},{"damage":0,"enemies":"2 Orb Walkers","floor":44,"turns":2},{"damage":0,"enemies":"Reptomancer","floor":45,"turns":3},{"damage":0,"enemies":"3 Darklings","floor":46,"turns":3},{"damage":24,"enemies":"Donu and Deca","floor":50,"turns":5},{"damage":24,"enemies":"Time Eater","floor":51,"turns":7},{"damage":51,"enemies":"Shield and Spear","floor":55,"turns":3},{"damage":81,"enemies":"The Heart","floor":56,"turns":5}],"seed_played":"6094231289017664600","potions_obtained":[{"floor":1,"key":"AttackPotion"},{"floor":6,"key":"Dexterity Potion"},{"floor":13,"key":"Ancient Potion"},{"floor":16,"key":"Swift Potion"},{"floor":18,"key":"AttackPotion"},{"floor":19,"key":"Fruit Juice"},{"floor":27,"key":"EssenceOfSteel"},{"floor":30,"key":"Explosive Potion"},{"floor":33,"key":"Energy Potion"}],"is_trial":false,"path_per_floor":["M","?","M","T","M","E","?","R","T","R","E","M","E","?","R","B",null,"M","?","M","$","?","R","E","R","T","E","$","?","M","E","R","B",null,"M","$","?","?","?","R","E","R","T","?","E","M","T","$","R","B","B",null,"R","$","E","B"],"character_chosen":"DEFECT","items_purchased":["DataDisk","Meteor Strike","Bronze Scales","All For One","Meteor Strike","ClockworkSouvenir","Glacier"],"campfire_rested":1,"item_purchase_floors":[21,21,21,28,36,54,54],"current_hp_per_floor":[55,55,55,55,55,34,34,34,34,53,51,49,29,10,10,3,49,49,49,49,49,49,49,36,36,36,43,43,45,41,43,43,49,72,74,74,74,68,87,87,64,64,64,68,76,88,88,88,88,69,75,89,89,89,48,0],"gold":80,"neow_bonus":"RANDOM_COMMON_RELIC","is_prod":false,"is_daily":false,"chose_seed":false,"campfire_upgraded":7,"win_rate":0,"timestamp":1548961218,"path_taken":["M","?","M","?","M","E","?","R","T","R","E","M","E","?","R","BOSS","M","?","M","$","?","R","E","R","T","E","$","?","M","E","R","BOSS","M","$","?","?","?","R","E","R","T","?","E","M","?","$","R","BOSS","BOSS","R","$","E","BOSS"],"build_version":"2019-01-23","purchased_purges":4,"victory":false,"max_hp_per_floor":[71,64,64,64,64,64,64,64,64,64,64,64,64,64,64,64,64,64,64,64,64,64,64,64,64,64,71,71,73,75,77,77,79,79,81,81,81,85,87,87,89,89,89,91,91,93,93,93,93,93,93,93,93,93,95,95],"card_choices":[{"not_picked":["Steam","Streamline","Reprogram"],"picked":"SKIP","floor":1},{"not_picked":["Turbo","Barrage"],"picked":"Compile Driver","floor":3},{"not_picked":["Barrage","Double Energy"],"picked":"Doom and Gloom","floor":5},{"not_picked":["Multi-Cast","Turbo"],"picked":"Ball Lightning","floor":6},{"not_picked":["Storm","Force Field"],"picked":"Electrodynamics","floor":11},{"not_picked":["Stack","Barrage"],"picked":"Compile Driver","floor":12},{"not_picked":["Compile Driver","Barrage"],"picked":"Capacitor","floor":13},{"not_picked":["Echo Form","Core Surge"],"picked":"Electrodynamics","floor":16},{"not_picked":["BootSequence","Coolheaded"],"picked":"Sunder","floor":18},{"not_picked":["Beam Cell","Barrage+1","Hologram"],"picked":"SKIP","floor":20},{"not_picked":["Fusion","Consume"],"picked":"Biased Cognition","floor":24},{"not_picked":["Multi-Cast","Hologram","Loop"],"picked":"Singing Bowl","floor":27},{"not_picked":["Cold Snap","Scrape","Ball Lightning"],"picked":"Singing Bowl","floor":29},{"not_picked":["Go for the Eyes","Ball Lightning","White Noise+1"],"picked":"Singing Bowl","floor":30},{"not_picked":["Storm","Machine Learning","Genetic Algorithm"],"picked":"Singing Bowl","floor":31},{"not_picked":["Seek","Creative AI","Reboot"],"picked":"Singing Bowl","floor":33},{"not_picked":["Gash","Genetic Algorithm","Streamline"],"picked":"Singing Bowl","floor":35},{"not_picked":["Madness","Jack Of All Trades","Impatience"],"picked":"Singing Bowl","floor":38},{"not_picked":["The Bomb","Discovery","Sadistic Nature"],"picked":"Singing Bowl","floor":38},{"not_picked":["Trip","Transmutation"],"picked":"PanicButton","floor":38},{"not_picked":["Consume","Beam Cell","Turbo"],"picked":"Singing Bowl","floor":39},{"not_picked":["Redo","Steam","Streamline"],"picked":"Singing Bowl","floor":41},{"not_picked":["Beam Cell+1","Self Repair","Chill"],"picked":"Singing Bowl","floor":44},{"not_picked":["Darkness","Compile Driver"],"picked":"Biased Cognition","floor":45},{"not_picked":["Cold Snap","Ball Lightning","Turbo"],"picked":"Singing Bowl","floor":46},{"not_picked":["Amplify","Hyperbeam","Coolheaded"],"picked":"Singing Bowl","floor":55}],"player_experience":1824293,"relics_obtained":[{"floor":4,"key":"Letter Opener"},{"floor":6,"key":"MawBank"},{"floor":9,"key":"War Paint"},{"floor":11,"key":"Anchor"},{"floor":13,"key":"Juzu Bracelet"},{"floor":24,"key":"Pantograph"},{"floor":26,"key":"Tiny Chest"},{"floor":27,"key":"Singing Bowl"},{"floor":29,"key":"Red Mask"},{"floor":31,"key":"Whetstone"},{"floor":39,"key":"Bird Faced Urn"},{"floor":41,"key":"Incense Burner"},{"floor":44,"key":"Shovel"},{"floor":45,"key":"Peace Pipe"},{"floor":47,"key":"Vajra"},{"floor":55,"key":"Emotion Chip"}],"event_choices":[{"damage_healed":0,"gold_gain":0,"player_choice":"Lose Max HP","damage_taken":0,"relics_obtained":["Golden Idol"],"max_hp_gain":0,"max_hp_loss":7,"event_name":"Golden Idol","floor":2,"gold_loss":0},{"damage_healed":0,"gold_gain":0,"player_choice":"Gave Potion","damage_taken":0,"relics_obtained":["StoneCalendar"],"max_hp_gain":0,"max_hp_loss":0,"event_name":"WeMeetAgain","floor":7,"gold_loss":0},{"damage_healed":0,"gold_gain":0,"player_choice":"Entered Light","damage_taken":19,"max_hp_gain":0,"max_hp_loss":0,"event_name":"Shining Light","floor":14,"gold_loss":0,"cards_upgraded":["Defend_B","Capacitor"]},{"damage_healed":0,"gold_gain":0,"player_choice":"Bought 1 Potion","damage_taken":0,"max_hp_gain":0,"max_hp_loss":0,"event_name":"The Woman in Blue","floor":19,"gold_loss":0},{"damage_healed":0,"gold_gain":0,"player_choice":"Obtained Relic","damage_taken":0,"relics_obtained":["Ancient Tea Set"],"max_hp_gain":0,"max_hp_loss":0,"event_name":"Addict","floor":22,"gold_loss":85},{"damage_healed":0,"gold_gain":0,"player_choice":"Fought Bandits","damage_taken":0,"max_hp_gain":0,"max_hp_loss":0,"event_name":"Masked Bandits","floor":29,"gold_loss":0},{"damage_healed":0,"gold_gain":222,"player_choice":"Wore Mask","damage_taken":0,"max_hp_gain":0,"max_hp_loss":0,"event_name":"Tomb of Lord Red Mask","floor":37,"gold_loss":0},{"damage_healed":0,"gold_gain":0,"player_choice":"Memory 3","damage_taken":10,"max_hp_gain":0,"max_hp_loss":0,"event_name":"SensoryStone","floor":38,"gold_loss":0},{"damage_healed":0,"gold_gain":0,"player_choice":"Fight","damage_taken":0,"max_hp_gain":0,"max_hp_loss":0,"event_name":"MindBloom","floor":39,"gold_loss":0},{"damage_healed":0,"gold_gain":0,"player_choice":"Fight","damage_taken":0,"max_hp_gain":0,"max_hp_loss":0,"event_name":"Mysterious Sphere","floor":44,"gold_loss":0}],"is_beta":false,"boss_relics":[{"not_picked":["Orrery","Busted Crown"],"picked":"Snecko Eye"},{"not_picked":["Tiny House","Velvet Choker"],"picked":"Sozu"}],"items_purged_floors":[21,36,48,54],"is_endless":false,"potions_floor_spawned":[1,6,13,16,18,27,30,33,39,44,46],"killed_by":"The Heart","ascension_level":20}