{"gold_per_floor":[113,188,113,113,113,113,123,123,123,123,31,64,64,94,94,94],"floor_reached":16,"playtime":509,"items_purged":["Strike_G"],"score":208,"play_id":"5e0ed67e-9862-4910-9747-8d80f75bf7fb","local_time":"20181227012657","is_ascension_mode":true,"campfire_choices":[{"data":"Skewer","floor":6,"key":"SMITH"},{"data":"Neutralize","floor":8,"key":"SMITH"},{"data":"Survivor","floor":10,"key":"SMITH"},{"data":"Flying Knee","floor":13,"key":"SMITH"},{"floor":15,"key":"REST"}],"neow_cost":"NONE","seed_source_timestamp":179978474365469,"circlet_count":0,"master_deck":["AscendersBane","Defend_G","Defend_G","Defend_G","Defend_G","Defend_G","Strike_G","Strike_G","Strike_G","Survivor+1","Neutralize+1","Skewer+1","PiercingWail","Flying Knee+1","Infinite Blades","Well Laid Plans","PiercingWail"],"relics":["Ring of the Snake","Potion Belt","Art of War","Bag of Marbles","Omamori","Snake Skull"],"potions_floor_usage":[],"damage_taken":[{"damage":0,"enemies":"2 Louse","floor":1,"turns":5},{"damage":0,"enemies":"Small Slimes","floor":7,"turns":3},{"damage":24,"enemies":"Gremlin Nob","floor":12,"turns":4},{"damage":7,"enemies":"3 Sentries","floor":14,"turns":8},{"damage":38,"enemies":"Slime Boss","floor":16,"turns":9}],"seed_played":"1197599254855445708","potions_obtained":[{"floor":1,"key":"EssenceOfSteel"},{"floor":14,"key":"Ancient Potion"}],"is_trial":false,"path_per_floor":["M","?","$","?","?","R","M","R","T","R","$","E","R","E","R","B"],"character_chosen":"THE_SILENT","items_purchased":["Flying Knee","Infinite Blades"],"campfire_rested":1,"item_purchase_floors":[11,11],"current_hp_per_floor":[59,48,48,41,41,41,41,41,41,41,41,17,17,10,29,0],"gold":94,"neow_bonus":"RANDOM_COMMON_RELIC","is_prod":false,"is_daily":false,"chose_seed":false,"campfire_upgraded":4,"win_rate":0,"timestamp":1545870417,"path_taken":["M","?","$","?","?","R","?","R","T","R","$","E","R","E","R","BOSS"],"build_version":"2018-12-20","purchased_purges":1,"victory":false,"max_hp_per_floor":[66,66,66,66,66,66,66,66,66,66,66,66,66,66,66,66],"card_choices":[{"not_picked":["Escape Plan","Deadly Poison"],"picked":"Skewer","floor":1},{"not_picked":["Sucker Punch","Poisoned Stab"],"picked":"PiercingWail","floor":7},{"not_picked":["Caltrops","Noxious Fumes"],"picked":"Well Laid Plans","floor":12},{"not_picked":["Distraction","Tools of the Trade"],"picked":"PiercingWail","floor":14}],"player_experience":1734951,"relics_obtained":[{"floor":9,"key":"Bag of Marbles"},{"floor":12,"key":"Omamori"},{"floor":14,"key":"Snake Skull"}],"event_choices":[{"damage_healed":0,"gold_gain":75,"player_choice":"Gather Gold","damage_taken":11,"max_hp_gain":0,"max_hp_loss":0,"event_name":"World of Goop","floor":2,"gold_loss":0},{"cards_removed":["Strike_G"],"damage_healed":0,"gold_gain":0,"player_choice":"Card Removal","damage_taken":7,"max_hp_gain":0,"max_hp_loss":0,"event_name":"Golden Wing","floor":4,"gold_loss":0},{"damage_healed":0,"gold_gain":0,"player_choice":"Gave Potion","damage_taken":0,"relics_obtained":["Art of War"],"max_hp_gain":0,"max_hp_loss":0,"event_name":"WeMeetAgain","floor":5,"gold_loss":0}],"is_beta":false,"boss_relics":[],"items_purged_floors":[3],"is_endless":false,"potions_floor_spawned":[1,14],"killed_by":"Slime Boss","ascension_level":20}