{"gold_per_floor":[110,124,124,136,136,136,171,171,224,259,273,306,306,89,89,166,166,183,183,197,14,31,64,64,98,98,112,112],"floor_reached":28,"playtime":3326,"items_purged":["Strike_G","Strike_G"],"score":627,"play_id":"09faf26b-4d9d-49d7-86f0-77de0b3b57a2","local_time":"20181008225754","is_ascension_mode":true,"campfire_choices":[{"data":"All Out Attack","floor":6,"key":"SMITH"},{"floor":8,"key":"REST"},{"data":"Die Die Die","floor":15,"key":"SMITH"},{"data":"Catalyst","floor":24,"key":"SMITH"}],"neow_cost":"","seed_source_timestamp":1645182670829224,"circlet_count":0,"master_deck":["Defend_G","Defend_G","Defend_G","Defend_G","Defend_G","Strike_G","Strike_G","Strike_G","Survivor","Neutralize","AscendersBane","Backflip","All Out Attack+1","Poisoned Stab+1","Die Die Die+1","Flying Knee","Footwork","Dagger Throw","Footwork","PiercingWail","Corpse Explosion","Infinite Blades","Ghostly","Ghostly","Ghostly","Ghostly","Ghostly","Sucker Punch+1","Catalyst+1"],"relics":["Ring of the Serpent","Oddly Smooth Stone","Pen Nib","Ice Cream","Pantograph","Sundial","Ornamental Fan","Darkstone Periapt"],"potions_floor_usage":[10,20,28],"damage_taken":[{"damage":6,"enemies":"Cultist","floor":1,"turns":6},{"damage":4,"enemies":"2 Louse","floor":2,"turns":4},{"damage":7,"enemies":"Jaw Worm","floor":4,"turns":7},{"damage":57,"enemies":"Gremlin Nob","floor":7,"turns":6},{"damage":31,"enemies":"Lagavulin","floor":10,"turns":8},{"damage":0,"enemies":"Looter","floor":11,"turns":3},{"damage":26,"enemies":"Gremlin Nob","floor":12,"turns":4},{"damage":6,"enemies":"The Guardian","floor":16,"turns":14},{"damage":15,"enemies":"Spheric Guardian","floor":18,"turns":7},{"damage":6,"enemies":"3 Byrds","floor":20,"turns":5},{"damage":11,"enemies":"Centurion and Healer","floor":22,"turns":9},{"damage":0,"enemies":"Slavers","floor":23,"turns":6},{"damage":2,"enemies":"Gremlin Leader","floor":25,"turns":8},{"damage":6,"enemies":"Chosen and Byrds","floor":27,"turns":8},{"damage":21,"enemies":"Book of Stabbing","floor":28,"turns":6}],"seed_played":"171516850944136979","potions_obtained":[{"floor":3,"key":"FairyPotion"},{"floor":3,"key":"FairyPotion"},{"floor":7,"key":"Regen Potion"},{"floor":11,"key":"Explosive Potion"},{"floor":12,"key":"Energy Potion"},{"floor":20,"key":"SkillPotion"},{"floor":22,"key":"AttackPotion"},{"floor":27,"key":"Fire Potion"}],"is_trial":false,"path_per_floor":["M","M","?","M","?","R","E","R","T","E","M","E","?","$","R","B",null,"M","?","M","$","M","E","R","E","T","M"],"character_chosen":"THE_SILENT","items_purchased":["Footwork","PiercingWail","Catalyst"],"campfire_rested":1,"item_purchase_floors":[14,14,21],"current_hp_per_floor":[53,49,49,42,42,42,3,22,22,6,6,6,6,6,6,25,56,41,33,27,27,16,16,16,14,14,8,0],"gold":112,"neow_bonus":"","is_prod":false,"is_daily":false,"chose_seed":false,"campfire_upgraded":3,"win_rate":0,"timestamp":1539032274,"path_taken":["M","M","?","M","?","R","E","R","T","E","M","E","?","$","R","BOSS","M","?","M","$","M","E","R","E","T","M","E"],"build_version":"2018-10-04v2","purchased_purges":2,"victory":false,"max_hp_per_floor":[66,66,66,66,66,66,66,66,66,66,66,66,66,66,66,66,66,66,33,33,33,33,33,33,33,33,33,33],"card_choices":[{"not_picked":["Prepared","Acrobatics"],"picked":"Backflip","floor":1},{"not_picked":["Outmaneuver","Underhanded Strike"],"picked":"All Out Attack","floor":2},{"not_picked":["Backflip","Cloak And Dagger"],"picked":"Poisoned Stab","floor":4},{"not_picked":["Infinite Blades","Masterful Stab"],"picked":"Die Die Die","floor":7},{"not_picked":["Blur","Underhanded Strike"],"picked":"Flying Knee","floor":10},{"not_picked":["Flechettes","Backflip"],"picked":"Footwork","floor":11},{"not_picked":["Bane","Acrobatics"],"picked":"Dagger Throw","floor":12},{"not_picked":["A Thousand Cuts","Doppelganger"],"picked":"Corpse Explosion","floor":16},{"not_picked":["Backflip","Acrobatics"],"picked":"Infinite Blades","floor":18},{"not_picked":["Dodge and Roll","Bane"],"picked":"Sucker Punch+1","floor":20},{"not_picked":["Dagger Spray","Flying Knee","Outmaneuver"],"picked":"SKIP","floor":22},{"not_picked":["Tactician","Setup","Prepared"],"picked":"SKIP","floor":23},{"not_picked":["Prepared","Choke","Doppelganger"],"picked":"SKIP","floor":25},{"not_picked":["Cloak And Dagger","Sucker Punch","Deadly Poison"],"picked":"SKIP","floor":27}],"player_experience":1379346,"relics_obtained":[{"floor":7,"key":"Oddly Smooth Stone"},{"floor":9,"key":"Pen Nib"},{"floor":10,"key":"Ice Cream"},{"floor":12,"key":"Pantograph"},{"floor":23,"key":"Sundial"},{"floor":25,"key":"Ornamental Fan"},{"floor":26,"key":"Darkstone Periapt"}],"event_choices":[{"event_name":"The Lab","player_choice":"Got Potions","floor":3,"damage_taken":0},{"event_name":"Liars Game","player_choice":"disagreed","floor":5,"damage_taken":0},{"event_name":"Living Wall","player_choice":"Grow","floor":13,"damage_taken":0},{"event_name":"Ghosts","player_choice":"Became a Ghost","floor":19,"damage_taken":0}],"is_beta":false,"boss_relics":[{"not_picked":["Orrery","Pandora\u0027s Box"],"picked":"Ring of the Serpent"}],"items_purged_floors":[14,21],"is_endless":false,"potions_floor_spawned":[7,11,12,20,22,27],"killed_by":"Book of Stabbing","ascension_level":20}