{"gold_per_floor":[119,119,135,135,154,195,35,35,107,147,147,147,191,206,206,299,299,315,315,330,330,13,13],"floor_reached":23,"playtime":1375,"items_purged":["Strike_B"],"score":514,"play_id":"a6f212d7-0b44-4feb-9096-64d31416151b","local_time":"20181117185330","is_ascension_mode":true,"campfire_choices":[{"data":"Capacitor","floor":8,"key":"SMITH"},{"data":"Zap","floor":12,"key":"SMITH"},{"data":"Steam Power","floor":15,"key":"SMITH"}],"neow_cost":"NONE","seed_source_timestamp":173260892086032,"circlet_count":0,"master_deck":["AscendersBane","Strike_B","Defend_B","Defend_B","Defend_B","Defend_B","Zap+1","Dualcast","Steam Power+1","Cold Snap","Cold Snap","Capacitor+1","Cold Snap","Creative AI+1","Ball Lightning","Compile Driver","Biased Cognition","Loop"],"relics":["Cracked Core","Golden Idol","Dream Catcher","Kunai","Letter Opener","Sundial","Snecko Eye","Bird Faced Urn"],"potions_floor_usage":[6,13,16,16],"damage_taken":[{"damage":1,"enemies":"2 Louse","floor":1,"turns":2},{"damage":2,"enemies":"Jaw Worm","floor":3,"turns":4},{"damage":0,"enemies":"Small Slimes","floor":5,"turns":3},{"damage":11,"enemies":"Lagavulin","floor":6,"turns":10},{"damage":18,"enemies":"3 Sentries","floor":10,"turns":12},{"damage":20,"enemies":"Gremlin Nob","floor":13,"turns":4},{"damage":2,"enemies":"Red Slaver","floor":14,"turns":3},{"damage":0,"enemies":"Slime Boss","floor":16,"turns":7},{"damage":0,"enemies":"Spheric Guardian","floor":18,"turns":3},{"damage":16,"enemies":"Shell Parasite","floor":20,"turns":5},{"damage":40,"enemies":"Slavers","floor":23,"turns":3}],"seed_played":"-7010236922154434422","potions_obtained":[{"floor":1,"key":"Strength Potion"},{"floor":5,"key":"FocusPotion"},{"floor":14,"key":"FocusPotion"}],"is_trial":false,"path_per_floor":["M","?","M","?","M","E","$","R","T","E","?","R","E","M","R","B",null,"M","?","M","?","$","E"],"character_chosen":"DEFECT","items_purchased":["FocusPotion","Bird Faced Urn"],"campfire_rested":0,"item_purchase_floors":[7,22],"current_hp_per_floor":[63,63,61,54,54,43,43,43,43,25,25,25,5,3,3,3,49,49,49,33,33,33,0],"gold":13,"neow_bonus":"TRANSFORM_CARD","is_prod":false,"is_daily":false,"chose_seed":false,"campfire_upgraded":3,"win_rate":0,"timestamp":1542477210,"path_taken":["M","?","M","?","M","E","?","R","T","E","?","R","E","M","R","BOSS","M","?","M","?","$","E"],"build_version":"2018-11-15","purchased_purges":1,"victory":false,"max_hp_per_floor":[71,64,64,64,64,64,64,64,64,64,64,64,64,64,64,64,64,64,64,64,64,64,64],"card_choices":[{"not_picked":["Scrape","Conserve Battery"],"picked":"Cold Snap","floor":1},{"not_picked":["Beam Cell","Conserve Battery"],"picked":"Cold Snap","floor":3},{"not_picked":["Leap","Hologram"],"picked":"Capacitor","floor":5},{"not_picked":["Steam","Multi-Cast"],"picked":"Cold Snap","floor":6},{"not_picked":["Hologram","Tempest"],"picked":"Creative AI","floor":10},{"not_picked":["Redo","Hologram"],"picked":"Ball Lightning","floor":13},{"not_picked":["Rebound","White Noise"],"picked":"Compile Driver","floor":14},{"not_picked":["Rainbow","Fission"],"picked":"Biased Cognition","floor":16},{"not_picked":["Storm","Redo","Barrage"],"picked":"SKIP","floor":18},{"not_picked":["Redo","Consume"],"picked":"Loop","floor":20}],"player_experience":1628311,"relics_obtained":[{"floor":6,"key":"Dream Catcher"},{"floor":9,"key":"Kunai"},{"floor":10,"key":"Letter Opener"},{"floor":13,"key":"Sundial"}],"event_choices":[{"damage_healed":0,"gold_gain":0,"player_choice":"Lose Max HP","damage_taken":0,"relics_obtained":["Golden Idol"],"max_hp_gain":0,"max_hp_loss":7,"event_name":"Golden Idol","floor":2,"gold_loss":0},{"cards_removed":["Strike_B"],"damage_healed":0,"gold_gain":0,"player_choice":"Card Removal","damage_taken":7,"max_hp_gain":0,"max_hp_loss":0,"event_name":"Golden Wing","floor":4,"gold_loss":0},{"damage_healed":0,"gold_gain":0,"player_choice":"Forge","damage_taken":0,"max_hp_gain":0,"max_hp_loss":0,"event_name":"Accursed Blacksmith","floor":11,"gold_loss":0,"cards_upgraded":["Creative AI"]},{"damage_healed":0,"gold_gain":0,"player_choice":"Ignored","damage_taken":0,"max_hp_gain":0,"max_hp_loss":0,"event_name":"Vampires","floor":19,"gold_loss":0},{"damage_healed":0,"gold_gain":0,"player_choice":"Ignored","damage_taken":0,"max_hp_gain":0,"max_hp_loss":0,"event_name":"The Mausoleum","floor":21,"gold_loss":0}],"is_beta":false,"boss_relics":[{"not_picked":["Orrery","Tiny House"],"picked":"Snecko Eye"}],"items_purged_floors":[7],"is_endless":false,"potions_floor_spawned":[1,5,10,14],"killed_by":"Slavers","ascension_level":20}