{"gold_per_floor":[111,131,143,162,162,174,207,207,207,52,62,62,62,96,96,201,201,213,228,244,1,1,1,64,64,64,97,0,0],"floor_reached":29,"playtime":2006,"items_purged":["Strike_G","Regret"],"score":380,"play_id":"15ec4c83-cea7-48b4-8988-258858b2bc5e","local_time":"20190211225406","is_ascension_mode":true,"campfire_choices":[{"data":"Neutralize","floor":12,"key":"SMITH"},{"floor":15,"key":"REST"},{"floor":23,"key":"REST"},{"floor":25,"key":"REST"}],"neow_cost":"NONE","seed_source_timestamp":0,"circlet_count":0,"master_deck":["Defend_G","Defend_G","Defend_G","Defend_G","Defend_G","Strike_G","Strike_G","Strike_G","Survivor","Neutralize+1","All Out Attack","Deflect","Bouncing Flask+1","A Thousand Cuts","Sucker Punch","Dash","Footwork","Dagger Throw","Noxious Fumes","Malaise","Doubt","Doubt","Leg Sweep","Well Laid Plans+1","Dodge and Roll+1","Wraith Form v2+1"],"special_seed":0,"relics":["Ring of the Snake","Bag of Preparation","Shuriken","Torii","Kunai","Darkstone Periapt","Calling Bell","Regal Pillow","Frozen Egg 2","Ginger","Anchor","Tiny Chest","Vajra","Juzu Bracelet"],"potions_floor_usage":[7,20,24,24,27],"damage_taken":[{"damage":0,"enemies":"2 Louse","floor":1,"turns":4},{"damage":0,"enemies":"Cultist","floor":2,"turns":3},{"damage":0,"enemies":"Jaw Worm","floor":3,"turns":4},{"damage":3,"enemies":"Looter","floor":4,"turns":4},{"damage":13,"enemies":"3 Louse","floor":6,"turns":2},{"damage":16,"enemies":"Lagavulin","floor":7,"turns":8},{"damage":0,"enemies":"Blue Slaver","floor":11,"turns":4},{"damage":11,"enemies":"3 Sentries","floor":14,"turns":9},{"damage":5,"enemies":"Hexaghost","floor":16,"turns":9},{"damage":19,"enemies":"3 Byrds","floor":18,"turns":5},{"damage":28,"enemies":"Spheric Guardian","floor":19,"turns":5},{"damage":24,"enemies":"Snake Plant","floor":20,"turns":6},{"damage":37,"enemies":"Slavers","floor":24,"turns":9},{"damage":23,"enemies":"Gremlin Leader","floor":27,"turns":9},{"damage":38,"enemies":"Slavers","floor":29,"turns":4}],"seed_played":"42962356400372167","potions_obtained":[{"floor":1,"key":"Block Potion"},{"floor":6,"key":"SkillPotion"},{"floor":11,"key":"FearPotion"},{"floor":14,"key":"GamblersBrew"},{"floor":16,"key":"Energy Potion"},{"floor":24,"key":"PowerPotion"}],"is_trial":false,"path_per_floor":["M","M","M","M","?","M","E","?","T","$","M","R","?","E","R","B",null,"M","M","M","$","?","R","E","R","T","E","?","E"],"character_chosen":"THE_SILENT","items_purchased":["Footwork","Anchor"],"campfire_rested":3,"item_purchase_floors":[10,21],"current_hp_per_floor":[63,63,63,60,60,47,31,31,31,31,31,31,31,20,41,36,80,61,33,9,9,9,50,13,54,54,31,31,0],"gold":0,"neow_bonus":"RANDOM_COMMON_RELIC","is_prod":false,"is_daily":false,"chose_seed":false,"campfire_upgraded":1,"win_rate":0,"timestamp":1549943646,"path_taken":["M","M","M","M","?","?","E","?","T","$","M","R","?","E","R","BOSS","M","M","M","$","?","R","E","R","T","E","?","E"],"build_version":"2019-01-23","purchased_purges":2,"victory":false,"max_hp_per_floor":[70,70,70,70,70,70,70,70,70,70,70,70,70,70,70,70,88,88,88,88,88,88,88,88,88,88,88,88,88],"card_choices":[{"not_picked":["Eviscerate","Acrobatics"],"picked":"All Out Attack","floor":1},{"not_picked":["Sucker Punch","Quick Slash"],"picked":"Deflect","floor":2},{"not_picked":["Riddle With Holes","Calculated Gamble"],"picked":"Bouncing Flask","floor":3},{"not_picked":["Dodge and Roll","Acrobatics"],"picked":"A Thousand Cuts","floor":4},{"not_picked":["Underhanded Strike","Distraction"],"picked":"Sucker Punch","floor":6},{"not_picked":["Sucker Punch","Cloak And Dagger"],"picked":"Dash","floor":7},{"not_picked":["Dash","Outmaneuver"],"picked":"Dagger Throw","floor":11},{"not_picked":["Outmaneuver","Quick Slash"],"picked":"Noxious Fumes","floor":14},{"not_picked":["Die Die Die","Wraith Form v2"],"picked":"Malaise","floor":16},{"not_picked":["Endless Agony","Distraction"],"picked":"Leg Sweep","floor":18},{"not_picked":["Masterful Stab","Sucker Punch"],"picked":"Well Laid Plans+1","floor":19},{"not_picked":["Poisoned Stab+1","Prepared"],"picked":"Dodge and Roll+1","floor":20},{"not_picked":["Heel Hook","Predator","Flying Knee"],"picked":"SKIP","floor":24},{"not_picked":["Finisher","Reflex"],"picked":"Wraith Form v2+1","floor":27}],"player_experience":212288,"relics_obtained":[{"floor":7,"key":"Shuriken"},{"floor":9,"key":"Kunai"},{"floor":14,"key":"Darkstone Periapt"},{"floor":17,"key":"Regal Pillow"},{"floor":17,"key":"Frozen Egg 2"},{"floor":17,"key":"Ginger"},{"floor":24,"key":"Tiny Chest"},{"floor":26,"key":"Vajra"},{"floor":27,"key":"Juzu Bracelet"}],"event_choices":[{"damage_healed":0,"gold_gain":0,"player_choice":"Forge","damage_taken":0,"max_hp_gain":0,"max_hp_loss":0,"event_name":"Accursed Blacksmith","floor":5,"gold_loss":0,"cards_upgraded":["Bouncing Flask"]},{"damage_healed":0,"gold_gain":0,"player_choice":"Searched \u00272\u0027 times","damage_taken":0,"relics_obtained":["Torii"],"max_hp_gain":0,"max_hp_loss":0,"event_name":"Dead Adventurer","floor":8,"gold_loss":0},{"cards_removed":["Strike_G"],"damage_healed":0,"gold_gain":0,"player_choice":"Forget","damage_taken":0,"max_hp_gain":0,"max_hp_loss":0,"event_name":"Living Wall","floor":13,"gold_loss":0},{"damage_healed":0,"gold_gain":0,"player_choice":"Ignored","damage_taken":0,"max_hp_gain":0,"max_hp_loss":0,"event_name":"Beggar","floor":22,"gold_loss":0},{"damage_healed":0,"gold_gain":0,"player_choice":"Paid Fearfully","damage_taken":0,"max_hp_gain":0,"max_hp_loss":0,"event_name":"Masked Bandits","floor":28,"gold_loss":97}],"is_beta":false,"boss_relics":[{"not_picked":["Busted Crown","White Beast Statue"],"picked":"Calling Bell"}],"items_purged_floors":[10,21],"is_endless":false,"potions_floor_spawned":[1,6,11,14,16,19,24],"killed_by":"Slavers","ascension_level":6}