{"gold_per_floor":[119,119,131,142,142,142,176,189,214,214,65,99,99,99,99,201,201,212,212,212,232,232],"floor_reached":22,"playtime":1230,"items_purged":["Strike_G"],"score":269,"play_id":"16f26464-7c7f-4a14-9f21-08314bd90491","local_time":"20190223144755","is_ascension_mode":true,"campfire_choices":[{"data":"Neutralize","floor":6.0,"key":"SMITH"},{"floor":13.0,"key":"REST"},{"data":"Footwork","floor":15.0,"key":"SMITH"}],"neow_cost":"NONE","seed_source_timestamp":819996045234400,"circlet_count":0,"master_deck":["Defend_G","Defend_G","Defend_G+1","Defend_G","Defend_G+1","Strike_G","Survivor","Neutralize+1","Infinite Blades","PiercingWail","Bullet Time","Dodge and Roll","Deflect","Riddle With Holes","Dagger Spray","Footwork+1","Envenom","Adrenaline","Dagger Throw","After Image"],"special_seed":0,"relics":["Ring of the Snake","NeowsBlessing","Art of War","Centennial Puzzle","Regal Pillow","War Paint","Paper Crane","Empty Cage"],"potions_floor_usage":[22],"damage_taken":[{"damage":0.0,"enemies":"Small Slimes","floor":1.0,"turns":1.0},{"damage":0.0,"enemies":"Cultist","floor":3.0,"turns":1.0},{"damage":0.0,"enemies":"Jaw Worm","floor":4.0,"turns":1.0},{"damage":28.0,"enemies":"3 Sentries","floor":7.0,"turns":13.0},{"damage":0.0,"enemies":"2 Fungi Beasts","floor":8.0,"turns":5.0},{"damage":16.0,"enemies":"Gremlin Nob","floor":12.0,"turns":4.0},{"damage":42.0,"enemies":"Slime Boss","floor":16.0,"turns":11.0},{"damage":0.0,"enemies":"3 Byrds","floor":18.0,"turns":7.0},{"damage":23,"enemies":"Spheric Guardian","floor":21,"turns":6},{"damage":25,"enemies":"Cultist and Chosen","floor":22,"turns":6}],"seed_played":"6916664281338591332","potions_obtained":[{"floor":3.0,"key":"Poison Potion"},{"floor":7.0,"key":"SteroidPotion"},{"floor":12.0,"key":"Fire Potion"},{"floor":16.0,"key":"Swift Potion"}],"is_trial":false,"path_per_floor":["M","?","M","M","?","R","E","M","T","?","$","E","R","T","R","B",null,"M","?","?","M","M"],"character_chosen":"THE_SILENT","items_purchased":["Footwork"],"campfire_rested":1,"item_purchase_floors":[11],"current_hp_per_floor":[63,63,63,63,56,56,28,28,28,25,25,9,45,45,45,3,53,53,53,40,17,0],"gold":232,"neow_bonus":"THREE_ENEMY_KILL","is_prod":false,"is_daily":false,"chose_seed":false,"campfire_upgraded":2,"win_rate":0,"timestamp":1550951275,"path_taken":["M","?","M","?","?","R","E","M","T","?","$","E","R","?","R","BOSS","M","?","?","M","M"],"build_version":"2019-01-23","purchased_purges":1,"victory":false,"max_hp_per_floor":[70,70,70,70,70,70,70,70,70,70,70,70,70,70,70,70,70,70,70,75,75,75],"card_choices":[{"not_picked":["Bane","Reflex"],"picked":"Infinite Blades","floor":1.0},{"not_picked":["Bane","Expertise"],"picked":"Dodge and Roll","floor":3.0},{"not_picked":["Quick Slash","Reflex"],"picked":"Deflect","floor":4.0},{"not_picked":["Eviscerate","Bane"],"picked":"Riddle With Holes","floor":7.0},{"not_picked":["Quick Slash","Bane"],"picked":"Dagger Spray","floor":8.0},{"not_picked":["Terror","Escape Plan"],"picked":"Envenom","floor":12.0},{"not_picked":["Malaise","Storm of Steel"],"picked":"Adrenaline","floor":16.0},{"not_picked":["Dagger Spray","Quick Slash"],"picked":"Dagger Throw","floor":18.0},{"not_picked":["All Out Attack","Footwork"],"picked":"After Image","floor":21}],"player_experience":274129,"relics_obtained":[{"floor":7.0,"key":"Art of War"},{"floor":9.0,"key":"Centennial Puzzle"},{"floor":12.0,"key":"War Paint"},{"floor":14.0,"key":"Paper Crane"}],"event_choices":[{"damage_healed":0.0,"max_hp_gain":0.0,"max_hp_loss":0.0,"gold_gain":0.0,"event_name":"Match and Keep!","player_choice":"2 cards matched","floor":2.0,"gold_loss":0.0,"damage_taken":0.0,"cards_obtained":["PiercingWail","Bullet Time"]},{"cards_removed":["Strike_G"],"damage_healed":0.0,"max_hp_gain":0.0,"max_hp_loss":0.0,"gold_gain":0.0,"event_name":"Golden Wing","player_choice":"Card Removal","floor":5.0,"gold_loss":0.0,"damage_taken":7.0},{"damage_healed":0.0,"max_hp_gain":0.0,"max_hp_loss":0.0,"gold_gain":0.0,"event_name":"Scrap Ooze","player_choice":"Success","floor":10.0,"gold_loss":0.0,"damage_taken":3.0,"relics_obtained":["Regal Pillow"]},{"damage_healed":0.0,"max_hp_gain":0.0,"max_hp_loss":0.0,"gold_gain":0.0,"event_name":"Vampires","player_choice":"Ignored","floor":19.0,"gold_loss":0.0,"damage_taken":0.0},{"damage_healed":0.0,"max_hp_gain":5.0,"max_hp_loss":0.0,"gold_gain":0.0,"event_name":"Forgotten Altar","player_choice":"Shed Blood","floor":20.0,"gold_loss":0.0,"damage_taken":18.0}],"is_beta":false,"boss_relics":[{"not_picked":["Calling Bell","Coffee Dripper"],"picked":"Empty Cage"}],"items_purged_floors":[11],"is_endless":false,"potions_floor_spawned":[3,7,12,16],"killed_by":"Cultist and Chosen","ascension_level":8}