{"gold_per_floor":[212,212,224,29,46,46,76,76,76,91,91],"floor_reached":11,"playtime":531,"items_purged":[],"score":99,"play_id":"78fad677-b8fd-4bde-9545-05ca82fc4c1a","local_time":"20190217083407","is_ascension_mode":true,"campfire_choices":[{"data":"Zap","floor":6,"key":"SMITH"},{"data":"Static Discharge","floor":8,"key":"SMITH"}],"neow_cost":"NONE","seed_source_timestamp":0,"circlet_count":0,"master_deck":["Strike_B","Strike_B","Strike_B","Strike_B","Defend_B","Defend_B","Defend_B","Defend_B","Zap+1","Dualcast","Compile Driver","Ball Lightning","Static Discharge+1","Ball Lightning+1","Glacier"],"special_seed":0,"relics":["Cracked Core","Runic Capacitor","Molten Egg 2","Bottled Lightning"],"potions_floor_usage":[7],"damage_taken":[{"damage":0,"enemies":"Cultist","floor":1,"turns":3},{"damage":1,"enemies":"2 Louse","floor":3,"turns":2},{"damage":4,"enemies":"Jaw Worm","floor":5,"turns":4},{"damage":18,"enemies":"Gremlin Nob","floor":7,"turns":3},{"damage":8,"enemies":"Blue Slaver","floor":10,"turns":3},{"damage":45,"enemies":"Gremlin Gang","floor":11,"turns":3}],"seed_played":"-62024857421404749","potions_obtained":[{"floor":3,"key":"Weak Potion"},{"floor":5,"key":"FearPotion"},{"floor":7,"key":"EssenceOfSteel"},{"floor":10,"key":"Ancient Potion"}],"is_trial":false,"path_per_floor":["M","$","M","$","M","R","E","R","T","M","M"],"character_chosen":"DEFECT","items_purchased":["Runic Capacitor"],"campfire_rested":0,"item_purchase_floors":[4],"current_hp_per_floor":[68,68,67,67,63,63,45,45,45,37,0],"gold":91,"neow_bonus":"HUNDRED_GOLD","is_prod":false,"is_daily":false,"chose_seed":false,"campfire_upgraded":2,"win_rate":0,"timestamp":1550410447,"path_taken":["M","?","M","$","M","R","E","R","T","M","?"],"build_version":"2019-01-23","purchased_purges":0,"victory":false,"max_hp_per_floor":[75,75,75,75,75,75,75,75,75,75,75],"card_choices":[{"not_picked":["Turbo","Reprogram"],"picked":"Compile Driver","floor":1},{"not_picked":["Reinforced Body","Rebound"],"picked":"Ball Lightning","floor":3},{"not_picked":["Stack","Beam Cell"],"picked":"Static Discharge","floor":5},{"not_picked":["Amplify","Storm"],"picked":"Ball Lightning","floor":7},{"not_picked":["Stack","Compile Driver+1"],"picked":"Glacier","floor":10}],"player_experience":1586998,"relics_obtained":[{"floor":7,"key":"Molten Egg 2"},{"floor":9,"key":"Bottled Lightning"}],"event_choices":[],"is_beta":false,"boss_relics":[],"items_purged_floors":[],"is_endless":false,"potions_floor_spawned":[3,5,7,10],"killed_by":"Gremlin Gang","ascension_level":7}