{"gold_per_floor":[119,129,142,155,31,31,63,63,63,102,125,125,125,125,125,254,254,275,119,119,119],"floor_reached":21,"playtime":884,"items_purged":["Strike_R"],"score":215,"play_id":"a7f58df6-f932-4115-b135-5a986518efb8","local_time":"20190310214508","is_ascension_mode":true,"campfire_choices":[{"data":"Armaments","floor":6,"key":"SMITH"},{"data":"Seeing Red","floor":15,"key":"SMITH"}],"neow_cost":"NONE","seed_source_timestamp":39125071734040,"circlet_count":0,"master_deck":["Strike_R","Strike_R","Strike_R","Strike_R","Defend_R","Defend_R","Defend_R","Defend_R","Bash","Armaments+1","Armaments+1","Body Slam+1","True Grit+1","Seeing Red+1","Injury","Havoc","Feel No Pain","Parasite","Thunderclap","Evolve"],"special_seed":0,"relics":["Burning Blood","NeowsBlessing","Boot","Golden Idol","War Paint","Bottled Flame","Ornamental Fan","Fusion Hammer","Centennial Puzzle"],"potions_floor_usage":[7,10,10],"damage_taken":[{"damage":0.0,"enemies":"Cultist","floor":1.0,"turns":1.0},{"damage":0,"enemies":"Small Slimes","floor":2,"turns":1},{"damage":0,"enemies":"2 Louse","floor":3,"turns":2},{"damage":11,"enemies":"Blue Slaver","floor":4,"turns":4},{"damage":20,"enemies":"3 Sentries","floor":7,"turns":10},{"damage":27,"enemies":"Gremlin Nob","floor":10,"turns":5},{"damage":8,"enemies":"2 Fungi Beasts","floor":11,"turns":6},{"damage":35,"enemies":"The Guardian","floor":16,"turns":14},{"damage":40,"enemies":"Spheric Guardian","floor":18,"turns":13},{"damage":0,"enemies":"3 Byrds","floor":21,"turns":1}],"seed_played":"3620047019306588324","potions_obtained":[{"floor":2,"key":"FearPotion"},{"floor":3,"key":"SkillPotion"},{"floor":4,"key":"Block Potion"},{"floor":11,"key":"FairyPotion"}],"is_trial":false,"path_per_floor":["M","M","M","M","$","R","E","?","T","E","M","?","T","?","R","B",null,"M","$","?","M"],"character_chosen":"IRONCLAD","items_purchased":["True Grit","Centennial Puzzle"],"campfire_rested":0,"item_purchase_floors":[5,19],"current_hp_per_floor":[80,80,80,75,75,75,61,61,61,40,38,58,58,58,58,29,80,46,46,46,46],"gold":119,"neow_bonus":"THREE_ENEMY_KILL","is_prod":false,"is_daily":false,"chose_seed":false,"campfire_upgraded":2,"win_rate":0,"timestamp":1552221908,"path_taken":["M","M","M","?","$","R","E","?","T","E","M","?","?","?","R","BOSS","M","$","?","M"],"build_version":"2019-01-23","purchased_purges":1,"victory":false,"max_hp_per_floor":[80,80,80,80,80,80,80,80,80,80,80,80,80,80,80,80,80,80,80,80,80],"card_choices":[{"not_picked":["Burning Pact","Clash"],"picked":"Armaments","floor":1},{"not_picked":["Combust","Intimidate"],"picked":"Armaments","floor":2},{"not_picked":["Disarm","Perfected Strike"],"picked":"Body Slam","floor":3},{"not_picked":["Clash","Bloodletting","Anger"],"picked":"SKIP","floor":4},{"not_picked":["Anger","Perfected Strike"],"picked":"Seeing Red","floor":7},{"not_picked":["Blood for Blood","Feed"],"picked":"Havoc","floor":10},{"not_picked":["Warcry","Twin Strike"],"picked":"Feel No Pain","floor":11},{"not_picked":["Clash","Hemokinesis"],"picked":"Thunderclap","floor":18}],"player_experience":283486,"relics_obtained":[{"floor":7,"key":"Boot"},{"floor":9,"key":"War Paint"},{"floor":10,"key":"Bottled Flame"},{"floor":13,"key":"Ornamental Fan"}],"event_choices":[{"damage_healed":0,"gold_gain":0,"player_choice":"Take Wound","damage_taken":0,"relics_obtained":["Golden Idol"],"max_hp_gain":0,"max_hp_loss":0,"event_name":"Golden Idol","floor":8,"gold_loss":0,"cards_obtained":["Injury"]},{"damage_healed":20,"gold_gain":0,"player_choice":"Healed and dodged fight","damage_taken":0,"max_hp_gain":0,"max_hp_loss":0,"event_name":"Mushrooms","floor":12,"gold_loss":0,"cards_obtained":["Parasite"]},{"damage_healed":0,"gold_gain":0,"player_choice":"Grow","damage_taken":0,"max_hp_gain":0,"max_hp_loss":0,"event_name":"Living Wall","floor":14,"gold_loss":0,"cards_upgraded":["Body Slam"]},{"damage_healed":0,"gold_gain":0,"player_choice":"Read","damage_taken":0,"max_hp_gain":0,"max_hp_loss":0,"event_name":"The Library","floor":20,"gold_loss":0,"cards_obtained":["Evolve"]}],"is_beta":false,"boss_relics":[{"not_picked":["Runic Dome","Ectoplasm"],"picked":"Fusion Hammer"}],"items_purged_floors":[5],"is_endless":false,"potions_floor_spawned":[2,3,4,11],"killed_by":"3 Byrds","ascension_level":3}