{"gold_per_floor":[119,136,155,155,305,305,331,331,331,345,371,30,45,63,63,139,139,153,153,170,170,11,11,25,59,59,92,92,112,124,143,143,220,220,234,245,2,20,20,20,53,53,53,84,84,101,114,114,114,114,114],"floor_reached":52,"playtime":3307,"items_purged":["Dualcast"],"score":2028,"play_id":"9c1aace6-0cb6-4265-b3ba-5b4a5457cba8","local_time":"20181011204550","is_ascension_mode":true,"campfire_choices":[{"data":"Rip and Tear","floor":6,"key":"SMITH"},{"floor":8,"key":"REST"},{"floor":15,"key":"REST"},{"data":"Sunder","floor":23,"key":"SMITH"},{"data":"Doom and Gloom","floor":32,"key":"SMITH"},{"floor":40,"key":"REST"},{"floor":42,"key":"REST"},{"floor":49,"key":"REST"}],"neow_cost":"NONE","seed_source_timestamp":109695684931391,"circlet_count":0,"master_deck":["AscendersBane","Rip and Tear+1","Glacier","Compile Driver","Chill+1","Doom and Gloom+1","BootSequence","Glacier","Fission","Buffer+1","Blizzard","Sunder+1","Gash","Go for the Eyes","Hello World+1","Compile Driver","Gash","Cold Snap","Machine Learning+1","Consume+1","Writhe","Heatsinks+1","Gash","Creative AI+1","Loop+1","Storm+1","Violence","Force Field","Defragment+1","Static Discharge+1","Gash","Turbo+1"],"relics":["Cracked Core","Omamori","Turnip","Frozen Egg 2","Du-Vu Doll","Ancient Tea Set","Regal Pillow","Art of War","Pandora\u0027s Box","Pen Nib","PreservedInsect","Ginger","Potion Belt","Cursed Key","Orichalcum","Smiling Mask"],"potions_floor_usage":[10,16,24,36,51,51,51,51],"damage_taken":[{"damage":14,"enemies":"Jaw Worm","floor":1,"turns":4},{"damage":3,"enemies":"2 Louse","floor":2,"turns":2},{"damage":1,"enemies":"Small Slimes","floor":3,"turns":3},{"damage":32,"enemies":"Gremlin Nob","floor":7,"turns":4},{"damage":4,"enemies":"Looter","floor":10,"turns":2},{"damage":19,"enemies":"Lagavulin","floor":11,"turns":7},{"damage":0,"enemies":"Large Slime","floor":13,"turns":3},{"damage":0,"enemies":"3 Louse","floor":14,"turns":4},{"damage":13,"enemies":"Slime Boss","floor":16,"turns":7},{"damage":5,"enemies":"Shell Parasite","floor":18,"turns":4},{"damage":0,"enemies":"Spheric Guardian","floor":20,"turns":5},{"damage":0,"enemies":"3 Cultists","floor":24,"turns":7},{"damage":12,"enemies":"Gremlin Leader","floor":25,"turns":6},{"damage":13,"enemies":"Slavers","floor":27,"turns":3},{"damage":0,"enemies":"Centurion and Healer","floor":29,"turns":7},{"damage":0,"enemies":"Sentry and Sphere","floor":30,"turns":4},{"damage":1,"enemies":"3 Cultists","floor":31,"turns":4},{"damage":34,"enemies":"Automaton","floor":33,"turns":10},{"damage":41,"enemies":"3 Darklings","floor":35,"turns":4},{"damage":0,"enemies":"Orb Walker","floor":36,"turns":3},{"damage":1,"enemies":"4 Shapes","floor":38,"turns":6},{"damage":9,"enemies":"Giant Head","floor":41,"turns":7},{"damage":0,"enemies":"Nemesis","floor":44,"turns":7},{"damage":3,"enemies":"Maw","floor":46,"turns":6},{"damage":24,"enemies":"Spire Growth","floor":47,"turns":4},{"damage":69,"enemies":"Time Eater","floor":50,"turns":11},{"damage":0,"enemies":"Donu and Deca","floor":51,"turns":8}],"seed_played":"4610167521879545985","potions_obtained":[{"floor":1,"key":"Swift Potion"},{"floor":7,"key":"AttackPotion"},{"floor":11,"key":"Strength Potion"},{"floor":27,"key":"Poison Potion"},{"floor":29,"key":"Explosive Potion"},{"floor":30,"key":"GamblersBrew"},{"floor":31,"key":"Swift Potion"},{"floor":36,"key":"EssenceOfSteel"},{"floor":38,"key":"EssenceOfSteel"},{"floor":41,"key":"FocusPotion"}],"is_trial":false,"path_per_floor":["M","M","M","?","?","R","E","R","T","M","E","$","M","M","R","B",null,"M","?","M","?","$","R","M","E","T","E","?","M","M","M","R","B",null,"M","M","$","M","?","R","E","R","T","E","?","M","M","?","R","B","B"],"character_chosen":"DEFECT","items_purchased":["Regal Pillow","Art of War","Regen Potion","Storm+1","Violence"],"campfire_rested":5,"item_purchase_floors":[12,12,22,37,37],"current_hp_per_floor":[50,47,46,41,41,41,9,30,30,26,7,7,7,7,43,30,61,56,56,56,56,56,56,71,59,59,46,46,46,46,45,45,11,56,15,15,15,14,14,50,41,71,71,71,71,68,44,44,71,2,2],"gold":114,"neow_bonus":"RANDOM_COMMON_RELIC","is_prod":false,"is_daily":false,"chose_seed":false,"campfire_upgraded":3,"win_rate":0,"timestamp":1539283550,"path_taken":["M","M","M","?","?","R","E","R","T","M","E","$","M","M","R","BOSS","M","?","M","?","?","R","M","E","T","E","?","?","?","M","R","BOSS","M","M","$","M","?","R","E","R","T","E","?","M","M","?","R","BOSS","BOSS"],"build_version":"2018-10-04v2","purchased_purges":1,"victory":true,"max_hp_per_floor":[71,71,71,71,71,71,71,71,71,71,71,71,71,71,71,71,71,71,71,71,71,71,71,71,71,71,71,71,71,71,71,71,71,71,71,71,71,71,71,71,71,71,71,71,71,71,71,71,71,71,71],"card_choices":[{"not_picked":["Skim","Barrage"],"picked":"Rip and Tear","floor":1},{"not_picked":["Cold Snap","Hologram"],"picked":"Glacier","floor":2},{"not_picked":["Streamline","Gash"],"picked":"Compile Driver","floor":3},{"not_picked":["Compile Driver","Rebound"],"picked":"Chill","floor":7},{"not_picked":["Turbo","Go for the Eyes"],"picked":"Doom and Gloom","floor":10},{"not_picked":["Beam Cell","Recycle"],"picked":"BootSequence","floor":11},{"not_picked":["Stack","Go for the Eyes"],"picked":"Glacier","floor":13},{"not_picked":["Lockon","Barrage"],"picked":"Fission","floor":14},{"not_picked":["Multi-Cast","Hyperbeam"],"picked":"Buffer+1","floor":16},{"not_picked":["Compile Driver","Turbo"],"picked":"Undo","floor":18},{"not_picked":["Go for the Eyes","Rip and Tear","Coolheaded"],"picked":"SKIP","floor":20},{"not_picked":["Tempest+1","Chill"],"picked":"Machine Learning+1","floor":24},{"not_picked":["Turbo","Core Surge"],"picked":"Consume+1","floor":25},{"not_picked":["Auto Shields","Go for the Eyes","Stack"],"picked":"SKIP","floor":27},{"not_picked":["Rebound+1","Redo"],"picked":"Heatsinks+1","floor":29},{"not_picked":["Melter","Compile Driver"],"picked":"Gash","floor":30},{"not_picked":["Coolheaded","Stack","Auto Shields"],"picked":"SKIP","floor":31},{"not_picked":["Multi-Cast","Seek"],"picked":"Creative AI+1","floor":33},{"not_picked":["Leap","Compile Driver","Lockon"],"picked":"SKIP","floor":35},{"not_picked":["Barrage","Compile Driver+1"],"picked":"Loop+1","floor":36},{"not_picked":["Cold Snap","Compile Driver"],"picked":"Force Field","floor":38},{"not_picked":["Consume","Coolheaded"],"picked":"Defragment+1","floor":41},{"not_picked":["Go for the Eyes","Chaos+1","Rebound"],"picked":"SKIP","floor":44},{"not_picked":["Compile Driver","Go for the Eyes"],"picked":"Gash","floor":46},{"not_picked":["Barrage+1","Hologram"],"picked":"Turbo+1","floor":47}],"player_experience":1427140,"relics_obtained":[{"floor":7,"key":"Frozen Egg 2"},{"floor":9,"key":"Du-Vu Doll"},{"floor":11,"key":"Ancient Tea Set"},{"floor":25,"key":"Pen Nib"},{"floor":26,"key":"PreservedInsect"},{"floor":27,"key":"Ginger"},{"floor":41,"key":"Orichalcum"},{"floor":44,"key":"Smiling Mask"}],"event_choices":[{"event_name":"Scrap Ooze","player_choice":"success","floor":4,"damage_taken":5},{"event_name":"Liars Game","player_choice":"agreed","floor":5,"damage_taken":0},{"event_name":"Wheel of Change","player_choice":"Curse","floor":19,"damage_taken":0},{"event_name":"Vampires","player_choice":"Ignored","floor":21,"damage_taken":0},{"event_name":"The Mausoleum","player_choice":"Yes","floor":28,"damage_taken":0},{"event_name":"Falling","player_choice":"Removed Skill","floor":39,"damage_taken":0},{"event_name":"Transmorgrifier","player_choice":"Transform","floor":45,"damage_taken":0},{"event_name":"Upgrade Shrine","player_choice":"Upgraded","floor":48,"damage_taken":0}],"is_beta":false,"boss_relics":[{"not_picked":["Empty Cage","Runic Dome"],"picked":"Pandora\u0027s Box"},{"not_picked":["Philosopher\u0027s Stone","Orrery"],"picked":"Cursed Key"}],"items_purged_floors":[22],"is_endless":false,"potions_floor_spawned":[1,7,11,27,29,30,31,33,36,38,41],"ascension_level":20}