{"gold_per_floor":[113,123,136,5,21,21,48,48,121,134,168,148,148,165,165,165],"floor_reached":16,"playtime":697,"items_purged":["Strike_R"],"score":224,"play_id":"69f3e1c9-f730-43aa-92d7-2e7930dfbcf4","local_time":"20181015215819","is_ascension_mode":true,"campfire_choices":[{"data":"Bash","floor":6,"key":"SMITH"},{"data":"Clothesline","floor":8,"key":"SMITH"},{"floor":15,"key":"REST"}],"neow_cost":"","seed_source_timestamp":462311906043734,"circlet_count":0,"master_deck":["Strike_R","Strike_R+1","Strike_R","Strike_R","Defend_R","Defend_R","Defend_R","Defend_R","Bash+1","AscendersBane","Clothesline+1","Anger+1","Shockwave","Flame Barrier","Disarm","Shrug It Off"],"relics":["Burning Blood","StoneCalendar","Letter Opener","Whetstone"],"potions_floor_usage":[7,11,14],"damage_taken":[{"damage":4,"enemies":"Jaw Worm","floor":1,"turns":5},{"damage":2,"enemies":"Cultist","floor":2,"turns":4},{"damage":8,"enemies":"2 Louse","floor":3,"turns":3},{"damage":8,"enemies":"Blue Slaver","floor":5,"turns":6},{"damage":20,"enemies":"Lagavulin","floor":7,"turns":6},{"damage":8,"enemies":"Red Slaver","floor":10,"turns":4},{"damage":52,"enemies":"Gremlin Nob","floor":11,"turns":5},{"damage":7,"enemies":"Exordium Wildlife","floor":14,"turns":5},{"damage":31,"enemies":"Hexaghost","floor":16,"turns":9}],"seed_played":"3316124891659576262","potions_obtained":[{"floor":2,"key":"Swift Potion"},{"floor":5,"key":"AttackPotion"},{"floor":11,"key":"Explosive Potion"},{"floor":12,"key":"Block Potion"}],"is_trial":false,"path_per_floor":["M","M","M","$","M","R","E","R","T","M","E","?","?","M","R"],"character_chosen":"IRONCLAD","items_purchased":["SkillPotion"],"campfire_rested":1,"item_purchase_floors":[4],"current_hp_per_floor":[70,74,72,72,70,70,56,56,56,54,8,8,8,7,29,0],"gold":165,"neow_bonus":"","is_prod":false,"is_daily":false,"chose_seed":false,"campfire_upgraded":2,"win_rate":0,"timestamp":1539633499,"path_taken":["M","M","M","$","M","R","E","R","T","M","E","?","?","M","R","BOSS"],"build_version":"2018-10-11","purchased_purges":1,"victory":false,"max_hp_per_floor":[75,75,75,75,75,75,75,75,75,75,75,75,75,75,75,75],"card_choices":[{"not_picked":["Iron Wave","Anger"],"picked":"Clothesline","floor":1},{"not_picked":["Second Wind","Clash"],"picked":"Anger","floor":2},{"not_picked":["Rupture","Second Wind"],"picked":"Shockwave","floor":3},{"not_picked":["Cleave","Wild Strike"],"picked":"Flame Barrier","floor":5},{"not_picked":["Perfected Strike","Havoc"],"picked":"Disarm","floor":7},{"not_picked":["Havoc","Thunderclap"],"picked":"Shrug It Off","floor":10},{"not_picked":["Perfected Strike","Body Slam","Combust"],"picked":"SKIP","floor":11},{"not_picked":["Pommel Strike","Havoc","True Grit"],"picked":"SKIP","floor":14}],"player_experience":1446441,"relics_obtained":[{"floor":7,"key":"StoneCalendar"},{"floor":9,"key":"Letter Opener"},{"floor":11,"key":"Whetstone"}],"event_choices":[{"event_name":"The Woman in Blue","player_choice":"Bought 1 Potion","floor":12,"damage_taken":0},{"event_name":"Shining Light","player_choice":"Ignored","floor":13,"damage_taken":0}],"is_beta":false,"boss_relics":[],"items_purged_floors":[4],"is_endless":false,"potions_floor_spawned":[2,5,11],"killed_by":"Hexaghost","ascension_level":20}