{"gold_per_floor":[11,11,91,91,111,111,138,154,178,178,195,195,210,220,220,294,294,307,339,359,27,27,27,62,6,33,43,43,43,43,56,56,130,130,143,162,162,62,77,77,88,101,101,101,117,134,134,134,134,134,134],"floor_reached":51,"playtime":3768,"items_purged":["Strike_G","Shame"],"score":1288,"play_id":"b4077046-bcc3-414e-9f64-5612b06156d7","local_time":"20181018182710","is_ascension_mode":true,"campfire_choices":[{"data":"Deadly Poison","floor":6,"key":"SMITH"},{"data":"Leg Sweep","floor":10,"key":"SMITH"},{"data":"Bane","floor":12,"key":"SMITH"},{"data":"Deadly Poison","floor":15,"key":"SMITH"},{"floor":23,"key":"REST"},{"floor":28,"key":"REST"},{"floor":30,"key":"REST"},{"data":"Crippling Poison","floor":32,"key":"SMITH"},{"floor":40,"key":"REST"},{"floor":44,"key":"REST"},{"floor":49,"key":"REST"}],"neow_cost":"NO_GOLD","seed_source_timestamp":162906475886164,"circlet_count":0,"master_deck":["Defend_G","Defend_G","Defend_G","Defend_G","Defend_G","Survivor","Neutralize","AscendersBane","Deadly Poison+1","Bane+1","Leg Sweep+1","Masterful Stab","Deadly Poison+1","Terror+1","Cloak And Dagger+1","Deflect+1","Calculated Gamble","Well Laid Plans","Crippling Poison+1","Skewer+1","PiercingWail","Die Die Die","Predator","Deadly Poison","Backflip","Catalyst","Apotheosis","Violence","Thinking Ahead"],"relics":["Ring of the Snake","Pocketwatch","Matryoshka","Dead Branch","Anchor","Oddly Smooth Stone","Astrolabe","Red Mask","Happy Flower","Vajra","Regal Pillow","Ancient Tea Set","HoveringKite","PreservedInsect"],"potions_floor_usage":[19,21,24,27,33,50],"damage_taken":[{"damage":3,"enemies":"Cultist","floor":1,"turns":5},{"damage":0,"enemies":"2 Louse","floor":5,"turns":5},{"damage":34,"enemies":"3 Sentries","floor":7,"turns":12},{"damage":1,"enemies":"Small Slimes","floor":8,"turns":4},{"damage":0,"enemies":"2 Fungi Beasts","floor":11,"turns":5},{"damage":0,"enemies":"3 Louse","floor":13,"turns":2},{"damage":0,"enemies":"Exordium Thugs","floor":14,"turns":4},{"damage":1,"enemies":"The Guardian","floor":16,"turns":8},{"damage":5,"enemies":"2 Thieves","floor":18,"turns":3},{"damage":22,"enemies":"Masked Bandits","floor":19,"turns":5},{"damage":2,"enemies":"Spheric Guardian","floor":20,"turns":4},{"damage":32,"enemies":"Book of Stabbing","floor":24,"turns":5},{"damage":2,"enemies":"Chosen and Byrds","floor":27,"turns":5},{"damage":6,"enemies":"Snake Plant","floor":31,"turns":5},{"damage":54,"enemies":"Automaton","floor":33,"turns":12},{"damage":42,"enemies":"3 Darklings","floor":35,"turns":10},{"damage":0,"enemies":"3 Shapes","floor":36,"turns":3},{"damage":0,"enemies":"Reptomancer","floor":39,"turns":6},{"damage":6,"enemies":"Maw","floor":41,"turns":7},{"damage":22,"enemies":"3 Darklings","floor":42,"turns":5},{"damage":6,"enemies":"4 Shapes","floor":45,"turns":7},{"damage":1,"enemies":"Sphere and 2 Shapes","floor":46,"turns":6},{"damage":75,"enemies":"Awakened One","floor":50,"turns":16},{"damage":5,"enemies":"Donu and Deca","floor":51,"turns":2}],"seed_played":"-4574461294074368170","potions_obtained":[{"floor":8,"key":"Energy Potion"},{"floor":14,"key":"Regen Potion"},{"floor":31,"key":"Poison Potion"},{"floor":35,"key":"Ancient Potion"},{"floor":36,"key":"PowerPotion"},{"floor":42,"key":"GhostInAJar"}],"is_trial":false,"path_per_floor":["M","$","T","?","M","R","E","M","T","R","M","R","M","M","R","B",null,"M","?","M","$","?","R","E","$","T","M","R","?","R","M","R","B",null,"M","M","?","$","M","R","M","M","T","R","M","M","?","?","R","B"],"character_chosen":"THE_SILENT","items_purchased":["Crippling Poison","Fruit Juice","LiquidBronze","Fire Potion"],"campfire_rested":6,"item_purchase_floors":[21,21,21,25],"current_hp_per_floor":[56,56,56,49,49,49,15,14,14,14,14,14,14,14,14,13,53,48,26,24,29,29,50,18,18,18,28,64,44,76,70,70,16,61,19,19,19,19,19,56,50,28,28,65,59,58,58,48,76,1,0],"gold":134,"neow_bonus":"ONE_RARE_RELIC","is_prod":false,"is_daily":false,"chose_seed":false,"campfire_upgraded":5,"win_rate":0,"timestamp":1539880030,"path_taken":["M","?","?","?","?","R","E","M","T","R","M","R","M","M","R","BOSS","M","?","M","$","?","R","E","?","T","M","R","?","R","M","R","BOSS","M","M","?","$","M","R","?","?","T","R","M","M","?","?","R","BOSS","BOSS"],"build_version":"2018-10-11","purchased_purges":2,"victory":false,"max_hp_per_floor":[66,66,66,66,66,66,66,66,66,66,66,66,66,66,66,66,66,66,66,66,71,71,71,71,71,71,71,71,76,76,76,76,76,76,76,76,76,76,76,76,76,76,76,76,76,76,76,76,76,76,76],"card_choices":[{"not_picked":["Prepared","Catalyst"],"picked":"Deadly Poison","floor":1},{"not_picked":["Flying Knee","Deflect"],"picked":"Bane","floor":5},{"not_picked":["Slice","Bane","Cloak And Dagger"],"picked":"SKIP","floor":7},{"not_picked":["Accuracy","Acrobatics"],"picked":"Leg Sweep","floor":8},{"not_picked":["Slice","Cloak And Dagger"],"picked":"Masterful Stab","floor":11},{"not_picked":["PiercingWail","Dodge and Roll"],"picked":"Deadly Poison","floor":13},{"not_picked":["Dodge and Roll","Slice","Acrobatics"],"picked":"SKIP","floor":14},{"not_picked":["Grand Finale","Glass Knife"],"picked":"Envenom","floor":16},{"not_picked":["Outmaneuver","Poisoned Stab","Bane"],"picked":"SKIP","floor":18},{"not_picked":["Skewer","Dash"],"picked":"Calculated Gamble","floor":19},{"not_picked":["All Out Attack","Dash"],"picked":"Well Laid Plans","floor":20},{"not_picked":["Heel Hook","Outmaneuver+1"],"picked":"Skewer+1","floor":24},{"not_picked":["Dagger Throw","Escape Plan","Flying Knee"],"picked":"SKIP","floor":27},{"not_picked":["Blade Dance","Acrobatics"],"picked":"PiercingWail","floor":31},{"not_picked":["Wraith Form v2","After Image"],"picked":"Die Die Die","floor":33},{"not_picked":["Sucker Punch","Flying Knee"],"picked":"Predator","floor":35},{"not_picked":["Sucker Punch+1","Underhanded Strike"],"picked":"Deadly Poison","floor":36},{"not_picked":["Poisoned Stab","Concentrate"],"picked":"Backflip","floor":39},{"not_picked":["Bane","Dagger Spray"],"picked":"Catalyst","floor":41},{"not_picked":["Prepared+1","Grand Finale","Flying Knee"],"picked":"SKIP","floor":42},{"not_picked":["Sucker Punch","Distraction","Well Laid Plans"],"picked":"SKIP","floor":45},{"not_picked":["Flash of Steel","Swift Strike"],"picked":"Apotheosis","floor":48},{"not_picked":["Finesse","Blind"],"picked":"Violence","floor":48},{"not_picked":["Blind","Finesse"],"picked":"Thinking Ahead","floor":48}],"player_experience":1455935,"relics_obtained":[{"floor":3,"key":"Matryoshka"},{"floor":7,"key":"Dead Branch"},{"floor":9,"key":"Anchor"},{"floor":9,"key":"Oddly Smooth Stone"},{"floor":19,"key":"Red Mask"},{"floor":24,"key":"Vajra"},{"floor":26,"key":"Regal Pillow"},{"floor":26,"key":"Ancient Tea Set"},{"floor":43,"key":"PreservedInsect"}],"event_choices":[{"event_name":"Golden Wing","player_choice":"Card Removal","floor":4,"damage_taken":0},{"event_name":"Masked Bandits","player_choice":"Fought Bandits","floor":19,"damage_taken":0},{"event_name":"Addict","player_choice":"Stole Relic","floor":22,"damage_taken":0},{"event_name":"Forgotten Altar","player_choice":"Shed Blood","floor":29,"damage_taken":0},{"event_name":"The Moai Head","player_choice":"Ignored","floor":37,"damage_taken":0},{"event_name":"Falling","player_choice":"Removed Power","floor":47,"damage_taken":0},{"event_name":"SensoryStone","player_choice":"Memory 3","floor":48,"damage_taken":0}],"is_beta":false,"boss_relics":[{"not_picked":["White Beast Statue","Runic Pyramid"],"picked":"Astrolabe"},{"not_picked":["Philosopher\u0027s Stone","Calling Bell"],"picked":"HoveringKite"}],"items_purged_floors":[21,38],"is_endless":false,"potions_floor_spawned":[8,14,18,31,35,36,42],"killed_by":"Donu and Deca","ascension_level":20}