{"gold_per_floor":[109,109,123,133,148,148,223,253,253,253,280,296,296,310,310,310],"floor_reached":16,"playtime":1048,"items_purged":[],"score":134,"play_id":"5f76e531-3532-4597-b238-1c667f202530","local_time":"20190311024325","is_ascension_mode":true,"campfire_choices":[{"data":"Hemokinesis","floor":6,"key":"SMITH"},{"floor":10,"key":"REST"},{"data":"True Grit","floor":15,"key":"SMITH"}],"neow_cost":"NONE","seed_source_timestamp":43390057454628,"circlet_count":0,"master_deck":["Strike_R","Strike_R","Strike_R","Strike_R","Defend_R","Defend_R","Defend_R","Defend_R","Bash","Cleave","Iron Wave","True Grit+1","Hemokinesis+1","Immolate"],"relics":["Burning Blood","Juzu Bracelet","Centennial Puzzle","Ancient Tea Set","Letter Opener","Incense Burner"],"potions_floor_usage":[5,16,16,16],"damage_taken":[{"damage":2,"enemies":"2 Louse","floor":1,"turns":4},{"damage":1,"enemies":"Cultist","floor":3,"turns":3},{"damage":10,"enemies":"Small Slimes","floor":4,"turns":5},{"damage":8,"enemies":"Exordium Thugs","floor":5,"turns":6},{"damage":43,"enemies":"Lagavulin","floor":8,"turns":9},{"damage":13,"enemies":"Gremlin Nob","floor":11,"turns":3},{"damage":4,"enemies":"Red Slaver","floor":12,"turns":3},{"damage":3,"enemies":"Looter","floor":14,"turns":3},{"damage":100,"enemies":"The Guardian","floor":16,"turns":13}],"seed_played":"-3457782603363224699","potions_obtained":[{"floor":4,"key":"Energy Potion"},{"floor":5,"key":"BloodPotion"},{"floor":11,"key":"GamblersBrew"},{"floor":14,"key":"Regen Potion"}],"is_trial":false,"path_per_floor":["M","?","M","M","M","R","?","E","T","R","E","M","?","M","R","B"],"character_chosen":"IRONCLAD","items_purchased":[],"campfire_rested":1,"item_purchase_floors":[],"current_hp_per_floor":[80,80,80,76,74,74,63,26,26,50,43,45,45,48,48,0],"gold":310,"neow_bonus":"RANDOM_COMMON_RELIC","is_prod":false,"is_daily":false,"chose_seed":false,"campfire_upgraded":2,"win_rate":0,"timestamp":1552265005,"path_taken":["M","?","M","M","M","R","?","E","T","R","E","M","?","M","R","BOSS"],"build_version":"2019-01-23","purchased_purges":0,"victory":false,"max_hp_per_floor":[80,80,80,80,80,80,80,80,80,80,80,80,80,80,80,80],"card_choices":[{"not_picked":["True Grit","Seeing Red"],"picked":"Cleave","floor":1},{"not_picked":["Shrug It Off","Rupture"],"picked":"Iron Wave","floor":3},{"not_picked":["Rupture","Thunderclap"],"picked":"True Grit","floor":4},{"not_picked":["Perfected Strike","Heavy Blade"],"picked":"Hemokinesis","floor":5},{"not_picked":["Ghostly Armor","Flex"],"picked":"Immolate","floor":8},{"not_picked":["Entrench","Rage","Perfected Strike"],"picked":"SKIP","floor":11},{"not_picked":["Pummel","Iron Wave","Havoc"],"picked":"SKIP","floor":12},{"not_picked":["Body Slam","Twin Strike","Clash"],"picked":"SKIP","floor":14}],"player_experience":756311,"relics_obtained":[{"floor":8,"key":"Centennial Puzzle"},{"floor":9,"key":"Ancient Tea Set"},{"floor":11,"key":"Letter Opener"},{"floor":13,"key":"Incense Burner"}],"event_choices":[{"cards_removed":["Strike_R"],"damage_healed":0,"gold_gain":0,"player_choice":"Offered Basic","damage_taken":0,"max_hp_gain":0,"max_hp_loss":0,"event_name":"Bonfire Elementals","floor":2,"gold_loss":0},{"damage_healed":0,"gold_gain":75,"player_choice":"Gather Gold","damage_taken":11,"max_hp_gain":0,"max_hp_loss":0,"event_name":"World of Goop","floor":7,"gold_loss":0},{"damage_healed":0,"gold_gain":0,"player_choice":"Relic","damage_taken":0,"max_hp_gain":0,"max_hp_loss":0,"event_name":"Wheel of Change","floor":13,"gold_loss":0}],"is_beta":false,"boss_relics":[],"items_purged_floors":[],"is_endless":false,"potions_floor_spawned":[4,5,11,14],"killed_by":"The Guardian","ascension_level":4}