{"gold_per_floor":[115,135,148,128,138,138,169,169,169,198,198,198,213,231,231,231],"floor_reached":16,"playtime":678,"items_purged":[],"score":224,"play_id":"fda0ef52-fe07-4efb-abd0-eae9917f5b55","local_time":"20181104184736","is_ascension_mode":true,"campfire_choices":[{"data":"Deadly Poison","floor":6,"key":"SMITH"},{"floor":12,"key":"REST"},{"floor":15,"key":"REST"}],"neow_cost":"PERCENT_DAMAGE","seed_source_timestamp":1639948788487314,"circlet_count":0,"master_deck":["AscendersBane","Defend_G","Defend_G","Defend_G","Defend_G","Defend_G","Strike_G","Strike_G","Strike_G","Strike_G","Strike_G","Survivor","Neutralize","Deadly Poison+1","Deadly Poison","Well Laid Plans","Deadly Poison","Catalyst","Dodge and Roll","PiercingWail"],"relics":["Ring of the Snake","Oddly Smooth Stone","Matryoshka","Girya","Happy Flower"],"potions_floor_usage":[7,7,16],"damage_taken":[{"damage":3,"enemies":"Jaw Worm","floor":1,"turns":6},{"damage":1,"enemies":"Cultist","floor":2,"turns":4},{"damage":0,"enemies":"2 Louse","floor":3,"turns":4},{"damage":16,"enemies":"Lots of Slimes","floor":5,"turns":6},{"damage":34,"enemies":"3 Sentries","floor":7,"turns":12},{"damage":41,"enemies":"Gremlin Nob","floor":10,"turns":4},{"damage":12,"enemies":"Gremlin Gang","floor":13,"turns":4},{"damage":9,"enemies":"Red Slaver","floor":14,"turns":3},{"damage":41,"enemies":"Slime Boss","floor":16,"turns":12}],"seed_played":"286384559281956136","potions_obtained":[{"floor":2,"key":"Regen Potion"},{"floor":3,"key":"Regen Potion"},{"floor":7,"key":"Dexterity Potion"},{"floor":10,"key":"FearPotion"}],"is_trial":false,"path_per_floor":["M","M","M","?","M","R","E","?","T","E","?","R","M","M","R","B"],"character_chosen":"THE_SILENT","items_purchased":[],"campfire_rested":2,"item_purchase_floors":[],"current_hp_per_floor":[53,52,52,52,36,36,57,57,57,16,16,39,27,18,41,0],"gold":231,"neow_bonus":"TWENTY_PERCENT_HP_BONUS","is_prod":false,"is_daily":false,"chose_seed":false,"campfire_upgraded":1,"win_rate":0,"timestamp":1541353656,"path_taken":["M","M","M","?","?","R","E","?","T","E","?","R","?","M","R","BOSS"],"build_version":"2018-11-01","purchased_purges":0,"victory":false,"max_hp_per_floor":[78,78,78,78,78,78,78,78,78,78,78,78,78,78,78,78],"card_choices":[{"not_picked":["Flying Knee","Predator"],"picked":"Deadly Poison","floor":1},{"not_picked":["Quick Slash","Caltrops"],"picked":"Deadly Poison","floor":2},{"not_picked":["Outmaneuver","Masterful Stab","Cloak And Dagger"],"picked":"SKIP","floor":3},{"not_picked":["Grand Finale","Skewer"],"picked":"Well Laid Plans","floor":5},{"not_picked":["Quick Slash","Heel Hook"],"picked":"Deadly Poison","floor":7},{"not_picked":["Sucker Punch","Underhanded Strike"],"picked":"Catalyst","floor":10},{"not_picked":["Bane","Quick Slash"],"picked":"Dodge and Roll","floor":13},{"not_picked":["Blade Dance","Dagger Spray"],"picked":"PiercingWail","floor":14}],"player_experience":1554395,"relics_obtained":[{"floor":7,"key":"Oddly Smooth Stone"},{"floor":9,"key":"Matryoshka"},{"floor":10,"key":"Girya"}],"event_choices":[{"damage_healed":0,"gold_gain":0,"player_choice":"Bought 1 Potion","damage_taken":0,"max_hp_gain":0,"max_hp_loss":0,"event_name":"The Woman in Blue","floor":4,"gold_loss":0},{"damage_healed":0,"gold_gain":0,"player_choice":"Ignored","damage_taken":0,"max_hp_gain":0,"max_hp_loss":0,"event_name":"Liars Game","floor":8,"gold_loss":0},{"damage_healed":0,"gold_gain":0,"player_choice":"Gave Potion","damage_taken":0,"relics_obtained":["Happy Flower"],"max_hp_gain":0,"max_hp_loss":0,"event_name":"WeMeetAgain","floor":11,"gold_loss":0}],"is_beta":false,"boss_relics":[],"items_purged_floors":[],"is_endless":false,"potions_floor_spawned":[2,3,7,10],"killed_by":"Slime Boss","ascension_level":20}