{"gold_per_floor":[114,127,139,158,169,169,169,204,227,227,63,74,74,102,102,102],"floor_reached":16,"playtime":579,"items_purged":["Strike_B"],"score":224,"play_id":"866583c5-2d97-494d-b702-9ae640c3b86d","local_time":"20181012234040","is_ascension_mode":true,"campfire_choices":[{"data":"Sweeping Beam","floor":6,"key":"SMITH"},{"data":"Loop","floor":10,"key":"SMITH"},{"data":"Undo","floor":13,"key":"SMITH"},{"data":"Zap","floor":15,"key":"SMITH"}],"neow_cost":"","seed_source_timestamp":209339661661712,"circlet_count":0,"master_deck":["Strike_B","Strike_B","Strike_B","Defend_B","Defend_B","Defend_B","Defend_B","Zap+1","Dualcast","AscendersBane","Sweeping Beam+1","Undo+1","BootSequence","FTL","Cold Snap","Loop+1","Doom and Gloom","Self Repair","Conserve Battery"],"relics":["Cracked Core","Pen Nib","Juzu Bracelet","Art of War"],"potions_floor_usage":[7,14],"damage_taken":[{"damage":2,"enemies":"Jaw Worm","floor":1,"turns":3},{"damage":7,"enemies":"2 Louse","floor":2,"turns":4},{"damage":0,"enemies":"Small Slimes","floor":3,"turns":2},{"damage":2,"enemies":"3 Louse","floor":4,"turns":3},{"damage":15,"enemies":"Large Slime","floor":5,"turns":7},{"damage":0,"enemies":"Gremlin Nob","floor":7,"turns":2},{"damage":21,"enemies":"3 Sentries","floor":8,"turns":7},{"damage":0,"enemies":"Lots of Slimes","floor":12,"turns":2},{"damage":9,"enemies":"3 Sentries","floor":14,"turns":10},{"damage":36,"enemies":"The Guardian","floor":16,"turns":2}],"seed_played":"8047731155436379888","potions_obtained":[{"floor":1,"key":"LiquidBronze"},{"floor":4,"key":"SmokeBomb"},{"floor":8,"key":"PowerPotion"}],"is_trial":false,"path_per_floor":["M","M","M","M","M","R","E","?","T","R","$","M","R","E","R"],"character_chosen":"DEFECT","items_purchased":["Doom and Gloom"],"campfire_rested":0,"item_purchase_floors":[11],"current_hp_per_floor":[62,55,55,53,38,38,38,17,17,17,17,17,17,15,15,0],"gold":102,"neow_bonus":"","is_prod":false,"is_daily":false,"chose_seed":false,"campfire_upgraded":4,"win_rate":0,"timestamp":1539380440,"path_taken":["M","M","M","M","M","R","E","?","T","R","$","M","R","E","R","BOSS"],"build_version":"2018-10-11","purchased_purges":1,"victory":false,"max_hp_per_floor":[71,71,71,71,71,71,71,71,71,71,71,71,71,71,71,71],"card_choices":[{"not_picked":["Recycle","Steam"],"picked":"Sweeping Beam","floor":1},{"not_picked":["Gash","Steam"],"picked":"Undo","floor":2},{"not_picked":["Turbo","Reinforced Body"],"picked":"BootSequence","floor":3},{"not_picked":["Coolheaded","Scrape"],"picked":"FTL","floor":4},{"not_picked":["Steam","Storm"],"picked":"Cold Snap","floor":5},{"not_picked":["Coolheaded","Beam Cell"],"picked":"Loop","floor":8},{"not_picked":["Gash","Doom and Gloom"],"picked":"Self Repair","floor":12},{"not_picked":["Leap","Blizzard"],"picked":"Conserve Battery","floor":14}],"player_experience":1434317,"relics_obtained":[{"floor":8,"key":"Pen Nib"},{"floor":9,"key":"Juzu Bracelet"},{"floor":14,"key":"Art of War"}],"event_choices":[{"event_name":"Dead Adventurer","player_choice":"Searched \u00273\u0027 times","floor":8,"damage_taken":0}],"is_beta":false,"boss_relics":[],"items_purged_floors":[11],"is_endless":false,"potions_floor_spawned":[1,4,7,8,12],"killed_by":"The Guardian","ascension_level":20}