{"gold_per_floor":[109,109,109,109,34,34,52,52,100,116,127,139,39,51,51,150,150,161,161,36,47,58,58,58],"floor_reached":24,"playtime":937,"items_purged":["Strike_R","Defend_R","Body Slam"],"score":197,"play_id":"0a9e1620-8b13-4dd5-966a-86fd7ae7a12c","local_time":"20190309090457","is_ascension_mode":true,"campfire_choices":[{"data":"Bash","floor":6.0,"key":"SMITH"},{"data":"Dropkick","floor":15.0,"key":"SMITH"},{"data":"Double Tap","floor":23.0,"key":"SMITH"}],"neow_cost":"PERCENT_DAMAGE","seed_source_timestamp":9694811544778,"circlet_count":0,"master_deck":["Bash+1","Sentinel","Dropkick+1","Dropkick+1","Double Tap+1","Sword Boomerang","Whirlwind"],"special_seed":0,"relics":["Burning Blood","Art of War","Pandora\u0027s Box"],"potions_floor_usage":[],"damage_taken":[{"damage":1.0,"enemies":"2 Louse","floor":1.0,"turns":3.0},{"damage":10.0,"enemies":"Small Slimes","floor":7.0,"turns":2.0},{"damage":0.0,"enemies":"Jaw Worm","floor":10.0,"turns":3.0},{"damage":18.0,"enemies":"Exordium Thugs","floor":11.0,"turns":2.0},{"damage":11.0,"enemies":"Lots of Slimes","floor":12.0,"turns":4.0},{"damage":1.0,"enemies":"2 Fungi Beasts","floor":14.0,"turns":3.0},{"damage":49.0,"enemies":"The Guardian","floor":16.0,"turns":11.0},{"damage":10.0,"enemies":"Chosen","floor":18.0,"turns":4.0},{"damage":27.0,"enemies":"Spheric Guardian","floor":21.0,"turns":4.0},{"damage":14.0,"enemies":"Centurion and Healer","floor":22.0,"turns":3.0},{"damage":47,"enemies":"Slavers","floor":24,"turns":2}],"seed_played":"-2374666656074649266","potions_obtained":[{"floor":1.0,"key":"Fire Potion"},{"floor":12.0,"key":"PowerPotion"},{"floor":16.0,"key":"LiquidBronze"},{"floor":22.0,"key":"Ancient Potion"}],"is_trial":false,"path_per_floor":["M","?","?","?","$","R","M","?","T","M","M","M","$","M","R","B",null,"M","?","$","M","M","R","E"],"character_chosen":"IRONCLAD","items_purchased":[],"campfire_rested":0,"item_purchase_floors":[],"current_hp_per_floor":[61,61,54,80,80,80,76,60,60,66,54,49,49,54,54,11,80,76,76,76,55,47,47,0],"gold":58,"neow_bonus":"TRANSFORM_TWO_CARDS","is_prod":false,"is_daily":false,"chose_seed":false,"campfire_upgraded":3,"win_rate":0,"timestamp":1552089897,"path_taken":["M","?","?","?","$","R","M","?","T","M","M","M","$","M","R","BOSS","M","?","$","M","?","R","E"],"build_version":"2019-01-23","purchased_purges":3,"victory":false,"max_hp_per_floor":[80,80,80,80,80,80,80,80,80,80,80,80,80,80,80,80,80,80,80,80,80,80,80,80],"card_choices":[{"not_picked":["Infernal Blade","Shrug It Off"],"picked":"Dropkick","floor":1.0},{"not_picked":["Flex","Heavy Blade","Uppercut"],"picked":"SKIP","floor":7.0},{"not_picked":["Clothesline","True Grit","Body Slam"],"picked":"SKIP","floor":10.0},{"not_picked":["Corruption","Wild Strike","Body Slam"],"picked":"SKIP","floor":11.0},{"not_picked":["Sentinel","Headbutt","Shockwave"],"picked":"SKIP","floor":12.0},{"not_picked":["Heavy Blade","Hemokinesis","Bludgeon"],"picked":"SKIP","floor":14.0},{"not_picked":["Offering","Feed"],"picked":"Double Tap","floor":16.0},{"not_picked":["Dropkick","Rupture","Uppercut+1"],"picked":"SKIP","floor":18.0},{"not_picked":["Flex+1","Spot Weakness","Hemokinesis"],"picked":"SKIP","floor":21.0},{"not_picked":["Uppercut","Whirlwind","Sever Soul"],"picked":"SKIP","floor":22.0}],"player_experience":246075,"relics_obtained":[{"floor":9.0,"key":"Art of War"}],"event_choices":[{"damage_healed":0.0,"max_hp_gain":0.0,"max_hp_loss":0.0,"gold_gain":0.0,"event_name":"Liars Game","player_choice":"Ignored","floor":2.0,"gold_loss":0.0,"damage_taken":0.0},{"cards_removed":["Strike_R"],"damage_healed":0.0,"max_hp_gain":0.0,"max_hp_loss":0.0,"gold_gain":0.0,"event_name":"Golden Wing","player_choice":"Card Removal","floor":3.0,"gold_loss":0.0,"damage_taken":7.0},{"damage_healed":26.0,"max_hp_gain":0.0,"max_hp_loss":0.0,"gold_gain":0.0,"event_name":"Big Fish","player_choice":"Banana","floor":4.0,"gold_loss":0.0,"damage_taken":0.0},{"damage_healed":0.0,"max_hp_gain":0.0,"max_hp_loss":0.0,"gold_gain":0.0,"event_name":"Shining Light","player_choice":"Entered Light","floor":8.0,"gold_loss":0.0,"damage_taken":16.0,"cards_upgraded":["Defend_R","Dropkick"]},{"cards_removed":["Barricade"],"damage_healed":0.0,"max_hp_gain":0.0,"max_hp_loss":0.0,"gold_gain":0.0,"event_name":"Purifier","player_choice":"Purged","floor":19.0,"gold_loss":0.0,"damage_taken":0.0}],"is_beta":false,"boss_relics":[{"not_picked":["Eternal Feather","Fusion Hammer"],"picked":"Pandora\u0027s Box"}],"items_purged_floors":[5,13,20],"is_endless":false,"potions_floor_spawned":[1,12,16,22],"killed_by":"Slavers","ascension_level":1}