{"gold_per_floor":[117,42,52,65,65,65,91,91,115,150,75,85,100,131,131,205,205,205,205,205,205,155,155,155,155,155,155,155,155,155,155,155,155],"floor_reached":33,"playtime":1066,"items_purged":["Strike_R"],"score":822,"play_id":"a4bdfa1d-5848-44a9-a206-79d52007d799","local_time":"20181026190837","is_ascension_mode":true,"campfire_choices":[{"data":"Bash","floor":6,"key":"SMITH"},{"data":"Cleave","floor":8,"key":"SMITH"},{"data":"Whirlwind","floor":15,"key":"SMITH"},{"data":"Fiend Fire","floor":24,"key":"SMITH"},{"data":"Pommel Strike","floor":28,"key":"SMITH"},{"data":"Spot Weakness","floor":32,"key":"SMITH"}],"neow_cost":"NONE","seed_source_timestamp":859454586822637,"circlet_count":0,"master_deck":["Strike_R+1","Strike_R+1","Strike_R+1","Defend_R+1","Defend_R+1","Defend_R+1","Defend_R+1","Bash+1","AscendersBane","Twin Strike+1","Cleave+1","Pommel Strike+1","Dropkick","Whirlwind+1","Impervious","Limit Break","Fiend Fire+1","Writhe","Dropkick+1","Intimidate+1","Spot Weakness+1","Shockwave"],"relics":["Burning Blood","PreservedInsect","Strawberry","Bag of Preparation","Singing Bowl","Pen Nib","Ectoplasm","Lantern","Ancient Tea Set","The Courier","Shuriken","Bottled Flame","Ornamental Fan","MawBank"],"potions_floor_usage":[7,16,16,23,25,33,33],"damage_taken":[{"damage":9,"enemies":"2 Louse","floor":1,"turns":4},{"damage":12,"enemies":"Small Slimes","floor":3,"turns":5},{"damage":9,"enemies":"Jaw Worm","floor":4,"turns":5},{"damage":7,"enemies":"3 Sentries","floor":7,"turns":4},{"damage":19,"enemies":"Lagavulin","floor":10,"turns":4},{"damage":4,"enemies":"2 Fungi Beasts","floor":12,"turns":2},{"damage":13,"enemies":"Large Slime","floor":13,"turns":5},{"damage":0,"enemies":"3 Sentries","floor":14,"turns":4},{"damage":27,"enemies":"Hexaghost","floor":16,"turns":7},{"damage":12,"enemies":"Shell Parasite","floor":18,"turns":3},{"damage":0,"enemies":"Spheric Guardian","floor":20,"turns":3},{"damage":4,"enemies":"Centurion and Healer","floor":21,"turns":5},{"damage":10,"enemies":"Gremlin Leader","floor":23,"turns":3},{"damage":0,"enemies":"Slavers","floor":25,"turns":2},{"damage":21,"enemies":"Book of Stabbing","floor":27,"turns":3},{"damage":13,"enemies":"Gremlin Leader","floor":29,"turns":3},{"damage":24,"enemies":"Book of Stabbing","floor":31,"turns":2},{"damage":53,"enemies":"Collector","floor":33,"turns":6}],"seed_played":"-7095922482431389639","potions_obtained":[{"floor":1,"key":"AttackPotion"},{"floor":3,"key":"SkillPotion"},{"floor":13,"key":"Strength Potion"},{"floor":16,"key":"BloodPotion"},{"floor":21,"key":"Explosive Potion"},{"floor":23,"key":"Ancient Potion"},{"floor":29,"key":"EssenceOfSteel"},{"floor":31,"key":"FearPotion"}],"is_trial":false,"path_per_floor":["M","?","M","M","?","R","E","R","T","E","$","M","M","E","R","B",null,"M","?","M","M","?","E","R","E","T","E","R","E","?","E","R"],"character_chosen":"IRONCLAD","items_purchased":[],"campfire_rested":0,"item_purchase_floors":[],"current_hp_per_floor":[65,65,59,56,33,33,39,39,39,28,28,30,23,29,29,8,65,61,61,69,73,73,78,78,84,84,71,71,64,64,46,46,0],"gold":155,"neow_bonus":"RANDOM_COMMON_RELIC","is_prod":false,"is_daily":false,"chose_seed":false,"campfire_upgraded":6,"win_rate":0,"timestamp":1540573717,"path_taken":["M","?","M","M","?","R","E","R","T","E","$","?","M","E","R","BOSS","M","?","M","M","?","E","R","E","T","E","R","E","?","E","R","BOSS"],"build_version":"2018-10-25v2","purchased_purges":1,"victory":false,"max_hp_per_floor":[75,75,75,75,75,75,82,82,82,84,84,84,84,84,84,84,84,86,86,88,90,90,90,90,90,90,92,92,92,92,92,92,92],"card_choices":[{"not_picked":["Searing Blow","Dropkick"],"picked":"Twin Strike","floor":1},{"not_picked":["Ghostly Armor","Shockwave"],"picked":"Cleave","floor":3},{"not_picked":["Clash","Warcry"],"picked":"Pommel Strike","floor":4},{"not_picked":["Blood for Blood","Havoc"],"picked":"Dropkick","floor":7},{"not_picked":["Pommel Strike","Havoc","Perfected Strike"],"picked":"Singing Bowl","floor":10},{"not_picked":["Wild Strike","Bloodletting"],"picked":"Whirlwind","floor":12},{"not_picked":["Disarm","Pommel Strike"],"picked":"Impervious","floor":13},{"not_picked":["Headbutt","Warcry"],"picked":"Limit Break","floor":14},{"not_picked":["Double Tap","Bludgeon"],"picked":"Fiend Fire","floor":16},{"not_picked":["Cleave","Heavy Blade","Iron Wave"],"picked":"Singing Bowl","floor":18},{"not_picked":["Clash","Corruption","Intimidate"],"picked":"Singing Bowl","floor":20},{"not_picked":["Warcry","True Grit","Heavy Blade"],"picked":"Singing Bowl","floor":21},{"not_picked":["Sword Boomerang","Twin Strike+1"],"picked":"Dropkick+1","floor":23},{"not_picked":["Dark Embrace","Heavy Blade"],"picked":"Intimidate+1","floor":25},{"not_picked":["Cleave","Dark Embrace","Iron Wave"],"picked":"Singing Bowl","floor":27},{"not_picked":["Sword Boomerang","Fire Breathing"],"picked":"Spot Weakness","floor":29},{"not_picked":["Wild Strike","True Grit"],"picked":"Shockwave","floor":31}],"player_experience":1486768,"relics_obtained":[{"floor":7,"key":"Strawberry"},{"floor":9,"key":"Bag of Preparation"},{"floor":10,"key":"Singing Bowl"},{"floor":14,"key":"Pen Nib"},{"floor":23,"key":"Ancient Tea Set"},{"floor":25,"key":"The Courier"},{"floor":26,"key":"Shuriken"},{"floor":27,"key":"Bottled Flame"},{"floor":29,"key":"Ornamental Fan"},{"floor":31,"key":"MawBank"}],"event_choices":[{"cards_removed":["Strike_R"],"damage_healed":0,"gold_gain":0,"player_choice":"Card Removal","damage_taken":0,"max_hp_gain":0,"max_hp_loss":0,"event_name":"The Cleric","floor":2,"gold_loss":75},{"damage_healed":0,"gold_gain":0,"player_choice":"Entered Light","damage_taken":23,"max_hp_gain":0,"max_hp_loss":0,"event_name":"Shining Light","floor":5,"gold_loss":0,"cards_upgraded":["Twin Strike","Defend_R"]},{"damage_healed":0,"gold_gain":0,"player_choice":"Opened","damage_taken":0,"relics_obtained":["Lantern"],"max_hp_gain":0,"max_hp_loss":0,"event_name":"The Mausoleum","floor":19,"gold_loss":0,"cards_obtained":["Writhe"]},{"damage_healed":0,"gold_gain":0,"player_choice":"Bet on Murderer","damage_taken":0,"max_hp_gain":0,"max_hp_loss":0,"event_name":"The Joust","floor":22,"gold_loss":50},{"damage_healed":0,"gold_gain":0,"player_choice":"Simplicity","damage_taken":0,"max_hp_gain":0,"max_hp_loss":0,"event_name":"Back to Basics","floor":30,"gold_loss":0,"cards_upgraded":["Strike_R","Strike_R","Strike_R","Defend_R","Defend_R","Defend_R"]}],"is_beta":false,"boss_relics":[{"not_picked":["Mark of Pain","Empty Cage"],"picked":"Ectoplasm"}],"items_purged_floors":[11],"is_endless":false,"potions_floor_spawned":[1,3,13,16,21,23,29,31],"killed_by":"Collector","ascension_level":20}