{"gold_per_floor":[131,143,155,167,179,191,246,271,309,321],"floor_reached":10,"playtime":356,"items_purged":[],"score":96,"play_id":"3d44507c-807e-4042-bc61-a13fea37e7ef","local_time":"20190305225101","is_ascension_mode":true,"campfire_choices":[{"data":"Bash","floor":6.0,"key":"SMITH"}],"neow_cost":"NONE","seed_source_timestamp":0,"circlet_count":0,"master_deck":["AscendersBane","Strike_R","Strike_R","Strike_R","Strike_R","Defend_R","Defend_R","Defend_R","Defend_R","Bash+1","Disarm","Shrug It Off"],"special_seed":0,"relics":["Burning Blood","MawBank","Golden Idol","Bottled Flame","Regal Pillow"],"potions_floor_usage":[10,10],"damage_taken":[{"damage":5.0,"enemies":"Cultist","floor":1.0,"turns":5.0},{"damage":57.0,"enemies":"Gremlin Nob","floor":7.0,"turns":5.0},{"damage":8,"enemies":"2 Louse","floor":8,"turns":3},{"damage":13,"enemies":"3 Sentries","floor":10,"turns":4}],"seed_played":"8160108959174076185","potions_obtained":[{"floor":7.0,"key":"Dexterity Potion"},{"floor":8,"key":"FearPotion"}],"is_trial":false,"path_per_floor":["M","$","?","?","$","R","E","M","T","E"],"character_chosen":"IRONCLAD","items_purchased":[],"campfire_rested":0,"item_purchase_floors":[],"current_hp_per_floor":[73,73,73,66,66,66,15,13,13,0],"gold":321,"neow_bonus":"RANDOM_COMMON_RELIC","is_prod":false,"is_daily":false,"chose_seed":false,"campfire_upgraded":1,"win_rate":0,"timestamp":1551844261,"path_taken":["M","$","?","?","?","R","E","M","T","E"],"build_version":"2019-01-23","purchased_purges":0,"victory":false,"max_hp_per_floor":[80,80,74,74,74,74,74,74,74,74],"card_choices":[{"not_picked":["Wild Strike","Warcry","Clash"],"picked":"SKIP","floor":1.0},{"not_picked":["Blood for Blood","Hemokinesis"],"picked":"Disarm","floor":7.0},{"not_picked":["Sword Boomerang","Dual Wield"],"picked":"Shrug It Off","floor":8}],"player_experience":1729140,"relics_obtained":[{"floor":7.0,"key":"Bottled Flame"},{"floor":9,"key":"Regal Pillow"}],"event_choices":[{"damage_healed":0.0,"max_hp_gain":0.0,"max_hp_loss":6.0,"gold_gain":0.0,"event_name":"Golden Idol","player_choice":"Lose Max HP","floor":3.0,"gold_loss":0.0,"damage_taken":0.0,"relics_obtained":["Golden Idol"]},{"cards_removed":["Strike_R"],"damage_healed":0.0,"max_hp_gain":0.0,"max_hp_loss":0.0,"gold_gain":0.0,"event_name":"Golden Wing","player_choice":"Card Removal","floor":4.0,"gold_loss":0.0,"damage_taken":7.0}],"is_beta":false,"boss_relics":[],"items_purged_floors":[],"is_endless":false,"potions_floor_spawned":[7,8],"killed_by":"3 Sentries","ascension_level":10}