{"gold_per_floor":[112,37,51,61,72,72,82,82,82,47,61,93,93,111,111,209,209,229,89,100,100,100,112,112,112,135,150,150,168,184,204,204,306,306,323,337,212,227,246,246,246,256,256,256,256,17,34,34,34,34],"floor_reached":51,"playtime":3134,"items_purged":["Strike_G","Strike_G","Strike_G"],"score":778,"play_id":"13708af0-6685-4604-8b28-f96658e055bb","local_time":"20190310012630","is_ascension_mode":true,"campfire_choices":[{"data":"A Thousand Cuts","floor":6,"key":"SMITH"},{"data":"Noxious Fumes","floor":8,"key":"SMITH"},{"data":"Cloak And Dagger","floor":13,"key":"SMITH"},{"data":"Neutralize","floor":15,"key":"SMITH"},{"floor":24,"key":"REST"},{"floor":32,"key":"REST"},{"floor":40,"key":"REST"},{"floor":45,"key":"REST"},{"floor":49,"key":"RECALL"}],"neow_cost":"NONE","seed_source_timestamp":132917680131040,"circlet_count":0,"master_deck":["Defend_G+1","Defend_G+1","Defend_G+1","Defend_G+1","Defend_G+1","Strike_G+1","Strike_G+1","Survivor+1","Neutralize+1","Dagger Throw+1","A Thousand Cuts+1","Predator+1","Noxious Fumes+1","Cloak And Dagger+1","Die Die Die+1","Well Laid Plans+1","Accuracy+1","Quick Slash+1","Cloak And Dagger+1","Cloak And Dagger+1","Acrobatics+1","Malaise+1","Outmaneuver+1","Deflect+1"],"relics":["Ring of the Snake","Oddly Smooth Stone","Kunai","Vajra","Sozu","Regal Pillow","Cursed Key","Mark of the Bloom","Shuriken"],"potions_floor_usage":[11,16,20,20],"damage_taken":[{"damage":4,"enemies":"Cultist","floor":1,"turns":4},{"damage":0,"enemies":"Small Slimes","floor":3,"turns":5},{"damage":0,"enemies":"Jaw Worm","floor":4,"turns":5},{"damage":3,"enemies":"Exordium Wildlife","floor":5,"turns":5},{"damage":17,"enemies":"Large Slime","floor":7,"turns":5},{"damage":5,"enemies":"Gremlin Gang","floor":11,"turns":4},{"damage":4,"enemies":"Lagavulin","floor":12,"turns":7},{"damage":4,"enemies":"Looter","floor":14,"turns":3},{"damage":0,"enemies":"Hexaghost","floor":16,"turns":9},{"damage":6,"enemies":"Shell Parasite","floor":18,"turns":5},{"damage":7,"enemies":"Spheric Guardian","floor":20,"turns":4},{"damage":11,"enemies":"Cultist and Chosen","floor":23,"turns":5},{"damage":19,"enemies":"Snake Plant","floor":27,"turns":4},{"damage":3,"enemies":"Shelled Parasite and Fungi","floor":29,"turns":4},{"damage":0,"enemies":"Snecko","floor":30,"turns":4},{"damage":5,"enemies":"3 Cultists","floor":31,"turns":3},{"damage":15,"enemies":"Champ","floor":33,"turns":10},{"damage":4,"enemies":"3 Shapes","floor":35,"turns":4},{"damage":13,"enemies":"3 Darklings","floor":36,"turns":5},{"damage":8,"enemies":"Sphere and 2 Shapes","floor":38,"turns":4},{"damage":15,"enemies":"Transient","floor":39,"turns":5},{"damage":0,"enemies":"Jaw Worm Horde","floor":42,"turns":3},{"damage":4,"enemies":"Sphere and 2 Shapes","floor":47,"turns":3},{"damage":19,"enemies":"Awakened One","floor":50,"turns":9}],"seed_played":"-6526511613123529812","potions_obtained":[{"floor":3,"key":"Dexterity Potion"},{"floor":4,"key":"AttackPotion"},{"floor":12,"key":"Energy Potion"},{"floor":14,"key":"AttackPotion"}],"is_trial":false,"path_per_floor":["M","$","M","M","M","R","M","R","T","?","M","E","R","M","R","B",null,"M","$","M","?","$","M","R","?","T","M","?","M","M","M","R","B",null,"M","M","$","M","M","R","?","M","T","?","R","$","M","?","R","B",null],"character_chosen":"THE_SILENT","items_purchased":["Well Laid Plans","Shuriken"],"campfire_rested":4,"item_purchase_floors":[19,46],"current_hp_per_floor":[66,66,66,66,63,63,46,46,46,63,58,54,54,50,50,50,70,64,64,57,44,44,33,55,55,55,36,36,33,33,28,65,50,75,71,58,58,50,35,72,72,72,72,72,72,72,68,68,68,49],"gold":34,"neow_bonus":"RANDOM_COMMON_RELIC","is_prod":false,"is_daily":false,"chose_seed":false,"campfire_upgraded":4,"win_rate":0,"timestamp":1552209990,"path_taken":["M","$","M","M","?","R","M","R","T","?","M","E","R","M","R","BOSS","M","$","M","?","$","M","R","?","T","M","?","M","M","M","R","BOSS","M","M","$","?","M","R","?","M","T","?","R","$","M","?","R","BOSS"],"build_version":"2019-01-23","purchased_purges":3,"victory":true,"max_hp_per_floor":[70,70,70,70,70,70,70,70,70,70,70,70,70,70,70,70,70,70,70,70,75,75,75,75,75,75,75,75,75,75,75,75,75,75,75,75,75,75,75,75,75,75,75,75,75,75,75,75,75,75],"card_choices":[{"not_picked":["PiercingWail","Bane"],"picked":"Dagger Throw","floor":1},{"not_picked":["Skewer","Deadly Poison"],"picked":"A Thousand Cuts","floor":3},{"not_picked":["Bane","Dodge and Roll"],"picked":"Predator","floor":4},{"not_picked":["PiercingWail","Deflect"],"picked":"Noxious Fumes","floor":5},{"not_picked":["Sucker Punch","Flying Knee"],"picked":"Prepared","floor":7},{"not_picked":["Terror","Glass Knife"],"picked":"Cloak And Dagger","floor":11},{"not_picked":["Reflex","Slice","Expertise"],"picked":"SKIP","floor":12},{"not_picked":["Dagger Spray","Dagger Throw"],"picked":"Die Die Die","floor":14},{"not_picked":["Caltrops","Underhanded Strike","Flying Knee"],"picked":"SKIP","floor":18},{"not_picked":["Poisoned Stab+1","Finisher"],"picked":"Accuracy+1","floor":20},{"not_picked":["Noxious Fumes","Catalyst"],"picked":"Quick Slash","floor":23},{"not_picked":["Prepared","Quick Slash+1"],"picked":"Cloak And Dagger","floor":27},{"not_picked":["Finisher+1","Heel Hook"],"picked":"Acrobatics","floor":29},{"not_picked":["Acrobatics","Crippling Poison+1","Bouncing Flask+1"],"picked":"SKIP","floor":30},{"not_picked":["Quick Slash","Sucker Punch","Cloak And Dagger"],"picked":"SKIP","floor":31},{"not_picked":["Bullet Time","Burst"],"picked":"Malaise","floor":33},{"not_picked":["Flying Knee+1","Deadly Poison+1"],"picked":"Outmaneuver+1","floor":35},{"not_picked":["Underhanded Strike","Backstab+1","Prepared"],"picked":"SKIP","floor":36},{"not_picked":["All Out Attack","Flechettes"],"picked":"Deflect","floor":38},{"not_picked":["Sucker Punch+1","Cloak And Dagger","Deadly Poison+1"],"picked":"SKIP","floor":39},{"not_picked":["Poisoned Stab","Flying Knee+1","Blur"],"picked":"SKIP","floor":42},{"not_picked":["Concentrate+1","Bane","Heel Hook+1"],"picked":"SKIP","floor":47}],"player_experience":389772,"relics_obtained":[{"floor":9,"key":"Kunai"},{"floor":12,"key":"Vajra"},{"floor":26,"key":"Regal Pillow"}],"event_choices":[{"damage_healed":17,"gold_gain":0,"player_choice":"Healed","damage_taken":0,"max_hp_gain":0,"max_hp_loss":0,"event_name":"The Cleric","floor":10,"gold_loss":35},{"damage_healed":0,"gold_gain":0,"player_choice":"Shed Blood","damage_taken":18,"max_hp_gain":5,"max_hp_loss":0,"event_name":"Forgotten Altar","floor":21,"gold_loss":0},{"cards_removed":["Prepared"],"damage_healed":0,"gold_gain":0,"player_choice":"Elegance","damage_taken":0,"max_hp_gain":0,"max_hp_loss":0,"event_name":"Back to Basics","floor":25,"gold_loss":0},{"damage_healed":0,"gold_gain":0,"player_choice":"Copied","damage_taken":0,"max_hp_gain":0,"max_hp_loss":0,"event_name":"Duplicator","floor":28,"gold_loss":0,"cards_obtained":["Cloak And Dagger"]},{"damage_healed":0,"gold_gain":0,"player_choice":"Upgrade","damage_taken":0,"relics_obtained":["Mark of the Bloom"],"max_hp_gain":0,"max_hp_loss":0,"event_name":"MindBloom","floor":41,"gold_loss":0,"cards_upgraded":["Defend_G","Defend_G","Defend_G","Defend_G","Defend_G","Strike_G","Strike_G","Survivor","Dagger Throw","Predator","Die Die Die","Well Laid Plans","Quick Slash","Cloak And Dagger","Acrobatics","Malaise","Deflect"]},{"damage_healed":0,"gold_gain":0,"player_choice":"Ignored","damage_taken":0,"max_hp_gain":0,"max_hp_loss":0,"event_name":"Tomb of Lord Red Mask","floor":44,"gold_loss":0},{"damage_healed":0,"gold_gain":0,"player_choice":"0 cards matched","damage_taken":0,"max_hp_gain":0,"max_hp_loss":0,"event_name":"Match and Keep!","floor":48,"gold_loss":0,"cards_obtained":[]}],"is_beta":false,"boss_relics":[{"not_picked":["HoveringKite","Black Star"],"picked":"Sozu"},{"not_picked":["Pandora\u0027s Box","Coffee Dripper"],"picked":"Cursed Key"}],"items_purged_floors":[2,19,37],"is_endless":false,"potions_floor_spawned":[3,4,12,14,18,29,30,31,36,38,47],"ascension_level":3}