{"gold_per_floor":[109,34,34,53,53,53,68,29,29,40,40,40,66,85,85,159,159,136,171,171,185,185],"floor_reached":22,"playtime":1180,"items_purged":["Strike_G"],"score":368,"play_id":"6727f5b7-6233-4f9f-900f-6d2b7af9e841","local_time":"20181227044930","is_ascension_mode":true,"campfire_choices":[{"data":"Phantasmal Killer","floor":6,"key":"SMITH"},{"data":"Cloak And Dagger","floor":12,"key":"SMITH"},{"data":"Footwork","floor":15,"key":"SMITH"}],"neow_cost":"TEN_PERCENT_HP_LOSS","seed_source_timestamp":191469358482203,"circlet_count":0,"master_deck":["AscendersBane","Defend_G","Defend_G","Defend_G","Defend_G","Defend_G","Strike_G","Strike_G","Survivor","Neutralize","Phantasmal Killer+1","Escape Plan","Endless Agony","Backflip","Infinite Blades","Footwork+1","Cloak And Dagger+1","Finisher","Glass Knife","Caltrops","Cloak And Dagger+1"],"relics":["Ring of the Snake","Pear","Omamori","Black Star","Red Mask"],"potions_floor_usage":[14,19,22],"damage_taken":[{"damage":3,"enemies":"2 Louse","floor":1,"turns":7},{"damage":11,"enemies":"Cultist","floor":4,"turns":7},{"damage":1,"enemies":"Small Slimes","floor":7,"turns":4},{"damage":6,"enemies":"Exordium Wildlife","floor":10,"turns":10},{"damage":3,"enemies":"Lagavulin","floor":13,"turns":9},{"damage":0,"enemies":"Lots of Slimes","floor":14,"turns":6},{"damage":20,"enemies":"The Guardian","floor":16,"turns":18},{"damage":11,"enemies":"2 Thieves","floor":18,"turns":4},{"damage":42,"enemies":"Masked Bandits","floor":19,"turns":5},{"damage":4,"enemies":"Shell Parasite","floor":21,"turns":6},{"damage":19,"enemies":"Snecko","floor":22,"turns":4}],"seed_played":"944697157268099851","potions_obtained":[{"floor":1,"key":"LiquidBronze"},{"floor":13,"key":"SneckoOil"},{"floor":14,"key":"Explosive Potion"},{"floor":19,"key":"Dexterity Potion"},{"floor":21,"key":"AttackPotion"}],"is_trial":false,"path_per_floor":["M","$","?","M","?","R","M","$","T","M","?","R","E","M","R","B",null,"M","?","?","M","M"],"character_chosen":"THE_SILENT","items_purchased":["Footwork"],"campfire_rested":0,"item_purchase_floors":[8],"current_hp_per_floor":[56,56,60,49,54,54,53,53,53,47,47,47,44,44,44,24,59,48,6,6,2,0],"gold":185,"neow_bonus":"TRANSFORM_TWO_CARDS","is_prod":false,"is_daily":false,"chose_seed":false,"campfire_upgraded":3,"win_rate":0,"timestamp":1545882570,"path_taken":["M","$","?","?","?","R","M","?","T","?","?","R","E","M","R","BOSS","M","?","?","M","?"],"build_version":"2018-12-20","purchased_purges":1,"victory":false,"max_hp_per_floor":[60,60,60,60,70,70,70,70,70,70,70,70,70,70,70,70,70,70,70,70,70,70],"card_choices":[{"not_picked":["Setup","Sucker Punch"],"picked":"Endless Agony","floor":1},{"not_picked":["Acrobatics","Riddle With Holes"],"picked":"Backflip","floor":4},{"not_picked":["Flechettes","Prepared"],"picked":"Infinite Blades","floor":7},{"not_picked":["Sucker Punch","Flying Knee"],"picked":"Cloak And Dagger","floor":10},{"not_picked":["Expertise","Bouncing Flask","Acrobatics"],"picked":"SKIP","floor":13},{"not_picked":["Concentrate","Blade Dance"],"picked":"Finisher","floor":14},{"not_picked":["A Thousand Cuts","Venomology"],"picked":"Glass Knife","floor":16},{"not_picked":["Underhanded Strike","Slice","Sucker Punch"],"picked":"SKIP","floor":18},{"not_picked":["Riddle With Holes","Dodge and Roll"],"picked":"Caltrops","floor":19},{"not_picked":["Bouncing Flask","Slice","Quick Slash"],"picked":"SKIP","floor":21}],"player_experience":1742121,"relics_obtained":[{"floor":13,"key":"Omamori"},{"floor":19,"key":"Red Mask"}],"event_choices":[{"damage_healed":4,"gold_gain":0,"player_choice":"Full Heal","damage_taken":0,"max_hp_gain":0,"max_hp_loss":0,"event_name":"Wheel of Change","floor":3,"gold_loss":0},{"damage_healed":0,"gold_gain":0,"player_choice":"Success","damage_taken":5,"relics_obtained":["Pear"],"max_hp_gain":0,"max_hp_loss":0,"event_name":"Scrap Ooze","floor":5,"gold_loss":0},{"damage_healed":0,"gold_gain":0,"player_choice":"Ignored","damage_taken":0,"max_hp_gain":0,"max_hp_loss":0,"event_name":"Liars Game","floor":11,"gold_loss":0},{"damage_healed":0,"gold_gain":0,"player_choice":"Fought Bandits","damage_taken":0,"max_hp_gain":0,"max_hp_loss":0,"event_name":"Masked Bandits","floor":19,"gold_loss":0},{"damage_healed":0,"gold_gain":0,"player_choice":"Copied","damage_taken":0,"max_hp_gain":0,"max_hp_loss":0,"event_name":"Duplicator","floor":20,"gold_loss":0,"cards_obtained":["Cloak And Dagger"]}],"is_beta":false,"boss_relics":[{"not_picked":["Velvet Choker","Ring of the Serpent"],"picked":"Black Star"}],"items_purged_floors":[2],"is_endless":false,"potions_floor_spawned":[1,13,14,19,21],"killed_by":"Snecko","ascension_level":20}