{"gold_per_floor":[111,40,50,60,78,78,103,103,103,33,62,79,112,142,142,220,220,231,241,341,356,371,371,397,397,397,422,422,19,32,66,66,143,143,153,253,253,270,286,286,313,324,378,405,418,245,275,28,28,28,28,28,28,60,60],"floor_reached":56,"playtime":5297,"items_purged":["Zap"],"score":2595,"play_id":"b44f52fa-3b76-48a4-876c-4d54ca48349c","local_time":"20190220191350","is_ascension_mode":true,"campfire_choices":[{"data":"Fission","floor":6,"key":"SMITH"},{"data":"Defragment","floor":8,"key":"SMITH"},{"data":"Loop","floor":15,"key":"SMITH"},{"data":"Coolheaded","floor":23,"key":"SMITH"},{"data":"Buffer","floor":28,"key":"SMITH"},{"data":"Apotheosis","floor":32,"key":"SMITH"},{"data":"Biased Cognition","floor":40,"key":"SMITH"},{"floor":49,"key":"RECALL"},{"floor":52,"key":"REST"}],"neow_cost":"NONE","seed_source_timestamp":33974565726761,"circlet_count":0,"master_deck":["AscendersBane","Dualcast","Biased Cognition+1","Rip and Tear","Creative AI","Streamline","BootSequence","Cold Snap","Chill","Fission+1","Genetic Algorithm","Rainbow","Steam","Defragment+1","Coolheaded+1","Loop+1","Buffer+1","Reboot","Echo Form","Compile Driver","Recycle","Redo+1","Coolheaded","Apotheosis+1","Undo","Hologram","Machine Learning","Ball Lightning","Reprogram+1"],"relics":["Pandora\u0027s Box","StoneCalendar","Prayer Wheel","Sundial","DataDisk","Odd Mushroom","Busted Crown","Torii","Shuriken","Ornamental Fan","Mercury Hourglass","Kunai","Pen Nib","OrangePellets","Nunchaku","Snecko Eye","Dead Branch","Happy Flower","Regal Pillow","Bronze Scales","Dodecahedron","Oddly Smooth Stone"],"potions_floor_usage":[5,14,18,20,21,27,27,27,27,54,55],"damage_taken":[{"damage":0,"enemies":"Cultist","floor":1,"turns":3},{"damage":0,"enemies":"2 Louse","floor":3,"turns":3},{"damage":0,"enemies":"Small Slimes","floor":4,"turns":3},{"damage":10,"enemies":"Exordium Thugs","floor":5,"turns":5},{"damage":0,"enemies":"3 Sentries","floor":7,"turns":3},{"damage":3,"enemies":"Gremlin Nob","floor":11,"turns":4},{"damage":0,"enemies":"2 Fungi Beasts","floor":12,"turns":3},{"damage":0,"enemies":"3 Sentries","floor":13,"turns":7},{"damage":0,"enemies":"The Mushroom Lair","floor":14,"turns":3},{"damage":0,"enemies":"Hexaghost","floor":16,"turns":5},{"damage":0,"enemies":"Spheric Guardian","floor":18,"turns":6},{"damage":0,"enemies":"Shell Parasite","floor":19,"turns":3},{"damage":0,"enemies":"Colosseum Slavers","floor":20,"turns":4},{"damage":0,"enemies":"Colosseum Nobs","floor":20,"turns":7},{"damage":23,"enemies":"Snecko","floor":21,"turns":6},{"damage":0,"enemies":"Sentry and Sphere","floor":22,"turns":6},{"damage":0,"enemies":"Gremlin Leader","floor":24,"turns":5},{"damage":1,"enemies":"Book of Stabbing","floor":27,"turns":5},{"damage":0,"enemies":"3 Cultists","floor":30,"turns":4},{"damage":0,"enemies":"Gremlin Leader","floor":31,"turns":4},{"damage":0,"enemies":"Collector","floor":33,"turns":10},{"damage":0,"enemies":"Orb Walker","floor":35,"turns":3},{"damage":0,"enemies":"Mind Bloom Boss Battle","floor":36,"turns":7},{"damage":0,"enemies":"3 Darklings","floor":38,"turns":6},{"damage":0,"enemies":"Spire Growth","floor":39,"turns":4},{"damage":0,"enemies":"Nemesis","floor":41,"turns":5},{"damage":0,"enemies":"Sphere and 2 Shapes","floor":42,"turns":7},{"damage":0,"enemies":"Giant Head","floor":44,"turns":5},{"damage":0,"enemies":"Jaw Worm Horde","floor":45,"turns":3},{"damage":0,"enemies":"Nemesis","floor":47,"turns":5},{"damage":6,"enemies":"Donu and Deca","floor":50,"turns":6},{"damage":0,"enemies":"Shield and Spear","floor":54,"turns":4},{"damage":9,"enemies":"The Heart","floor":55,"turns":6}],"seed_played":"-4795314111028390863","potions_obtained":[{"floor":1,"key":"GamblersBrew"},{"floor":3,"key":"SkillPotion"},{"floor":11,"key":"SkillPotion"},{"floor":14,"key":"Swift Potion"},{"floor":18,"key":"EssenceOfSteel"},{"floor":22,"key":"EntropicBrew"},{"floor":24,"key":"FearPotion"},{"floor":36,"key":"SmokeBomb"},{"floor":38,"key":"Regen Potion"},{"floor":42,"key":"Strength Potion"}],"is_trial":false,"path_per_floor":["M","$","M","M","M","R","E","R","T","$","E","M","E","?","R","B",null,"M","M","?","M","M","R","E","T","T","E","R","$","M","E","R","B",null,"M","?","?","M","M","R","E","M","T","E","M","$","E","$","R","B",null,"R","$","E","B",null],"character_chosen":"DEFECT","items_purchased":["Rainbow","Loop","OrangePellets","Apotheosis","Ball Lightning","GamblersBrew","Dodecahedron"],"campfire_rested":1,"item_purchase_floors":[2,10,29,29,46,46,48],"current_hp_per_floor":[64,64,64,64,54,54,54,54,54,54,51,51,51,51,51,51,66,66,66,66,43,43,43,43,43,43,42,42,42,42,42,42,42,64,64,64,64,64,64,64,64,64,64,64,64,64,64,64,64,58,68,71,71,71,69],"gold":60,"neow_bonus":"BOSS_RELIC","is_prod":false,"is_daily":false,"chose_seed":false,"campfire_upgraded":7,"win_rate":0,"timestamp":1550708030,"path_taken":["M","?","M","M","M","R","E","R","T","$","E","M","E","?","R","BOSS","M","M","?","M","M","R","E","?","T","E","R","$","M","E","R","BOSS","M","?","?","M","M","R","E","M","T","E","M","$","E","?","R","BOSS","R","$","E","BOSS"],"build_version":"2019-01-23","purchased_purges":1,"victory":true,"max_hp_per_floor":[71,71,71,71,71,71,71,71,71,71,71,71,71,71,71,71,71,71,71,71,71,71,71,71,71,71,71,71,71,71,71,71,71,71,71,71,71,71,71,71,71,71,71,71,71,71,71,71,71,71,71,71,71,71,71],"card_choices":[{"not_picked":["Steam","Sweeping Beam"],"picked":"Genetic Algorithm","floor":1},{"not_picked":["Hologram","Double Energy"],"picked":"Steam","floor":3},{"not_picked":["Conserve Battery","Steam"],"picked":"Defragment","floor":4},{"not_picked":["Steam","Compile Driver","Redo"],"picked":"SKIP","floor":5},{"not_picked":["Chill","Rebound"],"picked":"Coolheaded","floor":7},{"not_picked":["Beam Cell","Chaos"],"picked":"Buffer","floor":11},{"not_picked":["Rip and Tear","Streamline"],"picked":"Reboot","floor":12},{"not_picked":["Beam Cell","Rebound","Lockon"],"picked":"SKIP","floor":12},{"not_picked":["Darkness","Aggregate","Fusion"],"picked":"SKIP","floor":13},{"not_picked":["Rainbow","Hyperbeam"],"picked":"Echo Form","floor":16},{"not_picked":["Streamline"],"picked":"SKIP","floor":18},{"not_picked":["Steam+1"],"picked":"SKIP","floor":18},{"not_picked":[],"picked":"Compile Driver","floor":19},{"not_picked":["Beam Cell"],"picked":"SKIP","floor":19},{"not_picked":[],"picked":"Recycle","floor":20},{"not_picked":["Barrage"],"picked":"SKIP","floor":21},{"not_picked":["Rebound"],"picked":"SKIP","floor":21},{"not_picked":[],"picked":"Redo+1","floor":22},{"not_picked":["Ball Lightning"],"picked":"SKIP","floor":22},{"not_picked":[],"picked":"Coolheaded","floor":24},{"not_picked":["Steam"],"picked":"SKIP","floor":27},{"not_picked":["Static Discharge"],"picked":"SKIP","floor":30},{"not_picked":["Rebound"],"picked":"SKIP","floor":30},{"not_picked":["Blizzard"],"picked":"SKIP","floor":31},{"not_picked":["Beam Cell+1"],"picked":"SKIP","floor":35},{"not_picked":["Steam"],"picked":"SKIP","floor":35},{"not_picked":[],"picked":"Undo","floor":38},{"not_picked":["Beam Cell+1"],"picked":"SKIP","floor":38},{"not_picked":["Scrape+1"],"picked":"SKIP","floor":39},{"not_picked":["Redo"],"picked":"SKIP","floor":39},{"not_picked":["Scrape+1"],"picked":"SKIP","floor":39},{"not_picked":["Redo"],"picked":"SKIP","floor":39},{"not_picked":[],"picked":"Hologram","floor":41},{"not_picked":["Beam Cell+1"],"picked":"SKIP","floor":42},{"not_picked":["Barrage"],"picked":"SKIP","floor":42},{"not_picked":[],"picked":"Machine Learning","floor":44},{"not_picked":["Beam Cell"],"picked":"SKIP","floor":45},{"not_picked":["Streamline"],"picked":"SKIP","floor":45},{"not_picked":[],"picked":"Reprogram+1","floor":47},{"not_picked":["Scrape"],"picked":"SKIP","floor":54}],"player_experience":1691478,"relics_obtained":[{"floor":7,"key":"StoneCalendar"},{"floor":9,"key":"Prayer Wheel"},{"floor":11,"key":"Sundial"},{"floor":13,"key":"DataDisk"},{"floor":14,"key":"Odd Mushroom"},{"floor":20,"key":"Torii"},{"floor":20,"key":"Shuriken"},{"floor":24,"key":"Ornamental Fan"},{"floor":25,"key":"Mercury Hourglass"},{"floor":26,"key":"Kunai"},{"floor":27,"key":"Pen Nib"},{"floor":31,"key":"Nunchaku"},{"floor":36,"key":"Dead Branch"},{"floor":41,"key":"Happy Flower"},{"floor":44,"key":"Regal Pillow"},{"floor":47,"key":"Bronze Scales"},{"floor":54,"key":"Oddly Smooth Stone"}],"event_choices":[{"damage_healed":0,"gold_gain":0,"player_choice":"Fought Mushrooms","damage_taken":0,"max_hp_gain":0,"max_hp_loss":0,"event_name":"Mushrooms","floor":14,"gold_loss":0},{"damage_healed":0,"gold_gain":0,"player_choice":"Fight","damage_taken":0,"max_hp_gain":0,"max_hp_loss":0,"event_name":"Colosseum","floor":20,"gold_loss":0},{"damage_healed":0,"gold_gain":0,"player_choice":"Fought Nobs","damage_taken":0,"max_hp_gain":0,"max_hp_loss":0,"event_name":"Colosseum","floor":20,"gold_loss":0},{"damage_healed":0,"gold_gain":0,"player_choice":"Fight","damage_taken":0,"max_hp_gain":0,"max_hp_loss":0,"event_name":"MindBloom","floor":36,"gold_loss":0},{"damage_healed":0,"gold_gain":0,"player_choice":"Ignored","damage_taken":0,"max_hp_gain":0,"max_hp_loss":0,"event_name":"Tomb of Lord Red Mask","floor":37,"gold_loss":0}],"is_beta":false,"boss_relics":[{"not_picked":["Empty Cage","Orrery"],"picked":"Busted Crown"},{"not_picked":["Lizard Tail","Tiny House"],"picked":"Snecko Eye"}],"items_purged_floors":[46],"is_endless":false,"potions_floor_spawned":[1,3,11,14,16,18,20,22,24,36,38,42,44],"ascension_level":15}