{"gold_per_floor":[113,126,139,151,166,166,199,214,267,267,342,342,342,342],"floor_reached":14,"playtime":577,"items_purged":[],"score":234,"play_id":"f7962f87-a1b9-41b2-891a-5a1a2e46f02c","local_time":"20190302010156","is_ascension_mode":true,"campfire_choices":[{"data":"Defragment","floor":6,"key":"SMITH"},{"data":"Seek","floor":10,"key":"SMITH"},{"data":"Coolheaded","floor":12,"key":"SMITH"}],"neow_cost":"NONE","seed_source_timestamp":1135687355378201,"circlet_count":0,"master_deck":["AscendersBane","Strike_B","Strike_B","Strike_B","Strike_B","Defend_B","Defend_B","Defend_B","Defend_B","Zap+1","Dualcast","Cold Snap","Coolheaded","Coolheaded+1","Defragment+1","Undo","Seek+1"],"relics":["Cracked Core","Bottled Tornado","Anchor","Dream Catcher"],"potions_floor_usage":[7,14],"damage_taken":[{"damage":1,"enemies":"Cultist","floor":1,"turns":4},{"damage":0,"enemies":"Small Slimes","floor":2,"turns":3},{"damage":0,"enemies":"2 Louse","floor":3,"turns":2},{"damage":8,"enemies":"Exordium Wildlife","floor":4,"turns":4},{"damage":15,"enemies":"3 Louse","floor":5,"turns":5},{"damage":0,"enemies":"Lagavulin","floor":7,"turns":10},{"damage":2,"enemies":"Looter","floor":8,"turns":3},{"damage":22,"enemies":"Gremlin Nob","floor":14,"turns":5}],"seed_played":"4042658118924530477","potions_obtained":[{"floor":3,"key":"Regen Potion"},{"floor":5,"key":"Weak Potion"}],"is_trial":false,"path_per_floor":["M","M","M","M","M","R","E","M","T","R","?","R","?","E"],"character_chosen":"DEFECT","items_purchased":[],"campfire_rested":0,"item_purchase_floors":[],"current_hp_per_floor":[63,63,63,55,40,40,55,53,53,53,42,42,16,0],"gold":342,"neow_bonus":"UPGRADE_CARD","is_prod":false,"is_daily":false,"chose_seed":false,"campfire_upgraded":3,"win_rate":0,"timestamp":1551484916,"path_taken":["M","?","M","M","M","R","E","?","T","R","?","R","?","E"],"build_version":"2019-01-23","purchased_purges":0,"victory":false,"max_hp_per_floor":[71,71,71,71,71,71,71,71,71,71,71,71,71,71],"card_choices":[{"not_picked":["Hologram","Leap"],"picked":"Cold Snap","floor":1},{"not_picked":["Steam","Beam Cell","Streamline"],"picked":"SKIP","floor":2},{"not_picked":["Steam","Barrage"],"picked":"Coolheaded","floor":3},{"not_picked":["Lockon","Conserve Battery"],"picked":"Coolheaded","floor":4},{"not_picked":["Hologram","Redo"],"picked":"Defragment","floor":5},{"not_picked":["White Noise","FTL"],"picked":"Undo","floor":7},{"not_picked":["Stack","Compile Driver"],"picked":"Seek","floor":8}],"player_experience":1954906,"relics_obtained":[{"floor":7,"key":"Bottled Tornado"},{"floor":9,"key":"Anchor"}],"event_choices":[{"damage_healed":0,"gold_gain":75,"player_choice":"Gather Gold","damage_taken":11,"max_hp_gain":0,"max_hp_loss":0,"event_name":"World of Goop","floor":11,"gold_loss":0},{"damage_healed":0,"gold_gain":0,"player_choice":"Success","damage_taken":26,"relics_obtained":["Dream Catcher"],"max_hp_gain":0,"max_hp_loss":0,"event_name":"Scrap Ooze","floor":13,"gold_loss":0}],"is_beta":false,"boss_relics":[],"items_purged_floors":[],"is_endless":false,"potions_floor_spawned":[3,5],"killed_by":"Gremlin Nob","ascension_level":20}