{"gold_per_floor":[364,289,48,123,16,16,45,103,103,137,137,162,182,196,196,273,273,290,310,47,147,163,195,195,228,274,274],"floor_reached":27,"playtime":1172,"items_purged":[],"score":534,"play_id":"66c41926-deb3-49d2-8457-80b32e170c75","local_time":"20190104192353","is_ascension_mode":true,"campfire_choices":[{"data":"Bash","floor":6,"key":"SMITH"},{"data":"Inflame","floor":11,"key":"SMITH"},{"data":"Flame Barrier","floor":15,"key":"SMITH"},{"data":"Shrug It Off","floor":24,"key":"SMITH"}],"neow_cost":"CURSE","seed_source_timestamp":935254577467627,"circlet_count":0,"master_deck":["AscendersBane","Strike_R","Strike_R","Strike_R","Strike_R","Strike_R","Defend_R","Defend_R","Defend_R","Defend_R","Bash+1","Perfected Strike","Inflame+1","Twin Strike","Pommel Strike","Flame Barrier+1","Pommel Strike","Feel No Pain","Havoc","Pommel Strike","Feed","Havoc","Perfected Strike","Shrug It Off+1","Flame Barrier","Pummel+1","Carnage+1","Carnage+1"],"relics":["Burning Blood","PreservedInsect","Boot","Vajra","Pantograph","Orichalcum","Ornamental Fan","Mark of Pain","OrangePellets","Magic Flower","Molten Egg 2","Regal Pillow","Pocketwatch","Pen Nib"],"potions_floor_usage":[7,12,21,25,27],"damage_taken":[{"damage":10,"enemies":"Small Slimes","floor":1,"turns":4},{"damage":8,"enemies":"Lagavulin","floor":7,"turns":4},{"damage":15,"enemies":"3 Sentries","floor":8,"turns":5},{"damage":8,"enemies":"Gremlin Nob","floor":10,"turns":3},{"damage":10,"enemies":"3 Sentries","floor":12,"turns":4},{"damage":1,"enemies":"2 Louse","floor":13,"turns":2},{"damage":8,"enemies":"Jaw Worm","floor":14,"turns":3},{"damage":59,"enemies":"The Guardian","floor":16,"turns":10},{"damage":36,"enemies":"Shell Parasite","floor":18,"turns":7},{"damage":0,"enemies":"Spheric Guardian","floor":19,"turns":3},{"damage":9,"enemies":"Colosseum Slavers","floor":21,"turns":3},{"damage":4,"enemies":"Colosseum Nobs","floor":21,"turns":3},{"damage":5,"enemies":"Centurion and Healer","floor":22,"turns":8},{"damage":25,"enemies":"Slavers","floor":23,"turns":4},{"damage":22,"enemies":"Gremlin Leader","floor":25,"turns":7},{"damage":34,"enemies":"Book of Stabbing","floor":27,"turns":3}],"seed_played":"-9053912961302268497","potions_obtained":[{"floor":8,"key":"EssenceOfSteel"},{"floor":10,"key":"Dexterity Potion"},{"floor":14,"key":"Dexterity Potion"},{"floor":16,"key":"Strength Potion"},{"floor":23,"key":"Block Potion"}],"is_trial":false,"path_per_floor":["M","?","$","?","$","R","E","?","T","E","R","E","M","M","R","B",null,"M","M","$","?","M","E","R","E","T","E"],"character_chosen":"IRONCLAD","items_purchased":["PreservedInsect","Inflame","Twin Strike","Block Potion","Shrug It Off","OrangePellets"],"campfire_rested":0,"item_purchase_floors":[3,3,5,5,20,20],"current_hp_per_floor":[64,64,64,53,53,53,51,42,42,40,40,36,41,39,39,11,59,32,38,38,43,52,36,36,28,28,0],"gold":274,"neow_bonus":"TWO_FIFTY_GOLD","is_prod":false,"is_daily":false,"chose_seed":false,"campfire_upgraded":4,"win_rate":0,"timestamp":1546626233,"path_taken":["M","?","$","?","$","R","E","?","T","E","R","E","M","?","R","BOSS","M","M","$","?","M","E","R","E","T","E"],"build_version":"2019-01-03v3","purchased_purges":0,"victory":false,"max_hp_per_floor":[75,75,75,75,75,75,75,75,75,75,75,75,75,75,75,75,75,78,78,78,84,87,87,87,90,90,90],"card_choices":[{"not_picked":["Havoc","Infernal Blade"],"picked":"Perfected Strike","floor":1},{"not_picked":["Clothesline","Sentinel"],"picked":"Pommel Strike","floor":7},{"not_picked":["Rage","Heavy Blade"],"picked":"Flame Barrier","floor":8},{"not_picked":["Clash","Blood for Blood"],"picked":"Pommel Strike","floor":10},{"not_picked":["Combust","Body Slam"],"picked":"Feel No Pain","floor":12},{"not_picked":["Intimidate","Searing Blow"],"picked":"Havoc","floor":13},{"not_picked":["Seeing Red","Sword Boomerang"],"picked":"Pommel Strike","floor":14},{"not_picked":["Immolate","Barricade"],"picked":"Feed","floor":16},{"not_picked":["Pommel Strike","Rage"],"picked":"Havoc","floor":18},{"not_picked":["Blood for Blood","Inflame"],"picked":"Perfected Strike","floor":19},{"not_picked":["Second Wind","Cleave"],"picked":"Flame Barrier","floor":21},{"not_picked":["Warcry","Twin Strike+1"],"picked":"Pummel+1","floor":22},{"not_picked":["Rampage+1","Armaments"],"picked":"Carnage+1","floor":23},{"not_picked":["Juggernaut","Rage"],"picked":"Carnage+1","floor":25}],"player_experience":1767336,"relics_obtained":[{"floor":7,"key":"Boot"},{"floor":8,"key":"Vajra"},{"floor":9,"key":"Pantograph"},{"floor":10,"key":"Orichalcum"},{"floor":12,"key":"Ornamental Fan"},{"floor":21,"key":"Magic Flower"},{"floor":21,"key":"Molten Egg 2"},{"floor":23,"key":"Regal Pillow"},{"floor":25,"key":"Pocketwatch"},{"floor":26,"key":"Pen Nib"}],"event_choices":[{"cards_removed":["Clumsy"],"damage_healed":0,"gold_gain":0,"player_choice":"Card Removal","damage_taken":0,"max_hp_gain":0,"max_hp_loss":0,"event_name":"The Cleric","floor":2,"gold_loss":75},{"damage_healed":0,"gold_gain":75,"player_choice":"Gather Gold","damage_taken":11,"max_hp_gain":0,"max_hp_loss":0,"event_name":"World of Goop","floor":4,"gold_loss":0},{"damage_healed":0,"gold_gain":0,"player_choice":"Searched \u00271\u0027 times","damage_taken":0,"max_hp_gain":0,"max_hp_loss":0,"event_name":"Dead Adventurer","floor":8,"gold_loss":0},{"damage_healed":0,"gold_gain":0,"player_choice":"Fight","damage_taken":0,"max_hp_gain":0,"max_hp_loss":0,"event_name":"Colosseum","floor":21,"gold_loss":0},{"damage_healed":0,"gold_gain":0,"player_choice":"Fought Nobs","damage_taken":0,"max_hp_gain":0,"max_hp_loss":0,"event_name":"Colosseum","floor":21,"gold_loss":0}],"is_beta":false,"boss_relics":[{"not_picked":["Runic Cube","White Beast Statue"],"picked":"Mark of Pain"}],"items_purged_floors":[],"is_endless":false,"potions_floor_spawned":[8,10,14,16,18,21,23],"killed_by":"Book of Stabbing","ascension_level":20}