{"gold_per_floor":[119,135,146,146,71,71,86,86,86,86,86,115,115,60,60,158,158,169,185,185,110,29,29,58,58,58,0,0,13,27,27,27,124,124,134,134,148,48,60,60,70,70,70,84,6,22,22,42,42,42],"floor_reached":51,"playtime":1667,"items_purged":["Strike_R","Strike_R"],"score":765,"play_id":"f48727b5-f406-430d-a12b-d6205b006e5a","local_time":"20190309185729","is_ascension_mode":false,"campfire_choices":[{"data":"Bash","floor":6.0,"key":"SMITH"},{"data":"Dual Wield","floor":10.0,"key":"SMITH"},{"data":"Dropkick","floor":13.0,"key":"SMITH"},{"floor":15.0,"key":"REST"},{"data":"Offering","floor":23.0,"key":"SMITH"},{"data":"Flash of Steel","floor":25,"key":"SMITH"},{"data":"Dropkick","floor":32,"key":"SMITH"},{"floor":40,"key":"REST"},{"floor":42,"key":"REST"},{"data":"Purity","floor":49,"key":"SMITH"}],"neow_cost":"NONE","seed_source_timestamp":14662894403000,"circlet_count":0,"master_deck":["Defend_R","Defend_R","Defend_R","Defend_R","Bash+1","Dual Wield+1","Dropkick+1","Dropkick+1","Offering+1","Flash of Steel+1","Dropkick+1","Thunderclap+1","Purity+1"],"special_seed":0,"relics":["Burning Blood","NeowsBlessing","Question Card","FossilizedHelix","Dodecahedron","Philosopher\u0027s Stone","Darkstone Periapt","Sundial","Orrery","Prayer Wheel"],"potions_floor_usage":[33,50,50,50],"damage_taken":[{"damage":0.0,"enemies":"2 Louse","floor":1.0,"turns":1.0},{"damage":0.0,"enemies":"Cultist","floor":2.0,"turns":1.0},{"damage":0.0,"enemies":"Jaw Worm","floor":3.0,"turns":1.0},{"damage":24.0,"enemies":"Lots of Slimes","floor":7.0,"turns":6.0},{"damage":36.0,"enemies":"Lagavulin","floor":12.0,"turns":6.0},{"damage":44.0,"enemies":"The Guardian","floor":16.0,"turns":8.0},{"damage":2.0,"enemies":"Chosen","floor":18.0,"turns":3.0},{"damage":30.0,"enemies":"Spheric Guardian","floor":19.0,"turns":4.0},{"damage":0,"enemies":"Gremlin Leader","floor":24,"turns":2},{"damage":0,"enemies":"3 Cultists","floor":29,"turns":2},{"damage":0,"enemies":"Snecko","floor":30,"turns":2},{"damage":0,"enemies":"Collector","floor":33,"turns":1},{"damage":0,"enemies":"3 Darklings","floor":35,"turns":2},{"damage":46,"enemies":"3 Shapes","floor":37,"turns":5},{"damage":23,"enemies":"Sphere and 2 Shapes","floor":39,"turns":2},{"damage":0,"enemies":"Spire Growth","floor":41,"turns":1},{"damage":6,"enemies":"Jaw Worm Horde","floor":44,"turns":2},{"damage":0,"enemies":"3 Darklings","floor":46,"turns":1},{"damage":7,"enemies":"Writhing Mass","floor":48,"turns":3},{"damage":73,"enemies":"Donu and Deca","floor":50,"turns":4}],"seed_played":"-2789235445454894497","potions_obtained":[{"floor":2.0,"key":"BloodPotion"},{"floor":12.0,"key":"EssenceOfSteel"},{"floor":16.0,"key":"Dexterity Potion"},{"floor":18.0,"key":"Dexterity Potion"},{"floor":24,"key":"PowerPotion"},{"floor":37,"key":"SkillPotion"},{"floor":46,"key":"Poison Potion"},{"floor":48,"key":"Strength Potion"}],"is_trial":false,"path_per_floor":["M","M","M","?","$","R","M","$","T","R","$","E","R","?","R","B",null,"M","M","?","?","$","R","E","R","T","?","$","M","M","?","R","B",null,"M","?","M","$","M","R","M","R","T","M","$","M","?","M","R","B",null],"character_chosen":"IRONCLAD","items_purchased":["Flash of Steel","BloodPotion"],"campfire_rested":3,"item_purchase_floors":[22,45],"current_hp_per_floor":[80,80,80,80,80,80,62,62,62,62,62,32,32,32,56,26,80,80,56,56,56,56,56,62,62,62,62,62,68,74,74,74,80,80,80,80,40,40,23,47,53,77,77,77,77,80,80,79,79,20],"gold":42,"neow_bonus":"THREE_ENEMY_KILL","is_prod":false,"is_daily":false,"chose_seed":false,"campfire_upgraded":7,"win_rate":0,"timestamp":1552175849,"path_taken":["M","M","M","?","$","R","?","$","T","R","$","E","R","?","R","BOSS","M","?","?","?","$","R","E","R","T","?","?","M","?","?","R","BOSS","M","?","M","$","?","R","M","R","T","M","$","M","?","M","R","BOSS"],"build_version":"2019-01-23","purchased_purges":2,"victory":true,"max_hp_per_floor":[80,80,80,80,80,80,80,80,80,80,80,80,80,80,80,80,80,80,80,80,80,80,80,80,80,80,80,80,80,80,80,80,80,80,80,80,80,80,80,80,80,80,80,80,80,80,80,80,80,80],"card_choices":[{"not_picked":["Headbutt","Flex","Entrench"],"picked":"SKIP","floor":1.0},{"not_picked":["Cleave","Iron Wave"],"picked":"Dual Wield","floor":2.0},{"not_picked":["Armaments","Sever Soul","Brutality"],"picked":"SKIP","floor":3.0},{"not_picked":["Perfected Strike","Second Wind","Carnage"],"picked":"SKIP","floor":7.0},{"not_picked":["Perfected Strike","Uppercut","Flame Barrier"],"picked":"Dropkick","floor":12.0},{"not_picked":["Limit Break","Dark Embrace","Impervious"],"picked":"Offering","floor":16.0},{"not_picked":["Entrench","Sever Soul+1","Warcry","Flex"],"picked":"SKIP","floor":18.0},{"not_picked":["Flex","Cleave","Headbutt","Metallicize"],"picked":"SKIP","floor":19.0},{"not_picked":["Clash","Hemokinesis","Flex","Reckless Charge+1"],"picked":"SKIP","floor":24},{"not_picked":["Cleave","Intimidate","Havoc","Sword Boomerang+1"],"picked":"SKIP","floor":29},{"not_picked":["Ghostly Armor","Dual Wield","Wild Strike","Anger+1"],"picked":"SKIP","floor":30},{"not_picked":["Perfected Strike+1","Bloodletting+1","Entrench"],"picked":"Dropkick+1","floor":34},{"not_picked":["Sentinel","Feed","Warcry"],"picked":"Thunderclap+1","floor":34},{"not_picked":["Entrench","Shrug It Off+1","Flex+1","Second Wind"],"picked":"SKIP","floor":35},{"not_picked":["Double Tap","Iron Wave+1","Clash+1","Blood for Blood+1"],"picked":"SKIP","floor":37},{"not_picked":["Rage","Anger+1","Shrug It Off","Wild Strike+1"],"picked":"SKIP","floor":39},{"not_picked":["Flex+1","Demon Form","Clothesline+1","Entrench+1"],"picked":"SKIP","floor":41},{"not_picked":["Intimidate+1","Headbutt","Inflame+1","Anger"],"picked":"SKIP","floor":44},{"not_picked":["Warcry","Searing Blow","Clothesline","Evolve+1"],"picked":"SKIP","floor":44},{"not_picked":["Flex","Brutality","Headbutt","Heavy Blade"],"picked":"SKIP","floor":46},{"not_picked":["Battle Trance+1","Pommel Strike","Clash","Headbutt"],"picked":"SKIP","floor":46},{"not_picked":["Magnetism","Sadistic Nature","Good Instincts"],"picked":"Purity","floor":47},{"not_picked":["Twin Strike","Armaments","Bloodletting","Sever Soul"],"picked":"SKIP","floor":48},{"not_picked":["Evolve","True Grit","Flex","Body Slam+1"],"picked":"SKIP","floor":48}],"player_experience":1302742,"relics_obtained":[{"floor":9.0,"key":"Question Card"},{"floor":12.0,"key":"FossilizedHelix"},{"floor":24,"key":"Darkstone Periapt"},{"floor":26,"key":"Sundial"},{"floor":43,"key":"Prayer Wheel"}],"event_choices":[{"cards_removed":["Strike_R"],"damage_healed":0.0,"max_hp_gain":0.0,"max_hp_loss":0.0,"gold_gain":0.0,"event_name":"NoteForYourself","player_choice":"Took Card","floor":4.0,"gold_loss":0.0,"damage_taken":0.0,"cards_obtained":["Dropkick"]},{"damage_healed":0.0,"max_hp_gain":0.0,"max_hp_loss":0.0,"gold_gain":0.0,"event_name":"WeMeetAgain","player_choice":"Paid Gold","floor":14.0,"gold_loss":55.0,"damage_taken":0.0,"relics_obtained":["Dodecahedron"]},{"cards_removed":["Strike_R"],"damage_healed":0.0,"max_hp_gain":0.0,"max_hp_loss":0.0,"gold_gain":0.0,"event_name":"Back to Basics","player_choice":"Elegance","floor":20.0,"gold_loss":0.0,"damage_taken":0.0},{"cards_removed":["Strike_R"],"damage_healed":0.0,"max_hp_gain":0.0,"max_hp_loss":0.0,"gold_gain":0.0,"event_name":"Beggar","player_choice":"Gave Gold","floor":21.0,"gold_loss":75.0,"damage_taken":0.0},{"damage_healed":0,"gold_gain":0,"player_choice":"Paid Fearfully","damage_taken":0,"max_hp_gain":0,"max_hp_loss":0,"event_name":"Masked Bandits","floor":27,"gold_loss":58},{"damage_healed":0,"gold_gain":0,"player_choice":"Ignored","damage_taken":0,"max_hp_gain":0,"max_hp_loss":0,"event_name":"The Mausoleum","floor":31,"gold_loss":0},{"damage_healed":0,"gold_gain":0,"player_choice":"0 cards matched","damage_taken":0,"max_hp_gain":0,"max_hp_loss":0,"event_name":"Match and Keep!","floor":36,"gold_loss":0,"cards_obtained":[]},{"damage_healed":0,"gold_gain":0,"player_choice":"Memory 1","damage_taken":0,"max_hp_gain":0,"max_hp_loss":0,"event_name":"SensoryStone","floor":47,"gold_loss":0}],"is_beta":false,"boss_relics":[{"not_picked":["Black Star","White Beast Statue"],"picked":"Philosopher\u0027s Stone"},{"not_picked":["Eternal Feather","Velvet Choker"],"picked":"Orrery"}],"items_purged_floors":[5,38],"is_endless":false,"potions_floor_spawned":[2,12,16,18,24,37,39,46,48],"ascension_level":0}