{"gold_per_floor":[113,129,129,149,74,107,107,126,126,155,155,185,185,197,197,273,273,288,11,24,38,53,53,81,81,81,81,108,28,28,57,57,134,134,146,0,14,1013,1058,1058,569,599,599,375,405,420,751,249,249,249,249,249,249,3,33,33],"floor_reached":57,"playtime":8776,"items_purged":["Zap","Double Energy","Normality","Normality"],"score":3303,"play_id":"317dfafe-846e-49a4-866e-fd32c5349251","local_time":"20190203234012","is_ascension_mode":true,"campfire_choices":[{"data":"Loop","floor":7,"key":"SMITH"},{"floor":11,"key":"REST"},{"data":"Loop","floor":13,"key":"SMITH"},{"data":"Static Discharge","floor":15,"key":"SMITH"},{"data":"Buffer","floor":23,"key":"SMITH"},{"data":"Chaos","floor":25,"key":"SMITH"},{"data":"Force Field","floor":27,"key":"SMITH"},{"data":"Heatsinks","floor":32,"key":"SMITH"},{"floor":40,"key":"REST"},{"floor":49,"key":"RECALL"},{"data":"Defragment","floor":53,"key":"SMITH"}],"neow_cost":"NONE","seed_source_timestamp":1627939810892592,"circlet_count":0,"master_deck":["AscendersBane","Dualcast+1","Compile Driver","Conserve Battery","Loop+1","Echo Form","Sweeping Beam","Glacier","Loop+1","Static Discharge+1","Buffer+1","Chaos+1","Heatsinks+1","Force Field+1","Genetic Algorithm","Turbo","Fission","Glacier","Self Repair","Capacitor","BootSequence+1","Skim+1","White Noise","White Noise","Echo Form","Turbo+1","Coolheaded+1","Defragment+1","Defragment","Hologram","White Noise","Loop+1","Capacitor+1","Chill","Reinforced Body+1"],"relics":["Cracked Core","War Paint","Mercury Hourglass","Ornamental Fan","The Courier","Pandora\u0027s Box","Gambling Chip","Mango","Bag of Preparation","Regal Pillow","Snecko Eye","Red Mask","Peace Pipe","Oddly Smooth Stone","Letter Opener","Bottled Tornado","Frozen Egg 2","Strawberry","Old Coin","Incense Burner","MealTicket","DataDisk"],"potions_floor_usage":[6,6,14,16,24,39,46,56,56],"damage_taken":[{"damage":0,"enemies":"Small Slimes","floor":1,"turns":3},{"damage":0,"enemies":"2 Louse","floor":2,"turns":2},{"damage":0,"enemies":"Jaw Worm","floor":4,"turns":3},{"damage":28,"enemies":"Gremlin Nob","floor":6,"turns":4},{"damage":21,"enemies":"Large Slime","floor":8,"turns":6},{"damage":16,"enemies":"3 Sentries","floor":10,"turns":5},{"damage":0,"enemies":"Lagavulin","floor":12,"turns":10},{"damage":5,"enemies":"Exordium Wildlife","floor":14,"turns":3},{"damage":16,"enemies":"Hexaghost","floor":16,"turns":8},{"damage":21,"enemies":"Shell Parasite","floor":18,"turns":9},{"damage":2,"enemies":"Chosen","floor":20,"turns":13},{"damage":12,"enemies":"Snecko","floor":21,"turns":7},{"damage":0,"enemies":"Snake Plant","floor":22,"turns":10},{"damage":19,"enemies":"Book of Stabbing","floor":24,"turns":9},{"damage":0,"enemies":"Gremlin Leader","floor":28,"turns":10},{"damage":7,"enemies":"Book of Stabbing","floor":31,"turns":8},{"damage":19,"enemies":"Collector","floor":33,"turns":14},{"damage":4,"enemies":"3 Shapes","floor":35,"turns":3},{"damage":0,"enemies":"Orb Walker","floor":37,"turns":7},{"damage":89,"enemies":"2 Orb Walkers","floor":39,"turns":6},{"damage":9,"enemies":"Giant Head","floor":42,"turns":13},{"damage":0,"enemies":"Nemesis","floor":45,"turns":9},{"damage":0,"enemies":"Jaw Worm Horde","floor":46,"turns":6},{"damage":17,"enemies":"Reptomancer","floor":47,"turns":7},{"damage":0,"enemies":"Donu and Deca","floor":50,"turns":16},{"damage":0,"enemies":"Awakened One","floor":51,"turns":19},{"damage":0,"enemies":"Shield and Spear","floor":55,"turns":9},{"damage":10,"enemies":"The Heart","floor":56,"turns":15}],"seed_played":"5535625194962054149","potions_obtained":[{"floor":1,"key":"PowerPotion"},{"floor":2,"key":"AttackPotion"},{"floor":10,"key":"SkillPotion"},{"floor":12,"key":"GamblersBrew"},{"floor":20,"key":"GamblersBrew"},{"floor":22,"key":"Fruit Juice"},{"floor":31,"key":"Strength Potion"},{"floor":42,"key":"Ancient Potion"},{"floor":47,"key":"Regen Potion"}],"is_trial":false,"path_per_floor":["M","M","?","M","?","E","R","M","T","E","R","E","R","M","R","B",null,"M","$","M","M","M","R","E","R","T","R","E","$","?","E","R","B",null,"M","?","M","?","?","R","$","E","T","$","E","M","E","$","R","B","B",null,"R","$","E","B",null],"character_chosen":"DEFECT","items_purchased":["Glacier","Self Repair","Capacitor","LiquidBronze","Defragment","Oddly Smooth Stone","Letter Opener","FocusPotion","PowerPotion","Incense Burner","MealTicket","Loop+1","Capacitor+1","Explosive Potion","Strength Potion","LiquidBronze","Chill"],"campfire_rested":2,"item_purchase_floors":[19,19,19,19,41,41,41,44,44,48,48,48,54,54,54,54,54],"current_hp_per_floor":[64,64,69,69,69,41,41,20,20,4,26,26,26,21,21,5,58,37,37,49,51,65,65,46,46,60,60,67,67,46,46,46,41,78,74,74,88,88,18,61,61,59,59,59,73,87,84,84,84,98,102,102,102,102,102,99],"gold":33,"neow_bonus":"RANDOM_COMMON_RELIC","is_prod":false,"is_daily":false,"chose_seed":false,"campfire_upgraded":8,"win_rate":0,"timestamp":1549233612,"path_taken":["M","M","?","M","?","E","R","M","T","E","R","E","R","M","R","BOSS","M","$","M","M","M","R","E","R","T","R","E","$","?","E","R","BOSS","M","?","M","?","?","R","?","E","T","$","E","M","E","$","R","BOSS","BOSS","R","$","E","BOSS"],"build_version":"2019-01-23","purchased_purges":4,"victory":true,"max_hp_per_floor":[71,71,76,76,76,76,76,76,76,76,76,76,76,76,76,76,76,76,76,76,76,76,76,76,76,90,90,90,90,90,90,90,90,90,90,90,90,90,95,95,95,95,95,95,102,102,102,102,102,102,102,102,102,102,102,102],"card_choices":[{"not_picked":["Heatsinks","Storm"],"picked":"Compile Driver","floor":1},{"not_picked":["Gash","Steam"],"picked":"Conserve Battery","floor":2},{"not_picked":["Gash","Redo"],"picked":"Loop","floor":4},{"not_picked":["Barrage","Auto Shields"],"picked":"Echo Form","floor":6},{"not_picked":["Gash","Rebound"],"picked":"Sweeping Beam","floor":8},{"not_picked":["FTL","Scrape"],"picked":"Glacier","floor":10},{"not_picked":["Storm","Streamline"],"picked":"Loop","floor":12},{"not_picked":["Sweeping Beam","Chaos"],"picked":"Static Discharge","floor":14},{"not_picked":["All For One","Hyperbeam"],"picked":"Buffer","floor":16},{"not_picked":["Go for the Eyes","Rebound+1","Redo"],"picked":"SKIP","floor":18},{"not_picked":["Redo","Stack"],"picked":"BootSequence+1","floor":20},{"not_picked":["Leap","Static Discharge"],"picked":"Skim+1","floor":21},{"not_picked":["Stack","Beam Cell","Static Discharge"],"picked":"SKIP","floor":22},{"not_picked":["Hologram","Steam","Barrage"],"picked":"SKIP","floor":24},{"not_picked":["Meteor Strike","Skim"],"picked":"White Noise","floor":28},{"not_picked":["Leap","Aggregate"],"picked":"White Noise","floor":31},{"not_picked":["All For One","Rainbow"],"picked":"Echo Form","floor":33},{"not_picked":["Auto Shields","Conserve Battery","Sweeping Beam"],"picked":"SKIP","floor":35},{"not_picked":["Rip and Tear","Chill"],"picked":"Turbo+1","floor":37},{"not_picked":["Leap+1","Ball Lightning"],"picked":"Coolheaded+1","floor":39},{"not_picked":["Turbo","Glacier+1"],"picked":"Defragment","floor":42},{"not_picked":["Hello World+1","Fusion+1"],"picked":"Hologram","floor":45},{"not_picked":["Coolheaded","Redo","Conserve Battery"],"picked":"SKIP","floor":46},{"not_picked":["Cold Snap+1","Reboot"],"picked":"White Noise","floor":47},{"not_picked":["Cold Snap+1","Compile Driver"],"picked":"Reinforced Body+1","floor":55}],"player_experience":1854145,"relics_obtained":[{"floor":6,"key":"Mercury Hourglass"},{"floor":10,"key":"Ornamental Fan"},{"floor":12,"key":"The Courier"},{"floor":24,"key":"Gambling Chip"},{"floor":26,"key":"Mango"},{"floor":28,"key":"Bag of Preparation"},{"floor":31,"key":"Regal Pillow"},{"floor":39,"key":"Peace Pipe"},{"floor":42,"key":"Bottled Tornado"},{"floor":43,"key":"Frozen Egg 2"},{"floor":45,"key":"Strawberry"},{"floor":47,"key":"Old Coin"},{"floor":55,"key":"DataDisk"}],"event_choices":[{"damage_healed":0,"gold_gain":0,"player_choice":"Donut","damage_taken":0,"max_hp_gain":5,"max_hp_loss":0,"event_name":"Big Fish","floor":3,"gold_loss":0},{"cards_removed":["Strike_B"],"damage_healed":0,"gold_gain":0,"player_choice":"Card Removal","damage_taken":0,"max_hp_gain":0,"max_hp_loss":0,"event_name":"The Cleric","floor":5,"gold_loss":75},{"damage_healed":0,"gold_gain":0,"player_choice":"Obtained Book","damage_taken":21,"max_hp_gain":0,"max_hp_loss":0,"event_name":"Cursed Tome","floor":30,"gold_loss":0},{"damage_healed":0,"gold_gain":0,"player_choice":"Paid","damage_taken":0,"relics_obtained":["Red Mask"],"max_hp_gain":0,"max_hp_loss":0,"event_name":"Tomb of Lord Red Mask","floor":36,"gold_loss":146},{"damage_healed":0,"gold_gain":999,"player_choice":"Gold","damage_taken":0,"max_hp_gain":0,"max_hp_loss":0,"event_name":"MindBloom","floor":38,"gold_loss":0,"cards_obtained":["Normality","Normality"]},{"damage_healed":0,"gold_gain":0,"player_choice":"Fight","damage_taken":0,"max_hp_gain":0,"max_hp_loss":0,"event_name":"Mysterious Sphere","floor":39,"gold_loss":0}],"is_beta":false,"boss_relics":[{"not_picked":["Runic Pyramid","Lizard Tail"],"picked":"Pandora\u0027s Box"},{"not_picked":["Inserter","Astrolabe"],"picked":"Snecko Eye"}],"items_purged_floors":[19,29,41,44],"is_endless":false,"potions_floor_spawned":[1,2,10,12,20,22,31,42,45,47],"ascension_level":20}