{"gold_per_floor":[115,40,40,57,57,82,102,102,102,131,131,150,150,209,209,288,288,244,169,169,188,188,188,220,220,220,220,237,268,268,286,286,360,360,379,396,407,14,27,27,46,57,104,116,128,140,202,231,243,255],"floor_reached":51,"playtime":5577,"items_purged":["Strike_G","Slice+1"],"score":1219,"play_id":"3ee7efdd-a4b0-48b9-8ffa-af193afaf4d0","local_time":"20181001005820","is_ascension_mode":true,"campfire_choices":[{"data":"Noxious Fumes","floor":8,"key":"SMITH"},{"data":"Crippling Poison","floor":11,"key":"SMITH"},{"data":"Backflip","floor":13,"key":"SMITH"},{"data":"Wraith Form v2","floor":15,"key":"SMITH"},{"data":"Neutralize","floor":23,"key":"SMITH"},{"data":"Well Laid Plans","floor":25,"key":"SMITH"},{"data":"Survivor","floor":27,"key":"SMITH"},{"data":"Slice","floor":30,"key":"SMITH"},{"floor":32,"key":"REST"},{"data":"Skewer","floor":40,"key":"SMITH"},{"floor":44,"key":"REST"},{"floor":49,"key":"REST"}],"neow_cost":"TEN_PERCENT_HP_LOSS","seed_source_timestamp":958865877653752,"circlet_count":0,"master_deck":["Defend_G+1","Defend_G+1","Defend_G+1","Defend_G+1","Defend_G+1","Strike_G+1","Survivor+1","Neutralize+1","AscendersBane","Wraith Form v2+1","Noxious Fumes+1","Crippling Poison+1","Backflip+1","Cloak And Dagger+1","Well Laid Plans+1","Prepared+1","Dodge and Roll+1","PiercingWail+1","Malaise+1","Expertise+1","Corpse Explosion+1","Skewer+1","Backflip+1","Dodge and Roll+1","Dodge and Roll+1"],"relics":["Ring of the Snake","Meat on the Bone","Juzu Bracelet","Toxic Egg 2","Turnip","Velvet Choker","Red Mask","The Courier","Orichalcum","Lizard Tail","Ice Cream","MawBank"],"potions_floor_usage":[6,10,14,14,24,29,37,37,50,50],"damage_taken":[{"damage":3,"enemies":"2 Louse","floor":1,"turns":2},{"damage":0,"enemies":"Small Slimes","floor":4,"turns":4},{"damage":26,"enemies":"Gremlin Nob","floor":6,"turns":6},{"damage":0,"enemies":"Cultist","floor":7,"turns":4},{"damage":24,"enemies":"3 Sentries","floor":10,"turns":9},{"damage":11,"enemies":"Exordium Thugs","floor":12,"turns":4},{"damage":1,"enemies":"Lagavulin Event","floor":14,"turns":6},{"damage":15,"enemies":"The Guardian","floor":16,"turns":11},{"damage":0,"enemies":"2 Thieves","floor":18,"turns":5},{"damage":2,"enemies":"Chosen","floor":21,"turns":7},{"damage":7,"enemies":"Masked Bandits","floor":24,"turns":5},{"damage":0,"enemies":"Centurion and Healer","floor":28,"turns":9},{"damage":3,"enemies":"Book of Stabbing","floor":29,"turns":7},{"damage":0,"enemies":"Snake Plant","floor":31,"turns":7},{"damage":17,"enemies":"Automaton","floor":33,"turns":13},{"damage":13,"enemies":"3 Darklings","floor":35,"turns":4},{"damage":1,"enemies":"Orb Walker","floor":36,"turns":4},{"damage":30,"enemies":"Reptomancer","floor":37,"turns":12},{"damage":0,"enemies":"4 Shapes","floor":39,"turns":4},{"damage":7,"enemies":"3 Darklings","floor":41,"turns":5},{"damage":26,"enemies":"Spire Growth","floor":42,"turns":8},{"damage":0,"enemies":"Sphere and 2 Shapes","floor":48,"turns":7},{"damage":10,"enemies":"Time Eater","floor":50,"turns":15}],"seed_played":"-5726513804355346245","potions_obtained":[{"floor":1,"key":"Fire Potion"},{"floor":7,"key":"SkillPotion"},{"floor":10,"key":"AttackPotion"},{"floor":12,"key":"GhostInAJar"},{"floor":14,"key":"SpeedPotion"},{"floor":18,"key":"SteroidPotion"},{"floor":28,"key":"SteroidPotion"},{"floor":33,"key":"Explosive Potion"},{"floor":37,"key":"Block Potion"},{"floor":41,"key":"GhostInAJar"}],"is_trial":false,"path_per_floor":["M","$","?","M","?","E","M","R","T","E","R","M","R","?","R","B",null,"M","?","?","M","?","R","?","R","T","R","M","E","R","M","R","B",null,"M","M","M","$","M","R","M","M","T","R","?","?","?","M","R","B"],"character_chosen":"THE_SILENT","items_purchased":["Ice Cream","Strength Potion"],"campfire_rested":3,"item_purchase_floors":[38,38],"current_hp_per_floor":[56,56,56,56,56,30,42,42,42,30,30,31,31,42,42,39,55,55,55,55,53,53,53,46,46,46,46,46,43,43,43,60,43,56,43,42,24,24,36,36,41,27,27,45,35,35,35,35,53,43],"gold":267,"neow_bonus":"THREE_RARE_CARDS","is_prod":false,"is_daily":false,"chose_seed":false,"campfire_upgraded":9,"win_rate":0,"timestamp":1538348300,"path_taken":["M","$","?","M","?","E","M","R","T","E","R","M","R","?","R","BOSS","M","?","?","M","?","R","?","R","T","R","M","E","R","M","R","BOSS","M","M","M","$","M","R","M","M","T","R","?","?","?","M","R","BOSS"],"build_version":"2018-09-27","purchased_purges":2,"victory":true,"max_hp_per_floor":[60,60,60,60,60,60,60,60,60,60,60,60,60,60,60,60,60,60,60,60,60,60,60,60,60,60,60,60,60,60,60,60,60,60,60,60,60,60,60,60,60,60,60,60,60,60,60,60,60,60],"card_choices":[{"not_picked":["Envenom","Tools of the Trade"],"picked":"Wraith Form v2","floor":0},{"not_picked":["Eviscerate","Deflect"],"picked":"Noxious Fumes","floor":1},{"not_picked":["Prepared","Dagger Throw"],"picked":"Slice","floor":4},{"not_picked":["Infinite Blades","Well Laid Plans"],"picked":"Crippling Poison","floor":6},{"not_picked":["Bane","Blade Dance"],"picked":"Backflip","floor":7},{"not_picked":["Blade Dance","All Out Attack"],"picked":"Cloak And Dagger","floor":10},{"not_picked":["Dagger Spray","Poisoned Stab"],"picked":"Well Laid Plans","floor":12},{"not_picked":["Flying Knee","Sucker Punch"],"picked":"Prepared+1","floor":14},{"not_picked":["Dagger Spray","Finisher"],"picked":"Dodge and Roll+1","floor":18},{"not_picked":["Bane","Outmaneuver+1","Dagger Spray"],"picked":"SKIP","floor":21},{"not_picked":["Escape Plan+1","Deflect+1"],"picked":"PiercingWail+1","floor":24},{"not_picked":["Masterful Stab","Dagger Spray","Quick Slash"],"picked":"SKIP","floor":28},{"not_picked":["Deflect+1","Deadly Poison+1"],"picked":"Malaise+1","floor":29},{"not_picked":["Dagger Throw","Flying Knee"],"picked":"Expertise+1","floor":31},{"not_picked":["Bullet Time+1","Doppelganger+1"],"picked":"Corpse Explosion+1","floor":33},{"not_picked":["Accuracy","Slice","Acrobatics+1"],"picked":"SKIP","floor":35},{"not_picked":["Poisoned Stab","Accuracy","Reflex+1"],"picked":"SKIP","floor":36},{"not_picked":["Reflex+1","Acrobatics+1"],"picked":"Skewer","floor":37},{"not_picked":["Outmaneuver+1","Dash"],"picked":"Backflip+1","floor":39},{"not_picked":["Outmaneuver+1","Slice"],"picked":"Dodge and Roll+1","floor":41},{"not_picked":["Bullet Time+1","Endless Agony","Escape Plan+1"],"picked":"SKIP","floor":42},{"not_picked":["Heel Hook","Acrobatics+1"],"picked":"Dodge and Roll+1","floor":48}],"player_experience":1315172,"relics_obtained":[{"floor":6,"key":"Meat on the Bone"},{"floor":9,"key":"Juzu Bracelet"},{"floor":10,"key":"Toxic Egg 2"},{"floor":14,"key":"Turnip"},{"floor":24,"key":"Red Mask"},{"floor":26,"key":"The Courier"},{"floor":29,"key":"Orichalcum"},{"floor":43,"key":"MawBank"}],"event_choices":[{"event_name":"Living Wall","player_choice":"Forget","floor":3,"damage_taken":0},{"event_name":"The Cleric","player_choice":"Leave","floor":5,"damage_taken":0},{"event_name":"Dead Adventurer","player_choice":"Searched \u00271\u0027 times","floor":14,"damage_taken":0},{"event_name":"Beggar","player_choice":"Gave Gold","floor":19,"damage_taken":0},{"event_name":"Vampires","player_choice":"Ignored","floor":20,"damage_taken":0},{"event_name":"Back to Basics","player_choice":"Simplicity","floor":22,"damage_taken":0},{"event_name":"Masked Bandits","player_choice":"Fought Bandits","floor":24,"damage_taken":0},{"event_name":"SensoryStone","player_choice":"Memory 3","floor":45,"damage_taken":0},{"event_name":"Purifier","player_choice":"One Purge","floor":46,"damage_taken":0},{"event_name":"Golden Shrine","player_choice":"Pray","floor":47,"damage_taken":0}],"is_beta":false,"boss_relics":[{"not_picked":["Sozu","HoveringKite"],"picked":"Velvet Choker"},{"not_picked":["WristBlade","Orrery"],"picked":"Lizard Tail"}],"items_purged_floors":[2,38],"is_endless":false,"potions_floor_spawned":[1,7,10,12,14,18,28,33,37,41,42],"ascension_level":19}