{"gold_per_floor":[114,114,132,132,153,153,192,192,192,192,216,252,277,300,300,396,396,381,381,394,408,408,408,113,146,192,192],"floor_reached":27,"playtime":944,"items_purged":["Strike_G"],"score":486,"play_id":"c974f736-3527-4491-9fcd-55fea0d43221","local_time":"20190207223909","is_ascension_mode":true,"campfire_choices":[{"data":"Backstab","floor":6,"key":"SMITH"},{"data":"Backstab","floor":8,"key":"SMITH"},{"data":"Quick Slash","floor":10,"key":"SMITH"},{"data":"Dodge and Roll","floor":15,"key":"SMITH"},{"data":"Finisher","floor":23,"key":"SMITH"}],"neow_cost":"TEN_PERCENT_HP_LOSS","seed_source_timestamp":1977830526423681,"circlet_count":0,"master_deck":["AscendersBane","Defend_G","Defend_G","Defend_G","Defend_G","Defend_G","Strike_G","Strike_G","Strike_G","Strike_G","Survivor","Neutralize+1","Endless Agony","Quick Slash+1","Backstab+1","Backstab+1","Dodge and Roll+1","Night Terror","Deflect","PiercingWail","Glass Knife","Dagger Spray","Terror","Finisher+1","PiercingWail","Footwork"],"relics":["Ring of the Snake","Mango","Bloody Idol","Meat on the Bone","Blood Vial","Juzu Bracelet","Black Star","Membership Card","Boot","Ornamental Fan","Centennial Puzzle"],"potions_floor_usage":[7,16,25],"damage_taken":[{"damage":4,"enemies":"Small Slimes","floor":1,"turns":5},{"damage":0,"enemies":"Cultist","floor":3,"turns":3},{"damage":0,"enemies":"Jaw Worm","floor":5,"turns":4},{"damage":6,"enemies":"Gremlin Nob","floor":7,"turns":3},{"damage":0,"enemies":"2 Fungi Beasts","floor":11,"turns":2},{"damage":40,"enemies":"Lagavulin","floor":12,"turns":7},{"damage":0,"enemies":"Looter","floor":13,"turns":1},{"damage":8,"enemies":"Large Slime","floor":14,"turns":5},{"damage":15,"enemies":"Slime Boss","floor":16,"turns":6},{"damage":2,"enemies":"2 Thieves","floor":18,"turns":4},{"damage":0,"enemies":"Chosen","floor":20,"turns":3},{"damage":19,"enemies":"Snake Plant","floor":21,"turns":3},{"damage":54,"enemies":"Book of Stabbing","floor":25,"turns":5},{"damage":43,"enemies":"Gremlin Leader","floor":27,"turns":6}],"seed_played":"7282232459028038226","potions_obtained":[{"floor":5,"key":"FearPotion"},{"floor":7,"key":"Strength Potion"},{"floor":13,"key":"Energy Potion"},{"floor":16,"key":"Dexterity Potion"},{"floor":21,"key":"Regen Potion"}],"is_trial":false,"path_per_floor":["M","?","M","?","M","R","E","R","T","R","M","E","M","M","R","B",null,"M","?","M","M","?","R","$","E","T","E"],"character_chosen":"THE_SILENT","items_purchased":["Membership Card","Footwork"],"campfire_rested":0,"item_purchase_floors":[24,24],"current_hp_per_floor":[69,69,69,67,67,67,61,61,61,61,63,37,39,45,45,44,61,61,61,63,46,46,46,46,25,30,0],"gold":192,"neow_bonus":"ONE_RARE_RELIC","is_prod":false,"is_daily":false,"chose_seed":false,"campfire_upgraded":5,"win_rate":0,"timestamp":1549575549,"path_taken":["M","?","?","?","M","R","E","R","T","R","M","E","M","M","R","BOSS","M","?","M","M","?","R","$","E","T","E"],"build_version":"2019-01-23","purchased_purges":1,"victory":false,"max_hp_per_floor":[74,74,74,67,67,67,67,67,67,67,67,67,67,67,67,67,67,67,67,67,67,67,67,67,67,67,67],"card_choices":[{"not_picked":["Bane","Accuracy"],"picked":"Endless Agony","floor":1},{"not_picked":["PiercingWail","Prepared"],"picked":"Quick Slash","floor":3},{"not_picked":["Dagger Spray","Underhanded Strike"],"picked":"Backstab","floor":5},{"not_picked":["Flying Knee","Escape Plan"],"picked":"Backstab","floor":7},{"not_picked":["Finisher","PiercingWail"],"picked":"Dodge and Roll","floor":11},{"not_picked":["Infinite Blades","Tactician"],"picked":"Night Terror","floor":12},{"not_picked":["Predator","Masterful Stab"],"picked":"Deflect","floor":13},{"not_picked":["Outmaneuver","Heel Hook"],"picked":"PiercingWail","floor":14},{"not_picked":["Corpse Explosion","Envenom"],"picked":"Glass Knife","floor":16},{"not_picked":["Accuracy+1","Outmaneuver"],"picked":"Dagger Spray","floor":18},{"not_picked":["Acrobatics","Underhanded Strike"],"picked":"Finisher","floor":20},{"not_picked":["Acrobatics+1","Dodge and Roll"],"picked":"PiercingWail","floor":21},{"not_picked":["Heel Hook+1","Prepared","Skewer"],"picked":"SKIP","floor":25}],"player_experience":1872467,"relics_obtained":[{"floor":7,"key":"Meat on the Bone"},{"floor":9,"key":"Blood Vial"},{"floor":12,"key":"Juzu Bracelet"},{"floor":25,"key":"Boot"},{"floor":25,"key":"Ornamental Fan"},{"floor":26,"key":"Centennial Puzzle"}],"event_choices":[{"damage_healed":0,"gold_gain":0,"player_choice":"Upgraded","damage_taken":0,"max_hp_gain":0,"max_hp_loss":0,"event_name":"Upgrade Shrine","floor":2,"gold_loss":0,"cards_upgraded":["Neutralize"]},{"damage_healed":0,"gold_gain":0,"player_choice":"Lose Max HP","damage_taken":0,"relics_obtained":["Golden Idol"],"max_hp_gain":0,"max_hp_loss":7,"event_name":"Golden Idol","floor":4,"gold_loss":0},{"damage_healed":0,"gold_gain":0,"player_choice":"Read","damage_taken":0,"max_hp_gain":0,"max_hp_loss":0,"event_name":"The Library","floor":19,"gold_loss":0,"cards_obtained":["Terror"]},{"damage_healed":0,"gold_gain":0,"player_choice":"Gave Idol","damage_taken":0,"relics_obtained":["Bloody Idol"],"max_hp_gain":0,"max_hp_loss":0,"event_name":"Forgotten Altar","floor":22,"relics_lost":["Golden Idol"],"gold_loss":0}],"is_beta":false,"boss_relics":[{"not_picked":["Cursed Key","Snecko Eye"],"picked":"Black Star"}],"items_purged_floors":[24],"is_endless":false,"potions_floor_spawned":[5,7,13,16,21],"killed_by":"Gremlin Leader","ascension_level":20}