{"gold_per_floor":[140,140,156,169,169,169,181,181,258,268,268,22,22,91,91,164,164,178,194,21,37,52,52,69,87,113,113,126,141,141,141],"floor_reached":31,"playtime":1612,"items_purged":["Strike_B"],"score":520,"play_id":"f228972d-bc7a-4214-8e43-19d8679f1429","local_time":"20190307202202","is_ascension_mode":true,"campfire_choices":[{"data":"Doom and Gloom","floor":6,"key":"SMITH"},{"data":"Self Repair","floor":8,"key":"SMITH"},{"data":"FTL","floor":13,"key":"SMITH"},{"data":"Conserve Battery","floor":15,"key":"SMITH"},{"data":"Coolheaded","floor":23,"key":"SMITH"},{"data":"Coolheaded","floor":27,"key":"SMITH"},{"data":"Rainbow","floor":30,"key":"SMITH"}],"neow_cost":"NONE","seed_source_timestamp":0,"circlet_count":0,"master_deck":["AscendersBane","Strike_B+1","Strike_B+1","Strike_B","Defend_B","Defend_B","Defend_B","Defend_B","Zap+1","Dualcast","Doom and Gloom+1","FTL+1","Conserve Battery+1","Self Repair+1","Leap","Sweeping Beam","Rainbow+1","Coolheaded+1","Leap","Sunder+1","Conserve Battery+1","Coolheaded+1"],"special_seed":0,"relics":["Cracked Core","Tiny Chest","The Courier","Oddly Smooth Stone","Bronze Scales","Matryoshka","Snecko Eye","Whetstone","Vajra"],"potions_floor_usage":[7,7,16,16,19,24,24,25],"damage_taken":[{"damage":15,"enemies":"Small Slimes","floor":1,"turns":3},{"damage":12,"enemies":"Jaw Worm","floor":3,"turns":2},{"damage":7,"enemies":"2 Louse","floor":4,"turns":2},{"damage":0,"enemies":"Large Slime","floor":7,"turns":4},{"damage":0,"enemies":"Gremlin Gang","floor":10,"turns":3},{"damage":0,"enemies":"The Guardian","floor":16,"turns":9},{"damage":36,"enemies":"Chosen","floor":18,"turns":5},{"damage":15,"enemies":"Shell Parasite","floor":19,"turns":6},{"damage":12,"enemies":"Snecko","floor":21,"turns":6},{"damage":7,"enemies":"Chosen and Byrds","floor":22,"turns":4},{"damage":30,"enemies":"Shelled Parasite and Fungi","floor":24,"turns":3},{"damage":10,"enemies":"Cultist and Chosen","floor":25,"turns":6},{"damage":0,"enemies":"Centurion and Healer","floor":28,"turns":7},{"damage":6,"enemies":"Snake Plant","floor":29,"turns":5},{"damage":0,"enemies":"Cultist and Chosen","floor":31,"turns":2}],"seed_played":"3785556262006304632","potions_obtained":[{"floor":1,"key":"Energy Potion"},{"floor":4,"key":"FearPotion"},{"floor":7,"key":"EssenceOfSteel"},{"floor":10,"key":"AttackPotion"},{"floor":18,"key":"Regen Potion"},{"floor":19,"key":"PowerPotion"},{"floor":24,"key":"SkillPotion"}],"is_trial":false,"path_per_floor":["?","?","?","T","M","M"],"character_chosen":"DEFECT","items_purchased":["Leap","Sweeping Beam","Bronze Scales","Strength Potion","Sunder","AttackPotion"],"campfire_rested":0,"item_purchase_floors":[12,12,12,12,20,20],"current_hp_per_floor":[49,49,37,30,9,9,9,9,9,19,19,19,19,19,19,29,61,35,45,45,43,46,46,16,16,16,16,26,30,30,30],"gold":141,"neow_bonus":"RANDOM_COMMON_RELIC","is_prod":false,"is_daily":false,"chose_seed":false,"campfire_upgraded":7,"win_rate":0,"timestamp":1552008122,"path_taken":["M","?","M","M","?","R","M","R","T","M","?","$","R","?","R","BOSS","M","M","$","?","M","R","M","M","T","R","M","?","R","M"],"build_version":"2019-01-23","purchased_purges":1,"victory":false,"max_hp_per_floor":[71,71,71,71,71,71,71,71,71,71,71,71,71,71,71,71,71,71,71,71,71,71,71,71,71,71,71,71,71,71,71],"card_choices":[{"not_picked":["Scrape","Beam Cell"],"picked":"Doom and Gloom","floor":1},{"not_picked":["Hologram","Sunder"],"picked":"FTL","floor":3},{"not_picked":["Doom and Gloom","Rebound"],"picked":"Conserve Battery","floor":4},{"not_picked":["Rip and Tear","Scrape"],"picked":"Self Repair","floor":7},{"not_picked":["Conserve Battery","Gash","Streamline"],"picked":"SKIP","floor":10},{"not_picked":["Fission","Thunder Strike"],"picked":"Rainbow","floor":16},{"not_picked":["Defragment","Capacitor"],"picked":"Coolheaded","floor":18},{"not_picked":["Compile Driver","Scrape"],"picked":"Leap","floor":19},{"not_picked":["Redo","Static Discharge","Consume"],"picked":"SKIP","floor":21},{"not_picked":["Recycle","Streamline","Stack"],"picked":"SKIP","floor":22},{"not_picked":["Beam Cell+1","Scrape"],"picked":"Conserve Battery+1","floor":24},{"not_picked":["Rebound","Leap"],"picked":"Coolheaded","floor":25},{"not_picked":["Gash+1","Redo","Hello World"],"picked":"SKIP","floor":28},{"not_picked":["Go for the Eyes","Rebound","Barrage"],"picked":"SKIP","floor":29}],"player_experience":578099,"relics_obtained":[{"floor":9,"key":"The Courier"},{"floor":14,"key":"Matryoshka"},{"floor":26,"key":"Whetstone"},{"floor":26,"key":"Vajra"}],"event_choices":[{"damage_healed":0,"gold_gain":0,"player_choice":"Ignored","damage_taken":0,"max_hp_gain":0,"max_hp_loss":0,"event_name":"Liars Game","floor":2,"gold_loss":0},{"damage_healed":0,"gold_gain":0,"player_choice":"Entered Light","damage_taken":21,"max_hp_gain":0,"max_hp_loss":0,"event_name":"Shining Light","floor":5,"gold_loss":0,"cards_upgraded":["Zap","Strike_B"]},{"damage_healed":0,"gold_gain":0,"player_choice":"Searched \u00271\u0027 times","damage_taken":0,"relics_obtained":["Oddly Smooth Stone"],"max_hp_gain":0,"max_hp_loss":0,"event_name":"Dead Adventurer","floor":11,"gold_loss":0}],"is_beta":false,"boss_relics":[{"not_picked":["Fusion Hammer","Busted Crown"],"picked":"Snecko Eye"}],"items_purged_floors":[20],"is_endless":false,"potions_floor_spawned":[1,4,7,10,18,19,21,24],"killed_by":"Cultist and Chosen","ascension_level":17}