{"gold_per_floor":[211,226,32,50,60,60,79,92,92,92,104,104,139,139,139,139],"floor_reached":16,"playtime":590,"items_purged":[],"score":208,"play_id":"d8573fcf-0316-4c98-af00-8ec665fad4dc","local_time":"20190202161449","is_ascension_mode":true,"campfire_choices":[{"data":"Ball Lightning","floor":6,"key":"SMITH"},{"data":"Streamline","floor":10,"key":"SMITH"},{"floor":15,"key":"REST"}],"neow_cost":"NONE","seed_source_timestamp":325321672291981,"circlet_count":0,"master_deck":["AscendersBane","Strike_B","Strike_B","Strike_B","Strike_B","Defend_B","Defend_B","Defend_B","Defend_B","Zap","Dualcast","Sweeping Beam","Conserve Battery","Ball Lightning+1","Cold Snap","Compile Driver","Streamline+1","Leap","Static Discharge+1","Go for the Eyes"],"relics":["Cracked Core","Bag of Marbles","Bag of Preparation","PreservedInsect"],"potions_floor_usage":[8,11],"damage_taken":[{"damage":1,"enemies":"Cultist","floor":1,"turns":3},{"damage":0,"enemies":"2 Louse","floor":2,"turns":1},{"damage":0,"enemies":"Small Slimes","floor":4,"turns":2},{"damage":5,"enemies":"Looter","floor":5,"turns":3},{"damage":12,"enemies":"3 Louse","floor":7,"turns":3},{"damage":14,"enemies":"Gremlin Gang","floor":8,"turns":3},{"damage":12,"enemies":"Exordium Wildlife","floor":11,"turns":3},{"damage":26,"enemies":"3 Sentries","floor":13,"turns":6},{"damage":42,"enemies":"The Guardian","floor":16,"turns":6}],"seed_played":"-8443611773699906218","potions_obtained":[{"floor":4,"key":"LiquidBronze"},{"floor":7,"key":"Swift Potion"},{"floor":8,"key":"GamblersBrew"}],"is_trial":false,"path_per_floor":["M","M","$","M","M","R","M","M","T","R","M","?","E","?","R","B"],"character_chosen":"DEFECT","items_purchased":["Bag of Marbles","Ball Lightning"],"campfire_rested":1,"item_purchase_floors":[3,3],"current_hp_per_floor":[63,63,63,63,58,58,46,32,32,32,20,43,17,17,38,0],"gold":139,"neow_bonus":"HUNDRED_GOLD","is_prod":false,"is_daily":false,"chose_seed":false,"campfire_upgraded":2,"win_rate":0,"timestamp":1549116889,"path_taken":["M","M","$","?","M","R","M","M","T","R","M","?","E","?","R","BOSS"],"build_version":"2019-01-23","purchased_purges":0,"victory":false,"max_hp_per_floor":[71,71,71,71,71,71,71,71,71,71,71,71,71,71,71,71],"card_choices":[{"not_picked":["Turbo","Redo"],"picked":"Sweeping Beam","floor":1},{"not_picked":["Consume","Sweeping Beam"],"picked":"Conserve Battery","floor":2},{"not_picked":["Leap","Static Discharge"],"picked":"Cold Snap","floor":4},{"not_picked":["Consume","Storm"],"picked":"Compile Driver","floor":5},{"not_picked":["Scrape","Beam Cell"],"picked":"Streamline","floor":7},{"not_picked":["Skim","Beam Cell"],"picked":"Leap","floor":8},{"not_picked":["Lockon","All For One"],"picked":"Static Discharge","floor":11},{"not_picked":["Cold Snap","Barrage"],"picked":"Go for the Eyes","floor":13}],"player_experience":1504767,"relics_obtained":[{"floor":9,"key":"Bag of Preparation"},{"floor":13,"key":"PreservedInsect"}],"event_choices":[{"damage_healed":23,"gold_gain":0,"player_choice":"Banana","damage_taken":0,"max_hp_gain":0,"max_hp_loss":0,"event_name":"Big Fish","floor":12,"gold_loss":0},{"damage_healed":0,"gold_gain":0,"player_choice":"Grow","damage_taken":0,"max_hp_gain":0,"max_hp_loss":0,"event_name":"Living Wall","floor":14,"gold_loss":0,"cards_upgraded":["Static Discharge"]}],"is_beta":false,"boss_relics":[],"items_purged_floors":[],"is_endless":false,"potions_floor_spawned":[4,7,8],"killed_by":"The Guardian","ascension_level":20}