{"gold_per_floor":[114,114,134,134,146,146,179,191,268,268,268,287,312,326,326,404,404,394,408,418,429,429],"floor_reached":22,"playtime":885,"items_purged":[],"score":330,"play_id":"e938ac4e-76d0-43f8-a8c4-843de4ee077a","local_time":"20190309112712","is_ascension_mode":true,"campfire_choices":[{"data":"Bouncing Flask","floor":6.0,"key":"SMITH"},{"floor":10.0,"key":"REST"},{"floor":15,"key":"REST"}],"neow_cost":"NONE","seed_source_timestamp":6761772628800,"circlet_count":0,"master_deck":["AscendersBane","Defend_G","Defend_G","Defend_G","Defend_G","Defend_G","Strike_G","Strike_G","Strike_G","Strike_G","Strike_G","Survivor","Neutralize","Bouncing Flask+1","Sucker Punch","Poisoned Stab","Poisoned Stab","Noxious Fumes","Blur","Sucker Punch+1","Flying Knee+1","Cloak And Dagger","Predator+1","Well Laid Plans"],"special_seed":0,"relics":["Ring of the Snake","Ginger","PreservedInsect","Molten Egg 2","Lantern","Sozu"],"potions_floor_usage":[14,18],"damage_taken":[{"damage":0.0,"enemies":"Cultist","floor":1.0,"turns":3.0},{"damage":0.0,"enemies":"Small Slimes","floor":3.0,"turns":3.0},{"damage":0.0,"enemies":"2 Louse","floor":5.0,"turns":4.0},{"damage":32.0,"enemies":"3 Sentries","floor":7.0,"turns":11.0},{"damage":12.0,"enemies":"Exordium Thugs","floor":8.0,"turns":4.0},{"damage":19.0,"enemies":"Gremlin Gang","floor":12.0,"turns":4.0},{"damage":20.0,"enemies":"Lagavulin","floor":13.0,"turns":5.0},{"damage":0,"enemies":"Blue Slaver","floor":14,"turns":1},{"damage":12,"enemies":"The Guardian","floor":16,"turns":8},{"damage":20,"enemies":"2 Thieves","floor":18,"turns":4},{"damage":8,"enemies":"Shell Parasite","floor":19,"turns":6},{"damage":19,"enemies":"Cultist and Chosen","floor":20,"turns":6},{"damage":19,"enemies":"3 Cultists","floor":21,"turns":5},{"damage":8,"enemies":"Snecko","floor":22,"turns":3}],"seed_played":"1253367715087236576","potions_obtained":[{"floor":7.0,"key":"PowerPotion"},{"floor":8.0,"key":"FairyPotion"},{"floor":12.0,"key":"Fire Potion"},{"floor":16,"key":"Regen Potion"}],"is_trial":false,"path_per_floor":["M","T","M","?","M","R","E","M","T","R","?","M","E","M","R","B",null,"M","M","M","M","M"],"character_chosen":"THE_SILENT","items_purchased":[],"campfire_rested":2,"item_purchase_floors":[],"current_hp_per_floor":[63,63,63,63,63,63,31,19,19,40,40,21,1,1,22,10,55,44,36,17,7,0],"gold":429,"neow_bonus":"THREE_CARDS","is_prod":false,"is_daily":false,"chose_seed":false,"campfire_upgraded":1,"win_rate":0,"timestamp":1552127232,"path_taken":["M","?","M","?","M","R","E","M","T","R","?","M","E","?","R","BOSS","M","?","?","M","M"],"build_version":"2019-01-23","purchased_purges":0,"victory":false,"max_hp_per_floor":[70,70,70,70,70,70,70,70,70,70,70,70,70,70,70,70,70,70,70,70,70,70],"card_choices":[{"not_picked":["Prepared","Deadly Poison"],"picked":"Bouncing Flask","floor":0.0},{"not_picked":["Outmaneuver","Distraction"],"picked":"Sucker Punch","floor":1.0},{"not_picked":["Deadly Poison","Expertise"],"picked":"Poisoned Stab","floor":3.0},{"not_picked":["Prepared","Riddle With Holes"],"picked":"Poisoned Stab","floor":5.0},{"not_picked":["Terror","A Thousand Cuts"],"picked":"Noxious Fumes","floor":7.0},{"not_picked":["Deflect","Accuracy"],"picked":"Blur","floor":8.0},{"not_picked":["Heel Hook+1","Predator+1"],"picked":"Sucker Punch+1","floor":12.0},{"not_picked":["Dodge and Roll","Riddle With Holes+1"],"picked":"Flying Knee+1","floor":13.0},{"not_picked":["Sucker Punch+1","Deadly Poison"],"picked":"Cloak And Dagger","floor":14},{"not_picked":["Acrobatics","Underhanded Strike+1"],"picked":"Predator+1","floor":18},{"not_picked":["Dagger Spray+1","Riddle With Holes+1"],"picked":"Well Laid Plans","floor":19},{"not_picked":["Acrobatics","All Out Attack+1","Deflect"],"picked":"SKIP","floor":20},{"not_picked":["Deflect","Bouncing Flask+1","Sucker Punch+1"],"picked":"SKIP","floor":21}],"player_experience":622338,"relics_obtained":[{"floor":2.0,"key":"Ginger"},{"floor":7.0,"key":"PreservedInsect"},{"floor":9.0,"key":"Molten Egg 2"},{"floor":13.0,"key":"Lantern"}],"event_choices":[{"damage_healed":0.0,"max_hp_gain":0.0,"max_hp_loss":0.0,"gold_gain":0.0,"event_name":"Liars Game","player_choice":"Ignored","floor":4.0,"gold_loss":0.0,"damage_taken":0.0},{"damage_healed":0.0,"max_hp_gain":0.0,"max_hp_loss":0.0,"gold_gain":0.0,"event_name":"The Woman in Blue","player_choice":"Bought 0 Potions","floor":11.0,"gold_loss":0.0,"damage_taken":0.0}],"is_beta":false,"boss_relics":[{"not_picked":["Coffee Dripper","Cursed Key"],"picked":"Sozu"}],"items_purged_floors":[],"is_endless":false,"potions_floor_spawned":[7,8,12,16,20,21],"killed_by":"Snecko","ascension_level":13}