{"gold_per_floor":[118,118,22,37,37,69,88,116,163,194,205,218,235,235,235,339,339,356,356,316,328,69,69,99,109,109,209,209,243,243,260,260,356,356,370,389,0,999,999,999,1032,1043,1067,1067],"floor_reached":44,"playtime":10363,"items_purged":["Flying Knee"],"score":857,"play_id":"fd4023cf-33ec-41be-87a4-c979518e18a0","local_time":"20190310013755","is_ascension_mode":true,"campfire_choices":[{"floor":15,"key":"REST"},{"data":"Malaise","floor":23,"key":"SMITH"},{"data":"Footwork","floor":28,"key":"SMITH"},{"data":"Neutralize","floor":30,"key":"SMITH"},{"data":"Deadly Poison","floor":32,"key":"SMITH"},{"data":"After Image","floor":40,"key":"SMITH"}],"neow_cost":"NONE","seed_source_timestamp":709903023180258,"circlet_count":0,"master_deck":["AscendersBane","Defend_G","Defend_G","Defend_G","Defend_G","Survivor","Neutralize+1","Noxious Fumes+1","Dagger Throw","PiercingWail","Leg Sweep","PiercingWail","Predator","Bane","Deadly Poison+1","Caltrops","Dagger Throw","Malaise+1","Bite","Bite","Bite","Bite","Bite","Prepared+1","Footwork+1","Master of Strategy","Die Die Die","Noxious Fumes+1","After Image+1","Skewer","Acrobatics+1","Thinking Ahead","Dodge and Roll","Footwork","Normality","Normality","Backflip","Crippling Poison"],"relics":["Ring of the Serpent","NeowsBlessing","Gremlin Horn","Art of War","Dream Catcher","Ninja Scroll","Happy Flower","Bronze Scales","Blood Vial","Pantograph","HoveringKite","Vajra"],"potions_floor_usage":[8,10,10,16,24,25,33,44],"damage_taken":[{"damage":0,"enemies":"2 Louse","floor":1,"turns":1},{"damage":0,"enemies":"Cultist","floor":4,"turns":1},{"damage":0,"enemies":"Lagavulin","floor":6,"turns":1},{"damage":0,"enemies":"Small Slimes","floor":7,"turns":4},{"damage":9,"enemies":"3 Sentries","floor":8,"turns":9},{"damage":28,"enemies":"Lagavulin","floor":10,"turns":9},{"damage":0,"enemies":"Red Slaver","floor":11,"turns":4},{"damage":0,"enemies":"Looter","floor":12,"turns":3},{"damage":8,"enemies":"Exordium Thugs","floor":13,"turns":4},{"damage":8,"enemies":"Hexaghost","floor":16,"turns":8},{"damage":1,"enemies":"Spheric Guardian","floor":18,"turns":5},{"damage":20,"enemies":"Shell Parasite","floor":21,"turns":10},{"damage":13,"enemies":"Book of Stabbing","floor":24,"turns":7},{"damage":8,"enemies":"3 Cultists","floor":25,"turns":5},{"damage":4,"enemies":"Gremlin Leader","floor":29,"turns":9},{"damage":5,"enemies":"Snake Plant","floor":31,"turns":5},{"damage":40,"enemies":"Collector","floor":33,"turns":9},{"damage":7,"enemies":"3 Shapes","floor":35,"turns":6},{"damage":7,"enemies":"Orb Walker","floor":36,"turns":4},{"damage":17,"enemies":"Nemesis","floor":41,"turns":9},{"damage":26,"enemies":"Writhing Mass","floor":42,"turns":9},{"damage":45,"enemies":"Giant Head","floor":44,"turns":11}],"seed_played":"-8527348427123186494","potions_obtained":[{"floor":1,"key":"Fire Potion"},{"floor":4,"key":"Weak Potion"},{"floor":5,"key":"PowerPotion"},{"floor":8,"key":"Poison Potion"},{"floor":13,"key":"PowerPotion"},{"floor":18,"key":"Poison Potion"},{"floor":24,"key":"AttackPotion"},{"floor":33,"key":"GhostInAJar"},{"floor":35,"key":"Ancient Potion"}],"is_trial":false,"path_per_floor":["M","?","$","M","?","E","M","E","T","E","M","M","M","T","R","B",null,"M","?","?","M","$","R","E","M","T","?","R","E","R","M","R","B",null,"M","M","$","?","?","R","E","M","T","E"],"character_chosen":"THE_SILENT","items_purchased":["Noxious Fumes","Dagger Throw","Footwork","Master of Strategy","Thinking Ahead","Dodge and Roll","Footwork"],"campfire_rested":1,"item_purchase_floors":[3,3,22,22,37,37,37],"current_hp_per_floor":[63,49,49,49,49,49,49,40,40,12,12,12,4,4,25,17,57,56,49,49,37,37,37,36,36,36,36,36,49,49,46,46,23,43,44,45,45,45,45,45,40,22,22,0],"gold":1067,"neow_bonus":"THREE_ENEMY_KILL","is_prod":false,"is_daily":false,"chose_seed":false,"campfire_upgraded":5,"win_rate":0,"timestamp":1552199875,"path_taken":["M","?","$","M","?","E","M","E","T","E","?","M","?","?","R","BOSS","M","?","?","?","$","R","E","M","T","?","R","E","R","M","R","BOSS","M","M","$","?","?","R","E","M","T","E"],"build_version":"2019-01-23","purchased_purges":1,"victory":false,"max_hp_per_floor":[70,70,70,70,70,70,70,70,70,70,70,70,70,70,70,70,70,70,49,49,49,49,49,49,49,49,49,49,49,49,49,49,49,49,49,49,49,49,49,49,49,49,49,49],"card_choices":[{"not_picked":["Terror","Sucker Punch"],"picked":"Flying Knee","floor":1},{"not_picked":["Underhanded Strike","Accuracy"],"picked":"PiercingWail","floor":4},{"not_picked":["Cloak And Dagger","Flying Knee"],"picked":"Leg Sweep","floor":6},{"not_picked":["Slice","Deflect","Acrobatics"],"picked":"SKIP","floor":7},{"not_picked":["Distraction","Underhanded Strike"],"picked":"PiercingWail","floor":8},{"not_picked":["Backflip","Storm of Steel"],"picked":"Predator","floor":10},{"not_picked":["Slice","Choke"],"picked":"Bane","floor":11},{"not_picked":["Acrobatics","Bane"],"picked":"Deadly Poison","floor":12},{"not_picked":["All Out Attack","Slice"],"picked":"Caltrops","floor":13},{"not_picked":["Masterful Stab","Backflip"],"picked":"Dagger Throw","floor":15},{"not_picked":["Adrenaline","Wraith Form v2"],"picked":"Malaise","floor":16},{"not_picked":["Quick Slash+1","Blur","Dagger Throw+1"],"picked":"SKIP","floor":18},{"not_picked":["Leg Sweep","Deflect"],"picked":"Prepared+1","floor":21},{"not_picked":["Eviscerate","Poisoned Stab"],"picked":"Die Die Die","floor":24},{"not_picked":["Bane","PiercingWail","Flechettes+1"],"picked":"SKIP","floor":25},{"not_picked":["Masterful Stab","PiercingWail+1"],"picked":"Noxious Fumes+1","floor":29},{"not_picked":["Cloak And Dagger","Acrobatics","Choke+1"],"picked":"SKIP","floor":31},{"not_picked":["Glass Knife","Burst"],"picked":"After Image","floor":33},{"not_picked":["Deadly Poison","Prepared"],"picked":"Skewer","floor":35},{"not_picked":["Crippling Poison+1","All Out Attack+1"],"picked":"Acrobatics+1","floor":36},{"not_picked":["Bullet Time","Infinite Blades"],"picked":"Backflip","floor":41},{"not_picked":["Predator","Accuracy+1"],"picked":"Crippling Poison","floor":42}],"player_experience":1752860,"relics_obtained":[{"floor":6,"key":"Gremlin Horn"},{"floor":8,"key":"Art of War"},{"floor":9,"key":"Dream Catcher"},{"floor":10,"key":"Ninja Scroll"},{"floor":14,"key":"Happy Flower"},{"floor":24,"key":"Bronze Scales"},{"floor":26,"key":"Blood Vial"},{"floor":29,"key":"Pantograph"},{"floor":41,"key":"Vajra"}],"event_choices":[{"damage_healed":0,"gold_gain":0,"player_choice":"Entered Light","damage_taken":14,"max_hp_gain":0,"max_hp_loss":0,"event_name":"Shining Light","floor":2,"gold_loss":0,"cards_upgraded":["Strike_G","Defend_G"]},{"damage_healed":0,"gold_gain":0,"player_choice":"Got Potions","damage_taken":0,"max_hp_gain":0,"max_hp_loss":0,"event_name":"Lab","floor":5,"gold_loss":0},{"damage_healed":0,"gold_gain":0,"player_choice":"Became a vampire","damage_taken":0,"max_hp_gain":0,"max_hp_loss":21,"event_name":"Vampires","floor":19,"gold_loss":0,"cards_obtained":["Bite","Bite","Bite","Bite","Bite"]},{"damage_healed":0,"gold_gain":0,"player_choice":"Upgrade","damage_taken":0,"max_hp_gain":0,"max_hp_loss":0,"event_name":"Designer","floor":20,"gold_loss":40,"cards_upgraded":["Noxious Fumes"]},{"damage_healed":0,"gold_gain":100,"player_choice":"Pray","damage_taken":0,"max_hp_gain":0,"max_hp_loss":0,"event_name":"Golden Shrine","floor":27,"gold_loss":0},{"damage_healed":0,"gold_gain":999,"player_choice":"Gold","damage_taken":0,"max_hp_gain":0,"max_hp_loss":0,"event_name":"MindBloom","floor":38,"gold_loss":0,"cards_obtained":["Normality","Normality"]},{"cards_removed":["Defend_G"],"damage_healed":0,"gold_gain":0,"player_choice":"Removed Skill","damage_taken":0,"max_hp_gain":0,"max_hp_loss":0,"event_name":"Falling","floor":39,"gold_loss":0}],"is_beta":false,"boss_relics":[{"not_picked":["White Beast Statue","Lizard Tail"],"picked":"Ring of the Serpent"},{"not_picked":["Astrolabe","Black Star"],"picked":"HoveringKite"}],"items_purged_floors":[37],"is_endless":false,"potions_floor_spawned":[1,4,8,13,18,24,33,35],"killed_by":"Giant Head","ascension_level":10}