{"gold_per_floor":[367,316,316,334,334,377,377,391,391,27,27,27,27,27,27,150,150,174,174,61,61,77,111,111,111,111,111,111,111,151,170,170,301,301,319,338,338,338,79,79,98,98,98,112,112,112],"floor_reached":46,"playtime":3018,"items_purged":["Strike_B"],"score":450,"play_id":"a5c74912-c85e-45c9-b892-aa13def95678","local_time":"20190309204935","is_ascension_mode":false,"campfire_choices":[{"floor":7.0,"key":"REST"},{"data":"Capacitor","floor":11.0,"key":"SMITH"},{"data":"Seek","floor":15.0,"key":"SMITH"},{"floor":25.0,"key":"REST"},{"data":"Sunder","floor":27.0,"key":"SMITH"},{"data":"Loop","floor":29.0,"key":"SMITH"},{"floor":32.0,"key":"REST"},{"data":"Creative AI","floor":40.0,"key":"SMITH"},{"floor":42.0,"key":"REST"},{"floor":45,"key":"REST"}],"neow_cost":"TEN_PERCENT_HP_LOSS","seed_source_timestamp":0,"circlet_count":0,"master_deck":["Strike_B","Strike_B","Strike_B","Defend_B","Defend_B","Defend_B","Defend_B","Zap","Dualcast","Cold Snap","Leap","Go for the Eyes","Steam","Rebound","Capacitor+1","Seek+1","Biased Cognition","Ball Lightning+1","Sunder+1","Loop+1","Steam+1","Creative AI+1","Hologram+1","Storm","Seek+1","Rip and Tear","Defragment","Barrage+1"],"special_seed":0,"relics":["Cracked Core","Golden Idol","Cables","Happy Flower","Orichalcum","Inserter","Pantograph","Mummified Hand","NlothsMask","Toxic Egg 2","Black Star"],"potions_floor_usage":[],"damage_taken":[{"damage":1.0,"enemies":"2 Louse","floor":1.0,"turns":3.0},{"damage":0.0,"enemies":"Small Slimes","floor":4.0,"turns":3.0},{"damage":25.0,"enemies":"Lagavulin","floor":6.0,"turns":7.0},{"damage":0.0,"enemies":"Jaw Worm","floor":8.0,"turns":2.0},{"damage":32.0,"enemies":"Slime Boss","floor":16.0,"turns":14.0},{"damage":4.0,"enemies":"3 Byrds","floor":18.0,"turns":3.0},{"damage":18.0,"enemies":"Colosseum Slavers","floor":19.0,"turns":4.0},{"damage":1.0,"enemies":"Chosen","floor":22.0,"turns":4.0},{"damage":23.0,"enemies":"Book of Stabbing","floor":23.0,"turns":5.0},{"damage":18.0,"enemies":"Gremlin Leader","floor":30.0,"turns":7.0},{"damage":1.0,"enemies":"Snecko","floor":31.0,"turns":4.0},{"damage":61.0,"enemies":"Champ","floor":33.0,"turns":13.0},{"damage":0.0,"enemies":"Orb Walker","floor":35.0,"turns":3.0},{"damage":14.0,"enemies":"3 Shapes","floor":36.0,"turns":9.0},{"damage":42.0,"enemies":"3 Darklings","floor":41.0,"turns":6.0},{"damage":14.0,"enemies":"4 Shapes","floor":44.0,"turns":5.0},{"damage":40,"enemies":"Jaw Worm Horde","floor":46,"turns":2}],"seed_played":"-3127407862592782033","potions_obtained":[{"floor":4.0,"key":"FocusPotion"},{"floor":8.0,"key":"LiquidBronze"},{"floor":18.0,"key":"LiquidBronze"},{"floor":31.0,"key":"Explosive Potion"},{"floor":35.0,"key":"Poison Potion"}],"is_trial":false,"path_per_floor":["M","$","?","M","?","E","R","M","T","$","R","?","?","$","R","B",null,"M","?","$","?","M","E","?","R","T","R","?","R","E","M","R","B",null,"M","M","?","?","$","R","M","R","T","M","R","M"],"character_chosen":"DEFECT","items_purchased":["Leap","Capacitor","Seek","Orichalcum","Sunder","Storm","Seek+1","Rip and Tear"],"campfire_rested":5,"item_purchase_floors":[2,10,10,10,20,39,39,39],"current_hp_per_floor":[67,67,50,50,50,25,45,45,45,45,45,45,45,45,45,13,68,64,46,46,46,45,22,22,42,42,42,42,42,24,23,43,7,68,68,54,54,54,54,54,12,32,32,18,38,0],"gold":112,"neow_bonus":"TWO_FIFTY_GOLD","is_prod":false,"is_daily":false,"chose_seed":false,"campfire_upgraded":5,"win_rate":0,"timestamp":1552160975,"path_taken":["M","$","?","M","?","E","R","M","T","$","R","?","?","$","R","BOSS","M","?","$","?","M","E","?","R","T","R","?","R","E","M","R","BOSS","M","?","?","?","$","R","M","R","T","?","R","M"],"build_version":"2019-01-23","purchased_purges":1,"victory":false,"max_hp_per_floor":[68,68,68,68,68,68,68,68,68,68,68,68,68,68,68,68,68,68,68,68,68,68,68,68,68,68,68,68,68,68,68,68,68,68,68,68,68,68,68,68,68,68,68,68,68,68],"card_choices":[{"not_picked":["Turbo","Blizzard"],"picked":"Cold Snap","floor":1.0},{"not_picked":["White Noise","Hologram"],"picked":"Go for the Eyes","floor":4.0},{"not_picked":["Chaos","Auto Shields"],"picked":"Steam","floor":6.0},{"not_picked":["Leap","Steam"],"picked":"Rebound","floor":8.0},{"not_picked":["Hyperbeam","Amplify"],"picked":"Biased Cognition","floor":16.0},{"not_picked":["Sunder","Steam Power"],"picked":"Ball Lightning+1","floor":18.0},{"not_picked":["Static Discharge+1","Stack","Steam"],"picked":"SKIP","floor":22.0},{"not_picked":["Heatsinks","Creative AI"],"picked":"Loop","floor":23.0},{"not_picked":["Redo+1","Recycle","Blizzard"],"picked":"SKIP","floor":30.0},{"not_picked":["Barrage","Melter"],"picked":"Steam+1","floor":31.0},{"not_picked":["Thunder Strike","Multi-Cast+1"],"picked":"Creative AI","floor":33.0},{"not_picked":["Blizzard","Turbo+1"],"picked":"Heatsinks+1","floor":35.0},{"not_picked":["Fusion+1","Stack+1"],"picked":"Hologram+1","floor":36.0},{"not_picked":["Reprogram+1","Steam+1"],"picked":"Defragment","floor":41.0},{"not_picked":["Conserve Battery+1","Sweeping Beam"],"picked":"Barrage+1","floor":44}],"player_experience":624717,"relics_obtained":[{"floor":6.0,"key":"Cables"},{"floor":9.0,"key":"Happy Flower"},{"floor":23.0,"key":"Pantograph"},{"floor":26.0,"key":"Mummified Hand"},{"floor":30.0,"key":"Toxic Egg 2"}],"event_choices":[{"damage_healed":0.0,"max_hp_gain":0.0,"max_hp_loss":0.0,"gold_gain":0.0,"event_name":"Golden Idol","player_choice":"Take Damage","floor":3.0,"gold_loss":0.0,"damage_taken":17.0,"relics_obtained":["Golden Idol"]},{"damage_healed":0.0,"max_hp_gain":0.0,"max_hp_loss":0.0,"gold_gain":0.0,"event_name":"Liars Game","player_choice":"Ignored","floor":5.0,"gold_loss":0.0,"damage_taken":0.0},{"damage_healed":0.0,"max_hp_gain":0.0,"max_hp_loss":0.0,"gold_gain":0.0,"event_name":"Golden Wing","player_choice":"Ignored","floor":12.0,"gold_loss":0.0,"damage_taken":0.0},{"damage_healed":0.0,"max_hp_gain":0.0,"max_hp_loss":0.0,"gold_gain":0.0,"event_name":"The Cleric","player_choice":"Leave","floor":13.0,"gold_loss":0.0,"damage_taken":0.0},{"damage_healed":0.0,"max_hp_gain":0.0,"max_hp_loss":0.0,"gold_gain":0.0,"event_name":"Colosseum","player_choice":"Fight","floor":19.0,"gold_loss":0.0,"damage_taken":0.0},{"damage_healed":0.0,"max_hp_gain":0.0,"max_hp_loss":0.0,"gold_gain":0.0,"event_name":"Colosseum","player_choice":"Fled From Nobs","floor":19.0,"gold_loss":0.0,"damage_taken":0.0},{"damage_healed":0.0,"max_hp_gain":0.0,"max_hp_loss":0.0,"gold_gain":0.0,"event_name":"Beggar","player_choice":"Ignored","floor":21.0,"gold_loss":0.0,"damage_taken":0.0},{"damage_healed":0.0,"max_hp_gain":0.0,"max_hp_loss":0.0,"gold_gain":0.0,"event_name":"Cursed Tome","player_choice":"Ignored","floor":24.0,"gold_loss":0.0,"damage_taken":0.0},{"damage_healed":0.0,"max_hp_gain":0.0,"max_hp_loss":0.0,"gold_gain":0.0,"event_name":"FaceTrader","player_choice":"Trade","floor":28.0,"gold_loss":0.0,"damage_taken":0.0,"relics_obtained":["NlothsMask"]},{"cards_removed":["Heatsinks"],"damage_healed":0.0,"max_hp_gain":0.0,"max_hp_loss":0.0,"gold_gain":0.0,"event_name":"Falling","player_choice":"Removed Power","floor":37.0,"gold_loss":0.0,"damage_taken":0.0},{"damage_healed":0.0,"max_hp_gain":0.0,"max_hp_loss":0.0,"gold_gain":0.0,"event_name":"The Woman in Blue","player_choice":"Bought 0 Potions","floor":38.0,"gold_loss":0.0,"damage_taken":0.0}],"is_beta":false,"boss_relics":[{"not_picked":["Philosopher\u0027s Stone","Cursed Key"],"picked":"Inserter"},{"not_picked":["Calling Bell","Runic Pyramid"],"picked":"Black Star"}],"items_purged_floors":[20],"is_endless":false,"potions_floor_spawned":[4,8,18,31,35],"killed_by":"Jaw Worm Horde","ascension_level":0}