{"gold_per_floor":[111,122,141,156,156,156,167,193,193,143,143,20,20,36,36,138,138,157,137,157,7,7,7,37,37,37,37,37],"floor_reached":28,"playtime":1168,"items_purged":["Strike_B"],"score":403,"play_id":"4aa83b7d-1dce-47a2-92fa-89b89ce38aa6","local_time":"20190305234206","is_ascension_mode":true,"campfire_choices":[{"floor":6.0,"key":"REST"},{"data":"Defragment","floor":11.0,"key":"SMITH"},{"floor":15.0,"key":"REST"},{"data":"Loop","floor":23,"key":"SMITH"},{"data":"Coolheaded","floor":25,"key":"SMITH"},{"data":"Creative AI","floor":27,"key":"SMITH"}],"neow_cost":"NONE","seed_source_timestamp":1716136852011900,"circlet_count":0,"master_deck":["Strike_B","Defend_B","Defend_B","Defend_B","Defend_B","Zap+1","Dualcast","Loop+1","Defragment+1","Go for the Eyes","Compile Driver","Coolheaded+1","Ball Lightning","BootSequence","Creative AI+1","Genetic Algorithm+1","Conserve Battery","FTL"],"special_seed":0,"relics":["Cracked Core","Nunchaku","Pear","Pantograph","Coffee Dripper","Blood Vial","Oddly Smooth Stone","Toxic Egg 2"],"potions_floor_usage":[24,24,28],"damage_taken":[{"damage":2.0,"enemies":"Jaw Worm","floor":1.0,"turns":3.0},{"damage":6.0,"enemies":"Cultist","floor":2.0,"turns":3.0},{"damage":6.0,"enemies":"2 Louse","floor":3.0,"turns":3.0},{"damage":39.0,"enemies":"Exordium Thugs","floor":4.0,"turns":5.0},{"damage":12.0,"enemies":"2 Fungi Beasts","floor":7.0,"turns":3.0},{"damage":18.0,"enemies":"3 Sentries","floor":8.0,"turns":8.0},{"damage":10.0,"enemies":"Gremlin Gang","floor":14.0,"turns":3.0},{"damage":0.0,"enemies":"Slime Boss","floor":16.0,"turns":4.0},{"damage":0.0,"enemies":"Chosen","floor":18.0,"turns":5.0},{"damage":13,"enemies":"2 Thieves","floor":19,"turns":4},{"damage":26,"enemies":"Sentry and Sphere","floor":20,"turns":8},{"damage":29,"enemies":"Slavers","floor":24,"turns":5},{"damage":14,"enemies":"3 Cultists","floor":28,"turns":3}],"seed_played":"-5726069014792380990","potions_obtained":[{"floor":2.0,"key":"Energy Potion"},{"floor":7.0,"key":"Weak Potion"},{"floor":8.0,"key":"Ancient Potion"},{"floor":16.0,"key":"Weak Potion"},{"floor":19,"key":"Poison Potion"}],"is_trial":false,"path_per_floor":["M","M","M","M","?","R","M","E","T","?","R","$","?","M","R","B",null,"M","M","M","$","?","R","E","R","T","R","M"],"character_chosen":"DEFECT","items_purchased":["PowerPotion","Blood Vial"],"campfire_rested":2,"item_purchase_floors":[12,21],"current_hp_per_floor":[66,60,54,15,15,37,25,17,17,17,17,17,17,7,32,57,78,78,65,39,39,39,39,12,12,12,12,0],"gold":37,"neow_bonus":"UPGRADE_CARD","is_prod":false,"is_daily":false,"chose_seed":false,"campfire_upgraded":4,"win_rate":0,"timestamp":1551847326,"path_taken":["M","M","M","M","?","R","?","E","T","?","R","$","?","M","R","BOSS","M","M","M","$","?","R","E","R","T","R","M"],"build_version":"2019-01-23","purchased_purges":1,"victory":false,"max_hp_per_floor":[75,75,75,75,75,75,75,85,85,85,85,85,85,85,85,85,85,85,85,85,85,85,85,85,85,85,85,85],"card_choices":[{"not_picked":["Rebound","Heatsinks"],"picked":"Loop","floor":1.0},{"not_picked":["White Noise","Streamline"],"picked":"Defragment","floor":2.0},{"not_picked":["Melter","Aggregate"],"picked":"Go for the Eyes","floor":3.0},{"not_picked":["Streamline","Stack"],"picked":"Compile Driver","floor":4.0},{"not_picked":["Force Field","Lockon"],"picked":"Coolheaded","floor":7.0},{"not_picked":["Streamline","Gash"],"picked":"Ball Lightning","floor":8.0},{"not_picked":["Undo","Doom and Gloom"],"picked":"BootSequence","floor":14.0},{"not_picked":["Reboot","Core Surge"],"picked":"Creative AI","floor":16.0},{"not_picked":["Turbo","Rebound"],"picked":"Genetic Algorithm+1","floor":18.0},{"not_picked":["Hologram","FTL+1"],"picked":"Conserve Battery","floor":19},{"not_picked":["Tempest","Leap"],"picked":"FTL","floor":20},{"not_picked":["Meteor Strike","Gash+1","Reprogram"],"picked":"SKIP","floor":24}],"player_experience":345174,"relics_obtained":[{"floor":8.0,"key":"Pear"},{"floor":9.0,"key":"Pantograph"},{"floor":24,"key":"Oddly Smooth Stone"},{"floor":26,"key":"Toxic Egg 2"}],"event_choices":[{"damage_healed":0.0,"max_hp_gain":0.0,"max_hp_loss":0.0,"gold_gain":0.0,"event_name":"WeMeetAgain","player_choice":"Gave Potion","floor":5.0,"gold_loss":0.0,"damage_taken":0.0,"relics_obtained":["Nunchaku"]},{"cards_removed":["Strike_B"],"damage_healed":0.0,"max_hp_gain":0.0,"max_hp_loss":0.0,"gold_gain":0.0,"event_name":"The Cleric","player_choice":"Card Removal","floor":10.0,"gold_loss":50.0,"damage_taken":0.0},{"cards_removed":["Strike_B"],"damage_healed":0.0,"max_hp_gain":0.0,"max_hp_loss":0.0,"gold_gain":0.0,"event_name":"Bonfire Elementals","player_choice":"Offered Basic","floor":13.0,"gold_loss":0.0,"damage_taken":0.0},{"damage_healed":0,"gold_gain":0,"player_choice":"Ignored","damage_taken":0,"max_hp_gain":0,"max_hp_loss":0,"event_name":"The Mausoleum","floor":22,"gold_loss":0}],"is_beta":false,"boss_relics":[{"not_picked":["Lizard Tail","White Beast Statue"],"picked":"Coffee Dripper"}],"items_purged_floors":[12],"is_endless":false,"potions_floor_spawned":[2,7,8,16,19,20],"killed_by":"3 Cultists","ascension_level":8}