{"gold_per_floor":[117,117,42,57,76,76,106,106,106,106,106,126,165,65,65,161,161,176,51,64,77,95,95,95],"floor_reached":24,"playtime":900,"items_purged":["Regret","Strike_B","Defend_B"],"score":412,"play_id":"e8fda8c1-da6e-441e-a27a-7d45a768aeee","local_time":"20190208145206","is_ascension_mode":true,"campfire_choices":[{"data":"Biased Cognition","floor":6,"key":"SMITH"},{"data":"Coolheaded","floor":8,"key":"SMITH"},{"data":"Zap","floor":11,"key":"SMITH"},{"data":"Capacitor","floor":15,"key":"SMITH"},{"floor":23,"key":"REST"}],"neow_cost":"NONE","seed_source_timestamp":2036311080372292,"circlet_count":0,"master_deck":["AscendersBane","Defend_B","Defend_B","Defend_B","Zap+1","Dualcast","Biased Cognition+1","Ball Lightning","Coolheaded+1","Core Surge","Capacitor+1","Genetic Algorithm","Defragment"],"relics":["Cracked Core","Art of War","Strawberry","Cables","Golden Idol","DataDisk","Empty Cage"],"potions_floor_usage":[12,20,24,24,24],"damage_taken":[{"damage":3,"enemies":"2 Louse","floor":1,"turns":2},{"damage":10,"enemies":"Small Slimes","floor":4,"turns":3},{"damage":2,"enemies":"Jaw Worm","floor":5,"turns":3},{"damage":16,"enemies":"Lagavulin","floor":7,"turns":4},{"damage":6,"enemies":"Gremlin Gang","floor":12,"turns":3},{"damage":16,"enemies":"3 Sentries","floor":13,"turns":5},{"damage":11,"enemies":"Hexaghost","floor":16,"turns":5},{"damage":13,"enemies":"3 Byrds","floor":18,"turns":3},{"damage":12,"enemies":"2 Thieves","floor":20,"turns":2},{"damage":17,"enemies":"Chosen and Byrds","floor":21,"turns":4},{"damage":10,"enemies":"Snake Plant","floor":22,"turns":4},{"damage":25,"enemies":"Slavers","floor":24,"turns":2}],"seed_played":"6911868038919111426","potions_obtained":[{"floor":4,"key":"EntropicBrew"},{"floor":7,"key":"Energy Potion"},{"floor":13,"key":"Strength Potion"},{"floor":18,"key":"Fire Potion"},{"floor":21,"key":"Swift Potion"}],"is_trial":false,"path_per_floor":["M","?","$","M","M","R","E","R","T","?","R","M","E","$","R","B",null,"M","$","M","M","M","R","E"],"character_chosen":"DEFECT","items_purchased":[],"campfire_rested":1,"item_purchase_floors":[],"current_hp_per_floor":[61,61,61,51,49,49,40,40,40,40,40,34,18,18,18,7,55,42,42,30,13,3,24,0],"gold":95,"neow_bonus":"TRANSFORM_CARD","is_prod":false,"is_daily":false,"chose_seed":false,"campfire_upgraded":4,"win_rate":0,"timestamp":1549633926,"path_taken":["M","?","$","M","M","R","E","R","T","?","R","?","E","$","R","BOSS","M","$","?","M","M","R","E"],"build_version":"2019-01-23","purchased_purges":3,"victory":false,"max_hp_per_floor":[71,71,71,71,71,71,78,78,78,71,71,71,71,71,71,71,71,71,71,71,71,71,71,71],"card_choices":[{"not_picked":["Leap","Streamline"],"picked":"Ball Lightning","floor":1},{"not_picked":["Beam Cell","Double Energy"],"picked":"Coolheaded","floor":4},{"not_picked":["Sweeping Beam","Tempest"],"picked":"Core Surge","floor":5},{"not_picked":["Conserve Battery","Reprogram","Hologram"],"picked":"SKIP","floor":7},{"not_picked":["Sweeping Beam","Stack"],"picked":"Capacitor","floor":12},{"not_picked":["Doom and Gloom","Ball Lightning"],"picked":"Genetic Algorithm","floor":13},{"not_picked":["Ball Lightning","Streamline"],"picked":"Defragment","floor":18},{"not_picked":["Capacitor","Rebound","Streamline"],"picked":"SKIP","floor":20},{"not_picked":["Darkness","Barrage","Ball Lightning"],"picked":"SKIP","floor":21},{"not_picked":["Chaos","Compile Driver","Rip and Tear+1"],"picked":"SKIP","floor":22}],"player_experience":1873411,"relics_obtained":[{"floor":7,"key":"Strawberry"},{"floor":9,"key":"Cables"},{"floor":13,"key":"DataDisk"}],"event_choices":[{"damage_healed":0,"gold_gain":0,"player_choice":"Box","damage_taken":0,"relics_obtained":["Art of War"],"max_hp_gain":0,"max_hp_loss":0,"event_name":"Big Fish","floor":2,"gold_loss":0,"cards_obtained":["Regret"]},{"damage_healed":0,"gold_gain":0,"player_choice":"Lose Max HP","damage_taken":0,"relics_obtained":["Golden Idol"],"max_hp_gain":0,"max_hp_loss":7,"event_name":"Golden Idol","floor":10,"gold_loss":0}],"is_beta":false,"boss_relics":[{"not_picked":["Coffee Dripper","Black Star"],"picked":"Empty Cage"}],"items_purged_floors":[3,14,19],"is_endless":false,"potions_floor_spawned":[4,7,13,16,18,21],"killed_by":"Slavers","ascension_level":20}