{"gold_per_floor":[119,119,129,143,143,176,176,136,163,88,88,115,126,160,160,237,237,250,23,23,23,38,67,86,86,86,86,86,7,32,45,45,120,120,136,136,11,27,42,42,76,90,169,31,42,42,0,18,18,18,18],"floor_reached":52,"playtime":4498,"items_purged":["Strike_G","Strike_G","Setup"],"score":1776,"play_id":"ddbdd630-7b46-4098-8af6-fc89033f3b20","local_time":"20181117171407","is_ascension_mode":true,"campfire_choices":[{"data":"Dash","floor":7,"key":"SMITH"},{"floor":11,"key":"REST"},{"data":"Noxious Fumes","floor":15,"key":"SMITH"},{"data":"Dodge and Roll","floor":25,"key":"SMITH"},{"floor":28,"key":"REST"},{"floor":32,"key":"REST"},{"floor":40,"key":"REST"},{"floor":46,"key":"REST"},{"data":"Catalyst","floor":49,"key":"SMITH"}],"neow_cost":"NONE","seed_source_timestamp":162939205508249,"circlet_count":0,"master_deck":["AscendersBane","Defend_G+1","Defend_G+1","Defend_G+1","Defend_G+1","Defend_G+1","Survivor","Neutralize","Dash+1","PiercingWail","Noxious Fumes+1","Tools of the Trade","Sucker Punch","Dagger Throw","Backflip","After Image","Infinite Blades+1","Catalyst+1","Noxious Fumes","Tactician","All Out Attack","Quick Slash","Dodge and Roll+1","Tactician+1","After Image","Escape Plan","Underhanded Strike+1","Underhanded Strike+1","Leg Sweep+1","Deflect+1","Backflip"],"relics":["Runic Dome","Ancient Tea Set","Torii","Pen Nib","Ornamental Fan","Mercury Hourglass","Runic Pyramid","Gambling Chip","Vajra","Nunchaku","Eternal Feather","Potion Belt","Question Card","Red Mask"],"potions_floor_usage":[6,12,23,30,30,42,51,51],"damage_taken":[{"damage":2,"enemies":"Jaw Worm","floor":1,"turns":5},{"damage":1,"enemies":"Cultist","floor":3,"turns":5},{"damage":1,"enemies":"Small Slimes","floor":4,"turns":4},{"damage":34,"enemies":"3 Sentries","floor":6,"turns":12},{"damage":1,"enemies":"Looter","floor":8,"turns":4},{"damage":10,"enemies":"Gremlin Nob","floor":12,"turns":5},{"damage":2,"enemies":"Large Slime","floor":13,"turns":6},{"damage":3,"enemies":"Lagavulin","floor":14,"turns":8},{"damage":4,"enemies":"Hexaghost","floor":16,"turns":10},{"damage":12,"enemies":"2 Thieves","floor":18,"turns":4},{"damage":0,"enemies":"Chosen","floor":22,"turns":5},{"damage":17,"enemies":"Gremlin Leader","floor":23,"turns":6},{"damage":2,"enemies":"Shelled Parasite and Fungi","floor":24,"turns":7},{"damage":10,"enemies":"Book of Stabbing","floor":30,"turns":5},{"damage":1,"enemies":"Snecko","floor":31,"turns":5},{"damage":1,"enemies":"Automaton","floor":33,"turns":10},{"damage":35,"enemies":"3 Darklings","floor":35,"turns":7},{"damage":1,"enemies":"Orb Walker","floor":38,"turns":5},{"damage":1,"enemies":"3 Darklings","floor":39,"turns":6},{"damage":27,"enemies":"Nemesis","floor":41,"turns":9},{"damage":12,"enemies":"Jaw Worm Horde","floor":42,"turns":6},{"damage":1,"enemies":"Spire Growth","floor":45,"turns":6},{"damage":1,"enemies":"4 Shapes","floor":48,"turns":6},{"damage":2,"enemies":"Donu and Deca","floor":50,"turns":12},{"damage":56,"enemies":"Awakened One","floor":51,"turns":23}],"seed_played":"-6806155835554055459","potions_obtained":[{"floor":1,"key":"GhostInAJar"},{"floor":3,"key":"LiquidBronze"},{"floor":13,"key":"Weak Potion"},{"floor":14,"key":"Swift Potion"},{"floor":24,"key":"Strength Potion"},{"floor":30,"key":"EssenceOfSteel"},{"floor":33,"key":"SkillPotion"},{"floor":41,"key":"FearPotion"},{"floor":42,"key":"Strength Potion"}],"is_trial":false,"path_per_floor":["M","?","M","M","?","E","R","M","T","$","R","E","M","E","R","B",null,"M","$","?","?","M","E","M","R","T","?","R","$","E","M","R","B",null,"M","?","$","M","M","R","E","M","T","$","M","R","?","M","R","B","B",null],"character_chosen":"THE_SILENT","items_purchased":["Catalyst","Noxious Fumes","LiquidBronze","GhostInAJar","Swift Potion"],"campfire_rested":5,"item_purchase_floors":[19,19,29,44,44],"current_hp_per_floor":[57,57,56,55,50,16,16,15,15,15,34,24,22,19,19,15,53,41,41,41,41,41,24,22,22,22,22,41,41,31,30,49,48,62,27,27,27,26,25,59,32,20,20,20,19,56,56,55,66,64,8],"gold":18,"neow_bonus":"BOSS_RELIC","is_prod":false,"is_daily":false,"chose_seed":false,"campfire_upgraded":4,"win_rate":0,"timestamp":1542471247,"path_taken":["M","?","?","M","?","E","R","M","T","$","R","E","M","E","R","BOSS","M","$","?","?","M","E","?","R","T","?","R","?","E","M","R","BOSS","M","?","?","?","M","R","E","M","T","$","M","R","?","M","R","BOSS","BOSS"],"build_version":"2018-11-15","purchased_purges":3,"victory":true,"max_hp_per_floor":[66,66,66,66,66,66,66,66,66,66,66,66,66,66,66,66,66,66,66,66,66,66,66,66,66,66,66,66,66,66,66,66,66,66,66,66,66,66,66,66,66,66,66,66,66,66,66,66,66,66,66],"card_choices":[{"not_picked":["Distraction","Endless Agony"],"picked":"Dash","floor":1},{"not_picked":["Outmaneuver","Flechettes"],"picked":"PiercingWail","floor":3},{"not_picked":["Blade Dance","Reflex","Slice"],"picked":"SKIP","floor":4},{"not_picked":["Outmaneuver","Reflex"],"picked":"Noxious Fumes","floor":6},{"not_picked":["Bane","Setup"],"picked":"Tools of the Trade","floor":8},{"not_picked":["Reflex","Dodge and Roll"],"picked":"Sucker Punch","floor":12},{"not_picked":["Setup","Slice"],"picked":"Dagger Throw","floor":13},{"not_picked":["Accuracy","All Out Attack"],"picked":"Backflip","floor":14},{"not_picked":["Corpse Explosion","Bullet Time"],"picked":"After Image","floor":16},{"not_picked":["Dagger Spray","Dodge and Roll"],"picked":"Infinite Blades+1","floor":18},{"not_picked":["Distraction","Concentrate"],"picked":"All Out Attack","floor":22},{"not_picked":["Prepared","Bane"],"picked":"Quick Slash","floor":23},{"not_picked":["Prepared","Acrobatics"],"picked":"Dodge and Roll","floor":24},{"not_picked":["Terror","Accuracy"],"picked":"Tactician+1","floor":30},{"not_picked":["Slice","Accuracy+1","Blade Dance"],"picked":"SKIP","floor":31},{"not_picked":["Envenom","Wraith Form v2"],"picked":"After Image","floor":33},{"not_picked":["Sucker Punch","Backstab"],"picked":"Escape Plan","floor":35},{"not_picked":["Masterful Stab+1","Prepared"],"picked":"Underhanded Strike+1","floor":38},{"not_picked":["Noxious Fumes","Dodge and Roll"],"picked":"Underhanded Strike+1","floor":39},{"not_picked":["Outmaneuver","Storm of Steel"],"picked":"Leg Sweep+1","floor":41},{"not_picked":["Poisoned Stab+1","Sucker Punch"],"picked":"Deflect+1","floor":42},{"not_picked":["Skewer","Poisoned Stab","Dagger Throw+1","Infinite Blades"],"picked":"SKIP","floor":45},{"not_picked":["Bane","Blade Dance","Predator"],"picked":"Backflip","floor":48}],"player_experience":1621653,"relics_obtained":[{"floor":6,"key":"Torii"},{"floor":9,"key":"Pen Nib"},{"floor":12,"key":"Ornamental Fan"},{"floor":14,"key":"Mercury Hourglass"},{"floor":23,"key":"Gambling Chip"},{"floor":26,"key":"Vajra"},{"floor":30,"key":"Nunchaku"},{"floor":41,"key":"Potion Belt"},{"floor":43,"key":"Question Card"}],"event_choices":[{"cards_removed":["Strike_G"],"damage_healed":0,"gold_gain":0,"player_choice":"Purged","damage_taken":0,"max_hp_gain":0,"max_hp_loss":0,"event_name":"Purifier","floor":2,"gold_loss":0},{"damage_healed":0,"gold_gain":0,"player_choice":"Success","damage_taken":5,"relics_obtained":["Ancient Tea Set"],"max_hp_gain":0,"max_hp_loss":0,"event_name":"Scrap Ooze","floor":5,"gold_loss":0},{"damage_healed":0,"gold_gain":0,"player_choice":"Ignored","damage_taken":0,"max_hp_gain":0,"max_hp_loss":0,"event_name":"Beggar","floor":20,"gold_loss":0},{"damage_healed":0,"gold_gain":0,"cards_transformed":["Strike_G","Strike_G"],"player_choice":"Became Test Subject","damage_taken":0,"max_hp_gain":0,"max_hp_loss":0,"event_name":"Drug Dealer","floor":21,"gold_loss":0,"cards_obtained":["Setup","Tactician"]},{"damage_healed":0,"gold_gain":0,"player_choice":"Simplicity","damage_taken":0,"max_hp_gain":0,"max_hp_loss":0,"event_name":"Back to Basics","floor":27,"gold_loss":0,"cards_upgraded":["Defend_G","Defend_G","Defend_G","Defend_G","Defend_G"]},{"damage_healed":0,"gold_gain":0,"player_choice":"Ignored","damage_taken":0,"max_hp_gain":0,"max_hp_loss":0,"event_name":"The Moai Head","floor":36,"gold_loss":0},{"damage_healed":0,"gold_gain":0,"player_choice":"Paid","damage_taken":0,"relics_obtained":["Red Mask"],"max_hp_gain":0,"max_hp_loss":0,"event_name":"Tomb of Lord Red Mask","floor":47,"gold_loss":42}],"is_beta":false,"boss_relics":[{"not_picked":["Busted Crown","Tiny House"],"picked":"Runic Pyramid"},{"not_picked":["Philosopher\u0027s Stone","Orrery"],"picked":"Eternal Feather"}],"items_purged_floors":[10,19,37],"is_endless":false,"potions_floor_spawned":[1,3,13,14,24,30,33,41,42,48],"ascension_level":20}