{"gold_per_floor":[119,138,138,157,168,168,168,181,227,227,227,240,240,240,240,336,336,356,375,290,44,94,94,125,125,125,145,195,52,93,114,114,213,213,234,253,52,0,0,0,56,69,69,93,134,8,44,377,377,377,377,377,52,85,85],"floor_reached":56,"playtime":8719,"items_purged":["Aggregate","FTL","Zap+1"],"score":2179,"play_id":"d3ce3d9d-612f-4791-9dbb-8e6e7beb6689","local_time":"20190309143618","is_ascension_mode":true,"campfire_choices":[{"data":"Streamline","floor":6,"key":"SMITH"},{"data":"Zap","floor":13,"key":"SMITH"},{"data":"Barrage","floor":15,"key":"SMITH"},{"data":"Defragment","floor":23,"key":"SMITH"},{"data":"Capacitor","floor":25,"key":"SMITH"},{"data":"Loop","floor":32,"key":"SMITH"},{"floor":40,"key":"RECALL"},{"floor":49,"key":"REST"},{"data":"Defragment","floor":52,"key":"SMITH"}],"neow_cost":"NONE","seed_source_timestamp":10925739031606,"circlet_count":0,"master_deck":["AscendersBane","Dualcast","Double Energy","Barrage+1","Undo+1","Skim","Ball Lightning","Stack","Conserve Battery","Glacier+1","Streamline+1","Go for the Eyes","Coolheaded","Core Surge","Hologram+1","Defragment+1","Ball Lightning","Capacitor+1","Defragment+1","Thunder Strike","Loop+1","All For One","Doom and Gloom","Magnetism","Go for the Eyes+1","Compile Driver+1","Core Surge","Undo","Leap+1","Ball Lightning","Loop+1"],"relics":["Pandora\u0027s Box","Meat on the Bone","Potion Belt","Incense Burner","Snecko Eye","Ancient Tea Set","PreservedInsect","War Paint","Bottled Lightning","Nuclear Battery","Red Mask","Ginger","Bag of Marbles","Smiling Mask","Dead Branch","Bag of Preparation","Orichalcum"],"potions_floor_usage":[16,24,33,41,47,54,55,55,55],"damage_taken":[{"damage":6,"enemies":"2 Louse","floor":1,"turns":2},{"damage":0,"enemies":"Small Slimes","floor":2,"turns":4},{"damage":0,"enemies":"Jaw Worm","floor":4,"turns":4},{"damage":13,"enemies":"Gremlin Gang","floor":5,"turns":5},{"damage":8,"enemies":"Blue Slaver","floor":8,"turns":3},{"damage":4,"enemies":"Looter","floor":12,"turns":3},{"damage":6,"enemies":"Hexaghost","floor":16,"turns":8},{"damage":0,"enemies":"Spheric Guardian","floor":18,"turns":2},{"damage":0,"enemies":"Chosen","floor":19,"turns":3},{"damage":5,"enemies":"Slavers","floor":24,"turns":5},{"damage":6,"enemies":"Snake Plant","floor":27,"turns":7},{"damage":0,"enemies":"Gremlin Leader","floor":30,"turns":5},{"damage":0,"enemies":"Sentry and Sphere","floor":31,"turns":5},{"damage":27,"enemies":"Collector","floor":33,"turns":10},{"damage":2,"enemies":"3 Shapes","floor":35,"turns":3},{"damage":0,"enemies":"Orb Walker","floor":36,"turns":6},{"damage":0,"enemies":"Reptomancer","floor":41,"turns":6},{"damage":8,"enemies":"Sphere and 2 Shapes","floor":42,"turns":8},{"damage":26,"enemies":"Jaw Worm Horde","floor":44,"turns":4},{"damage":0,"enemies":"Giant Head","floor":45,"turns":5},{"damage":27,"enemies":"Reptomancer","floor":47,"turns":7},{"damage":0,"enemies":"Time Eater","floor":50,"turns":11},{"damage":14,"enemies":"Shield and Spear","floor":54,"turns":7},{"damage":9,"enemies":"The Heart","floor":55,"turns":12}],"seed_played":"6267475740874367290","potions_obtained":[{"floor":2,"key":"Dexterity Potion"},{"floor":8,"key":"SpeedPotion"},{"floor":12,"key":"Regen Potion"},{"floor":16,"key":"Poison Potion"},{"floor":27,"key":"Regen Potion"},{"floor":30,"key":"SkillPotion"},{"floor":35,"key":"AttackPotion"},{"floor":41,"key":"Dexterity Potion"},{"floor":47,"key":"FearPotion"}],"is_trial":false,"path_per_floor":["M","M","?","M","M","R","?","M","T","?","T","M","R","?","R","B",null,"M","M","?","$","?","R","E","R","T","M","?","$","E","M","R","B",null,"M","M","$","?","?","R","E","M","T","M","E","$","E","?","R","B",null,"R","$","E","B",null],"character_chosen":"DEFECT","items_purchased":["PreservedInsect","Ball Lightning","Thunder Strike","SpeedPotion","SteroidPotion","SteroidPotion","Undo","Bag of Preparation","Ancient Potion","Ball Lightning"],"campfire_rested":1,"item_purchase_floors":[21,21,29,37,37,46,46,53,53,53],"current_hp_per_floor":[58,58,13,25,24,24,24,28,28,33,33,41,41,15,15,36,66,66,66,66,66,66,66,61,61,61,55,55,55,55,55,55,40,67,65,65,65,65,55,55,69,61,61,47,47,47,32,32,54,54,71,71,71,57,48],"gold":85,"neow_bonus":"BOSS_RELIC","is_prod":false,"is_daily":false,"chose_seed":false,"campfire_upgraded":7,"win_rate":0,"timestamp":1552160178,"path_taken":["M","M","?","M","M","R","?","M","T","?","?","M","R","?","R","BOSS","M","M","?","$","?","R","E","R","T","?","?","$","E","M","R","BOSS","M","M","$","?","?","R","E","M","T","M","E","$","E","?","R","BOSS","R","$","E","BOSS"],"build_version":"2019-01-23","purchased_purges":3,"victory":true,"max_hp_per_floor":[71,71,71,71,71,71,71,71,71,76,76,76,76,76,76,76,76,76,76,76,76,76,76,76,76,76,76,76,76,76,76,76,76,76,76,76,76,76,76,76,76,76,76,76,76,76,76,76,76,76,76,76,76,76,76],"card_choices":[{"not_picked":["Gash","Stack"],"picked":"Conserve Battery","floor":1},{"not_picked":["Beam Cell","Turbo"],"picked":"Glacier","floor":2},{"not_picked":["Turbo","Steam","Leap"],"picked":"SKIP","floor":4},{"not_picked":["Turbo","Steam","Leap"],"picked":"SKIP","floor":4},{"not_picked":["Coolheaded","Heatsinks"],"picked":"Streamline","floor":5},{"not_picked":["BootSequence","Stack"],"picked":"Go for the Eyes","floor":8},{"not_picked":["Beam Cell","Barrage"],"picked":"Coolheaded","floor":12},{"not_picked":["Reboot","Buffer"],"picked":"Core Surge","floor":16},{"not_picked":["Sweeping Beam+1","Loop"],"picked":"Hologram+1","floor":18},{"not_picked":["Force Field","Blizzard"],"picked":"Defragment","floor":19},{"not_picked":["Double Energy","Sweeping Beam"],"picked":"Capacitor","floor":24},{"not_picked":["Streamline","Darkness"],"picked":"Defragment","floor":27},{"not_picked":["Redo+1","White Noise","Ball Lightning"],"picked":"SKIP","floor":30},{"not_picked":["Gash","Stack+1"],"picked":"Loop","floor":31},{"not_picked":["Multi-Cast","Seek"],"picked":"All For One","floor":33},{"not_picked":["Rebound+1","Redo","Conserve Battery"],"picked":"SKIP","floor":35},{"not_picked":["Barrage","Scrape"],"picked":"Doom and Gloom","floor":36},{"not_picked":["Good Instincts","Bandage Up"],"picked":"Magnetism","floor":39},{"not_picked":["Turbo","Static Discharge"],"picked":"Go for the Eyes+1","floor":41},{"not_picked":["Stack","Go for the Eyes"],"picked":"Compile Driver+1","floor":42},{"not_picked":["Heatsinks","Rebound","BootSequence+1"],"picked":"SKIP","floor":44},{"not_picked":["Heatsinks","Rebound","BootSequence+1"],"picked":"SKIP","floor":44},{"not_picked":["Cold Snap+1","FTL+1"],"picked":"Core Surge","floor":45},{"not_picked":["Undo","Aggregate"],"picked":"Leap+1","floor":47},{"not_picked":["Stack+1","Go for the Eyes"],"picked":"Loop+1","floor":54}],"player_experience":1805419,"relics_obtained":[{"floor":9,"key":"Potion Belt"},{"floor":11,"key":"Incense Burner"},{"floor":24,"key":"War Paint"},{"floor":30,"key":"Bottled Lightning"},{"floor":41,"key":"Ginger"},{"floor":43,"key":"Bag of Marbles"},{"floor":45,"key":"Smiling Mask"},{"floor":47,"key":"Dead Branch"},{"floor":54,"key":"Orichalcum"}],"event_choices":[{"damage_healed":0,"gold_gain":0,"player_choice":"Success","damage_taken":45,"relics_obtained":["Meat on the Bone"],"max_hp_gain":0,"max_hp_loss":0,"event_name":"Scrap Ooze","floor":3,"gold_loss":0},{"damage_healed":0,"gold_gain":0,"player_choice":"Ignored","damage_taken":0,"max_hp_gain":0,"max_hp_loss":0,"event_name":"Liars Game","floor":7,"gold_loss":0},{"damage_healed":0,"gold_gain":0,"player_choice":"Donut","damage_taken":0,"max_hp_gain":5,"max_hp_loss":0,"event_name":"Big Fish","floor":10,"gold_loss":0},{"damage_healed":0,"gold_gain":0,"player_choice":"Take Damage","damage_taken":26,"relics_obtained":["Golden Idol"],"max_hp_gain":0,"max_hp_loss":0,"event_name":"Golden Idol","floor":14,"gold_loss":0},{"damage_healed":0,"gold_gain":0,"player_choice":"Obtained Relic","damage_taken":0,"relics_obtained":["Ancient Tea Set"],"max_hp_gain":0,"max_hp_loss":0,"event_name":"Addict","floor":20,"gold_loss":85},{"damage_healed":0,"gold_gain":50,"player_choice":"Pray","damage_taken":0,"max_hp_gain":0,"max_hp_loss":0,"event_name":"Golden Shrine","floor":22,"gold_loss":0},{"damage_healed":0,"gold_gain":50,"player_choice":"Stole From Cult","damage_taken":0,"max_hp_gain":0,"max_hp_loss":0,"event_name":"Nest","floor":28,"gold_loss":0},{"damage_healed":0,"gold_gain":0,"player_choice":"Paid","damage_taken":0,"relics_obtained":["Red Mask"],"max_hp_gain":0,"max_hp_loss":0,"event_name":"Tomb of Lord Red Mask","floor":38,"gold_loss":52},{"damage_healed":0,"gold_gain":0,"player_choice":"Memory 3","damage_taken":10,"max_hp_gain":0,"max_hp_loss":0,"event_name":"SensoryStone","floor":39,"gold_loss":0},{"damage_healed":0,"gold_gain":333,"player_choice":"Gave Idol","damage_taken":0,"max_hp_gain":0,"max_hp_loss":0,"event_name":"The Moai Head","floor":48,"relics_lost":["Golden Idol"],"gold_loss":0}],"is_beta":false,"boss_relics":[{"not_picked":["Empty Cage","Sozu"],"picked":"Snecko Eye"},{"not_picked":["Fusion Hammer","Runic Dome"],"picked":"Nuclear Battery"}],"items_purged_floors":[21,37,53],"is_endless":false,"potions_floor_spawned":[2,8,12,16,27,30,35,41,47],"ascension_level":15}