{"gold_per_floor":[116,116,133,148,166,197,197,229,229,31,31,51,51,71,71,150,150,167,180,180,105,9,9,40,56,81,94,109,109,142,155,155,227,227,246,0,16,30,41,41,69,69,69,69,132,151,151,168,168,168],"floor_reached":51,"playtime":3709,"items_purged":["Strike_B"],"score":1435,"play_id":"3ba57d71-d752-490f-a9da-faaa9eb46c16","local_time":"20181001023940","is_ascension_mode":true,"campfire_choices":[{"floor":7,"key":"REST"},{"data":"Zap","floor":11,"key":"SMITH"},{"floor":13,"key":"REST"},{"data":"Sunder","floor":15,"key":"SMITH"},{"floor":23,"key":"REST"},{"data":"Defragment","floor":29,"key":"SMITH"},{"data":"Doom and Gloom","floor":32,"key":"SMITH"},{"data":"Capacitor","floor":40,"key":"SMITH"},{"data":"Defend_B","floor":42,"key":"SMITH"},{"data":"Defend_B","floor":44,"key":"SMITH"},{"data":"Defend_B","floor":47,"key":"SMITH"},{"data":"Defend_B","floor":49,"key":"SMITH"}],"neow_cost":"NONE","seed_source_timestamp":966833728933964,"circlet_count":0,"master_deck":["Strike_B","Strike_B","Defend_B+1","Defend_B+1","Defend_B+1","Defend_B+1","Zap+1","AscendersBane","FTL+1","Gash","Echo Form","White Noise+1","Glacier+1","Capacitor+1","Steam+1","Sunder+1","Core Surge+1","Consume+1","Double Energy+1","Defragment+1","Doom and Gloom+1","Self Repair","Chill+1","Stack+1","Reinforced Body+1","Reboot+1","Hologram+1","Conserve Battery+1","Glacier+1","Coolheaded+1","Hologram+1","Skim+1","Consume+1"],"relics":["Cracked Core","Blood Vial","Toxic Egg 2","Cables","Sundial","Inserter","Meat on the Bone","Bag of Preparation","PreservedInsect","Coffee Dripper","Red Mask","Whetstone","Pear","Tiny Chest"],"potions_floor_usage":[4,6,18,19,24,27,30,33,50],"damage_taken":[{"damage":7,"enemies":"Jaw Worm","floor":1,"turns":3},{"damage":0,"enemies":"Cultist","floor":3,"turns":3},{"damage":2,"enemies":"2 Louse","floor":4,"turns":2},{"damage":16,"enemies":"Large Slime","floor":5,"turns":5},{"damage":27,"enemies":"Gremlin Nob","floor":6,"turns":4},{"damage":26,"enemies":"Lagavulin","floor":8,"turns":8},{"damage":0,"enemies":"3 Louse","floor":12,"turns":5},{"damage":0,"enemies":"Exordium Wildlife","floor":14,"turns":5},{"damage":12,"enemies":"Slime Boss","floor":16,"turns":12},{"damage":22,"enemies":"Spheric Guardian","floor":18,"turns":4},{"damage":14,"enemies":"3 Byrds","floor":19,"turns":5},{"damage":47,"enemies":"Book of Stabbing","floor":24,"turns":5},{"damage":2,"enemies":"Snecko","floor":25,"turns":5},{"damage":6,"enemies":"Snake Plant","floor":27,"turns":2},{"damage":15,"enemies":"Centurion and Healer","floor":28,"turns":5},{"damage":18,"enemies":"Gremlin Leader","floor":30,"turns":6},{"damage":0,"enemies":"3 Cultists","floor":31,"turns":7},{"damage":37,"enemies":"Collector","floor":33,"turns":7},{"damage":0,"enemies":"3 Shapes","floor":35,"turns":6},{"damage":1,"enemies":"3 Darklings","floor":37,"turns":7},{"damage":6,"enemies":"Sphere and 2 Shapes","floor":38,"turns":6},{"damage":13,"enemies":"Spire Growth","floor":39,"turns":6},{"damage":11,"enemies":"Nemesis","floor":41,"turns":15},{"damage":9,"enemies":"2 Orb Walkers","floor":45,"turns":11},{"damage":1,"enemies":"4 Shapes","floor":46,"turns":5},{"damage":0,"enemies":"Maw","floor":48,"turns":9},{"damage":23,"enemies":"Awakened One","floor":50,"turns":23}],"seed_played":"7747760074277803038","potions_obtained":[{"floor":1,"key":"Ancient Potion"},{"floor":3,"key":"SteroidPotion"},{"floor":5,"key":"SneckoOil"},{"floor":14,"key":"SkillPotion"},{"floor":18,"key":"Weak Potion"},{"floor":24,"key":"Dexterity Potion"},{"floor":30,"key":"Poison Potion"},{"floor":31,"key":"SkillPotion"},{"floor":35,"key":"Swift Potion"}],"is_trial":false,"path_per_floor":["M","?","M","M","M","E","R","E","T","$","R","M","R","M","R","B",null,"M","M","?","?","$","R","E","M","T","M","M","R","E","M","R","B",null,"M","?","M","M","M","R","E","R","T","R","E","M","R","M","R","B"],"character_chosen":"DEFECT","items_purchased":["Glacier+1","Capacitor","Defragment","Fire Potion"],"campfire_rested":3,"item_purchase_floors":[10,10,22,22],"current_hp_per_floor":[59,59,61,61,47,22,43,19,19,19,19,21,42,44,44,34,62,42,30,30,30,30,51,6,18,18,33,46,46,49,58,58,42,64,71,71,71,71,65,65,70,70,80,80,81,81,81,81,81,65],"gold":168,"neow_bonus":"RANDOM_COMMON_RELIC","is_prod":false,"is_daily":false,"chose_seed":false,"campfire_upgraded":9,"win_rate":0,"timestamp":1538354380,"path_taken":["M","?","M","?","M","E","R","E","T","$","R","M","R","M","R","BOSS","M","?","?","?","?","R","E","M","T","M","M","R","E","M","R","BOSS","M","?","M","M","?","R","E","R","T","R","E","M","R","M","R","BOSS"],"build_version":"2018-09-27","purchased_purges":1,"victory":true,"max_hp_per_floor":[71,71,71,71,71,71,71,71,71,71,71,71,71,71,71,71,71,71,71,71,71,71,71,71,71,71,71,71,71,71,71,71,71,71,71,71,71,71,71,71,71,71,81,81,81,81,81,81,81,81],"card_choices":[{"not_picked":["Force Field","Consume"],"picked":"FTL","floor":1},{"not_picked":["Hello World","Turbo"],"picked":"Gash","floor":3},{"not_picked":["Coolheaded","Force Field","Skim"],"picked":"SKIP","floor":4},{"not_picked":["Beam Cell","Redo","Turbo"],"picked":"SKIP","floor":5},{"not_picked":["Cold Snap","Steam"],"picked":"Echo Form","floor":6},{"not_picked":["Cold Snap","Defragment"],"picked":"White Noise+1","floor":8},{"not_picked":["Beam Cell","Rebound"],"picked":"Steam+1","floor":12},{"not_picked":["Go for the Eyes","Compile Driver"],"picked":"Sunder","floor":14},{"not_picked":["Amplify+1","Machine Learning"],"picked":"Core Surge","floor":16},{"not_picked":["Rebound","Rip and Tear"],"picked":"Consume+1","floor":18},{"not_picked":["FTL","Fusion+1"],"picked":"Double Energy+1","floor":19},{"not_picked":["Turbo+1","Rebound"],"picked":"Doom and Gloom","floor":24},{"not_picked":["Streamline","Double Energy+1"],"picked":"Self Repair","floor":25},{"not_picked":["Streamline","Storm","Fusion+1"],"picked":"SKIP","floor":27},{"not_picked":["Compile Driver","Go for the Eyes"],"picked":"Chill+1","floor":28},{"not_picked":["Barrage","Fusion+1"],"picked":"Stack+1","floor":30},{"not_picked":["Gash","Streamline"],"picked":"Reinforced Body+1","floor":31},{"not_picked":["Thunder Strike","Seek+1"],"picked":"Reboot+1","floor":33},{"not_picked":["Sweeping Beam","Reprogram+1"],"picked":"Hologram+1","floor":35},{"not_picked":["Cold Snap","Steam+1"],"picked":"Conserve Battery+1","floor":37},{"not_picked":["Beam Cell+1","Compile Driver","Rebound"],"picked":"SKIP","floor":38},{"not_picked":["Cold Snap+1","Creative AI"],"picked":"Glacier+1","floor":39},{"not_picked":["Barrage","Sunder"],"picked":"Coolheaded+1","floor":41},{"not_picked":["Redo+1","Compile Driver"],"picked":"Hologram+1","floor":45},{"not_picked":["Darkness+1","Doom and Gloom"],"picked":"Skim+1","floor":46},{"not_picked":["Reinforced Body+1","Cold Snap"],"picked":"Consume+1","floor":48}],"player_experience":1320749,"relics_obtained":[{"floor":6,"key":"Toxic Egg 2"},{"floor":8,"key":"Cables"},{"floor":9,"key":"Sundial"},{"floor":24,"key":"Meat on the Bone"},{"floor":26,"key":"Bag of Preparation"},{"floor":30,"key":"PreservedInsect"},{"floor":41,"key":"Whetstone"},{"floor":43,"key":"Pear"},{"floor":45,"key":"Tiny Chest"}],"event_choices":[{"event_name":"Living Wall","player_choice":"Forget","floor":2,"damage_taken":0},{"event_name":"Cursed Tome","player_choice":"Ignored","floor":20,"damage_taken":0},{"event_name":"Beggar","player_choice":"Gave Gold","floor":21,"damage_taken":0},{"event_name":"Tomb of Lord Red Mask","player_choice":"Paid","floor":36,"damage_taken":0}],"is_beta":false,"boss_relics":[{"not_picked":["White Beast Statue","FrozenCore"],"picked":"Inserter"},{"not_picked":["Runic Pyramid","Tiny House"],"picked":"Coffee Dripper"}],"items_purged_floors":[10],"is_endless":false,"potions_floor_spawned":[1,3,5,14,18,24,30,31,35,41,46],"ascension_level":19}