{"gold_per_floor":[109,128,128,140,209,209,259,288,288,288,23,37,102,152,152,250,250,265,335,433,43,61,96,96,130,155,189,39,89,89,139,139,234,234,248,298,313,323,334,334,361,361,361,457,477,504,135,185,185,185,185,185,37,70,70],"floor_reached":56,"playtime":5715,"items_purged":["Strike_R","Writhe","Regret"],"score":1841,"play_id":"e1e9e8a2-8f72-472d-be3d-befe5bd39233","local_time":"20190308202357","is_ascension_mode":true,"campfire_choices":[{"data":"Armaments","floor":6.0,"key":"SMITH"},{"floor":10.0,"key":"REST"},{"data":"Disarm","floor":15.0,"key":"SMITH"},{"data":"Demon Form","floor":24.0,"key":"SMITH"},{"data":"Shockwave","floor":30.0,"key":"SMITH"},{"data":"Disarm","floor":32.0,"key":"SMITH"},{"data":"Power Through","floor":40.0,"key":"SMITH"},{"floor":42,"key":"REST"},{"floor":49,"key":"RECALL"},{"data":"True Grit","floor":52,"key":"SMITH"}],"neow_cost":"NONE","seed_source_timestamp":1958880759996600,"circlet_count":0,"master_deck":["AscendersBane","Strike_R","Strike_R","Strike_R","Strike_R","Defend_R+1","Defend_R","Defend_R","Defend_R","Bash+1","Thunderclap+1","Armaments+1","Battle Trance+1","Demon Form+1","Disarm+1","Spot Weakness","Warcry","Reaper","Sword Boomerang+1","Shockwave+1","Power Through+1","Sever Soul+1","Disarm+1","Reaper","True Grit+1","Feel No Pain+1","Entrench+1","Heavy Blade+1","Fiend Fire","True Grit+1"],"special_seed":0,"relics":["Burning Blood","SsserpentHead","Vajra","Potion Belt","Orichalcum","Frozen Egg 2","Cursed Key","War Paint","Pear","Boot","Regal Pillow","Dream Catcher","Centennial Puzzle","Omamori","Nilry\u0027s Codex","Ancient Tea Set","Runic Pyramid","Mummified Hand","Ice Cream","Strawberry","Strange Spoon","Bronze Scales","Shuriken"],"potions_floor_usage":[41,44,45,46,50],"damage_taken":[{"damage":9.0,"enemies":"Jaw Worm","floor":1.0,"turns":4.0},{"damage":1.0,"enemies":"Cultist","floor":2.0,"turns":4.0},{"damage":16.0,"enemies":"2 Louse","floor":4.0,"turns":3.0},{"damage":30.0,"enemies":"Gremlin Gang","floor":5.0,"turns":7.0},{"damage":35.0,"enemies":"Lagavulin","floor":8.0,"turns":7.0},{"damage":6.0,"enemies":"Exordium Thugs","floor":12.0,"turns":4.0},{"damage":5.0,"enemies":"Large Slime","floor":13.0,"turns":6.0},{"damage":13.0,"enemies":"The Guardian","floor":16.0,"turns":10.0},{"damage":18.0,"enemies":"Chosen","floor":18.0,"turns":6.0},{"damage":21.0,"enemies":"Shell Parasite","floor":19.0,"turns":7.0},{"damage":17.0,"enemies":"Snecko","floor":22.0,"turns":7.0},{"damage":22.0,"enemies":"Slavers","floor":23.0,"turns":5.0},{"damage":11.0,"enemies":"Gremlin Leader","floor":25.0,"turns":5.0},{"damage":24.0,"enemies":"Book of Stabbing","floor":27.0,"turns":6.0},{"damage":73.0,"enemies":"Automaton","floor":33.0,"turns":9.0},{"damage":47.0,"enemies":"3 Darklings","floor":35.0,"turns":5.0},{"damage":17.0,"enemies":"3 Shapes","floor":37.0,"turns":4.0},{"damage":42.0,"enemies":"Sphere and 2 Shapes","floor":38.0,"turns":6.0},{"damage":60.0,"enemies":"4 Shapes","floor":39.0,"turns":5.0},{"damage":95,"enemies":"Reptomancer","floor":41,"turns":7},{"damage":66,"enemies":"2 Orb Walkers","floor":44,"turns":6},{"damage":12,"enemies":"Spire Growth","floor":45,"turns":4},{"damage":7,"enemies":"Nemesis","floor":46,"turns":9},{"damage":71,"enemies":"Donu and Deca","floor":50,"turns":9},{"damage":36,"enemies":"Shield and Spear","floor":54,"turns":7},{"damage":129,"enemies":"The Heart","floor":55,"turns":8}],"seed_played":"7544911958703997713","potions_obtained":[{"floor":1.0,"key":"SpeedPotion"},{"floor":8.0,"key":"Explosive Potion"},{"floor":12.0,"key":"SpeedPotion"},{"floor":16.0,"key":"Dexterity Potion"},{"floor":19.0,"key":"SkillPotion"},{"floor":23.0,"key":"AttackPotion"},{"floor":27.0,"key":"Fruit Juice"},{"floor":33.0,"key":"Poison Potion"},{"floor":38.0,"key":"LiquidBronze"},{"floor":39.0,"key":"SmokeBomb"},{"floor":41,"key":"BloodPotion"},{"floor":44,"key":"Strength Potion"},{"floor":45,"key":"PowerPotion"}],"is_trial":false,"path_per_floor":["M","M","?","M","M","R","?","E","T","R","$","M","M","?","R","B",null,"M","M","T","$","M","E","R","E","T","E","$","?","R","?","R","B",null,"M","?","M","M","M","R","E","R","T","?","M","E","$","T","R","B",null,"R","$","E","B",null],"character_chosen":"IRONCLAD","items_purchased":["Orichalcum","Disarm","Power Through","Pear","Omamori","Strange Spoon","True Grit","Bronze Scales"],"campfire_rested":2,"item_purchase_floors":[11,11,21,21,28,47,47,53],"current_hp_per_floor":[69,74,74,64,40,40,40,11,11,35,35,35,36,36,36,29,67,69,73,73,83,72,66,66,90,90,72,72,56,56,56,56,39,81,78,78,88,94,82,82,23,66,66,20,35,87,87,87,87,67,93,93,93,102,30],"gold":70,"neow_bonus":"UPGRADE_CARD","is_prod":false,"is_daily":false,"chose_seed":false,"campfire_upgraded":7,"win_rate":0,"timestamp":1552094637,"path_taken":["M","M","?","M","?","R","?","E","T","R","$","M","?","?","R","BOSS","M","?","?","$","M","E","R","E","T","E","$","?","R","?","R","BOSS","M","?","M","M","M","R","E","R","T","?","M","E","$","?","R","BOSS","R","$","E","BOSS"],"build_version":"2019-01-23","purchased_purges":3,"victory":true,"max_hp_per_floor":[80,80,80,80,80,80,80,80,80,80,80,80,80,80,80,80,80,80,80,80,90,90,90,90,90,90,90,90,90,90,90,90,95,95,95,95,95,95,95,95,95,95,95,95,95,102,102,102,102,102,102,102,102,102,102],"card_choices":[{"not_picked":["Rage","True Grit"],"picked":"Thunderclap","floor":1.0},{"not_picked":["Seeing Red","Heavy Blade","Wild Strike"],"picked":"SKIP","floor":2.0},{"not_picked":["Reckless Charge","Thunderclap"],"picked":"Armaments","floor":4.0},{"not_picked":["Body Slam","Cleave"],"picked":"Battle Trance","floor":5.0},{"not_picked":["Carnage","Reckless Charge"],"picked":"Demon Form","floor":8.0},{"not_picked":["Bloodletting","Cleave"],"picked":"Spot Weakness","floor":12.0},{"not_picked":["Second Wind","Infernal Blade"],"picked":"Warcry","floor":13.0},{"not_picked":["Barricade+1","Immolate"],"picked":"Reaper","floor":16.0},{"not_picked":["Rupture+1","Perfected Strike"],"picked":"Sword Boomerang+1","floor":18.0},{"not_picked":["Heavy Blade","Warcry"],"picked":"Shockwave","floor":19.0},{"not_picked":["Pommel Strike","Cleave"],"picked":"Sever Soul+1","floor":22.0},{"not_picked":["Carnage","Hemokinesis","Inflame+1"],"picked":"SKIP","floor":23.0},{"not_picked":["Flex","Pommel Strike","Battle Trance"],"picked":"SKIP","floor":25.0},{"not_picked":["Berserk+1","Searing Blow"],"picked":"Disarm","floor":27.0},{"not_picked":["Double Tap","Demon Form+1"],"picked":"Reaper","floor":33.0},{"not_picked":["Armaments","Dual Wield"],"picked":"True Grit+1","floor":35.0},{"not_picked":["True Grit","Pommel Strike+1","Shockwave"],"picked":"SKIP","floor":37.0},{"not_picked":["Thunderclap","Twin Strike","Clothesline+1"],"picked":"SKIP","floor":38.0},{"not_picked":["Warcry","Disarm+1"],"picked":"Feel No Pain+1","floor":39.0},{"not_picked":["Sentinel+1","Wild Strike+1"],"picked":"Entrench+1","floor":41},{"not_picked":["Anger+1","Body Slam"],"picked":"Heavy Blade+1","floor":44},{"not_picked":["Cleave","Anger+1","Shockwave"],"picked":"SKIP","floor":45},{"not_picked":["Blood for Blood","Anger"],"picked":"Fiend Fire","floor":46},{"not_picked":["True Grit","Dropkick","Pommel Strike+1"],"picked":"SKIP","floor":54}],"player_experience":366009,"relics_obtained":[{"floor":8.0,"key":"Vajra"},{"floor":9.0,"key":"Potion Belt"},{"floor":14.0,"key":"Frozen Egg 2"},{"floor":20.0,"key":"War Paint"},{"floor":23.0,"key":"Boot"},{"floor":25.0,"key":"Regal Pillow"},{"floor":26.0,"key":"Dream Catcher"},{"floor":27.0,"key":"Centennial Puzzle"},{"floor":29.0,"key":"Nilry\u0027s Codex"},{"floor":31.0,"key":"Ancient Tea Set"},{"floor":41,"key":"Mummified Hand"},{"floor":44,"key":"Ice Cream"},{"floor":46,"key":"Strawberry"},{"floor":54,"key":"Shuriken"}],"event_choices":[{"damage_healed":0.0,"max_hp_gain":0.0,"max_hp_loss":0.0,"gold_gain":0.0,"event_name":"FaceTrader","player_choice":"Trade","floor":3.0,"gold_loss":0.0,"damage_taken":0.0,"relics_obtained":["SsserpentHead"]},{"damage_healed":0.0,"max_hp_gain":0.0,"max_hp_loss":0.0,"gold_gain":0.0,"event_name":"Upgrade Shrine","player_choice":"Upgraded","floor":7.0,"gold_loss":0.0,"damage_taken":0.0,"cards_upgraded":["Thunderclap"]},{"damage_healed":0.0,"max_hp_gain":0.0,"max_hp_loss":0.0,"gold_gain":0.0,"event_name":"Wheel of Change","player_choice":"Relic","floor":14.0,"gold_loss":0.0,"damage_taken":0.0},{"damage_healed":0.0,"max_hp_gain":0.0,"max_hp_loss":0.0,"gold_gain":0.0,"event_name":"Cursed Tome","player_choice":"Obtained Book","floor":29.0,"gold_loss":0.0,"damage_taken":16.0},{"damage_healed":0.0,"max_hp_gain":0.0,"max_hp_loss":0.0,"gold_gain":0.0,"event_name":"Wheel of Change","player_choice":"Relic","floor":31.0,"gold_loss":0.0,"damage_taken":0.0},{"damage_healed":0.0,"max_hp_gain":0.0,"max_hp_loss":0.0,"gold_gain":0.0,"event_name":"Tomb of Lord Red Mask","player_choice":"Ignored","floor":36.0,"gold_loss":0.0,"damage_taken":0.0},{"damage_healed":0,"gold_gain":0,"player_choice":"Fight","damage_taken":0,"max_hp_gain":0,"max_hp_loss":0,"event_name":"Mysterious Sphere","floor":44,"gold_loss":0}],"is_beta":false,"boss_relics":[{"not_picked":["Velvet Choker","White Beast Statue"],"picked":"Cursed Key"},{"not_picked":["Fusion Hammer","Sozu"],"picked":"Runic Pyramid"}],"items_purged_floors":[11,21,47],"is_endless":false,"potions_floor_spawned":[1,8,12,16,19,23,27,33,38,39,41,44,45],"ascension_level":12}