{"gold_per_floor":[119,129,149,159,30,59,6,33,33,33,49,49,114,146,146,146],"floor_reached":16,"playtime":613,"items_purged":["Strike_R"],"score":240,"play_id":"b20258b3-cd93-4343-b041-11d9f0ed11ec","local_time":"20181209234035","is_ascension_mode":true,"campfire_choices":[{"data":"Whirlwind","floor":10,"key":"SMITH"},{"floor":12,"key":"REST"},{"data":"Inflame","floor":15,"key":"SMITH"}],"neow_cost":"NONE","seed_source_timestamp":980943655359798,"circlet_count":0,"master_deck":["AscendersBane","Strike_R","Strike_R","Strike_R","Defend_R","Defend_R","Defend_R","Defend_R","Bash","Heavy Blade","Thunderclap","Clothesline","Spot Weakness","Whirlwind+1","Inflame+1","Shockwave","Metallicize+1","Shockwave"],"relics":["Burning Blood","Ancient Tea Set","Frozen Egg 2","Dodecahedron","Orichalcum"],"potions_floor_usage":[6,8,14],"damage_taken":[{"damage":7,"enemies":"Cultist","floor":1,"turns":4},{"damage":7,"enemies":"Small Slimes","floor":2,"turns":4},{"damage":9,"enemies":"Jaw Worm","floor":3,"turns":4},{"damage":18,"enemies":"3 Louse","floor":4,"turns":4},{"damage":25,"enemies":"Lagavulin","floor":6,"turns":6},{"damage":27,"enemies":"3 Sentries","floor":8,"turns":5},{"damage":0,"enemies":"Exordium Wildlife","floor":11,"turns":1},{"damage":8,"enemies":"Gremlin Nob","floor":13,"turns":3},{"damage":23,"enemies":"Gremlin Nob","floor":14,"turns":4},{"damage":23,"enemies":"Hexaghost","floor":16,"turns":9}],"seed_played":"7431886669148070817","potions_obtained":[{"floor":1,"key":"LiquidBronze"},{"floor":8,"key":"Dexterity Potion"},{"floor":14,"key":"FearPotion"}],"is_trial":false,"path_per_floor":["M","M","M","M","$","E","$","E","T","R","M","R","?","E","R","B"],"character_chosen":"IRONCLAD","items_purchased":["Fire Potion","FearPotion"],"campfire_rested":1,"item_purchase_floors":[5,7],"current_hp_per_floor":[67,66,63,51,51,32,32,11,11,11,17,39,37,20,20,0],"gold":146,"neow_bonus":"TRANSFORM_CARD","is_prod":false,"is_daily":false,"chose_seed":false,"campfire_upgraded":2,"win_rate":0,"timestamp":1544395235,"path_taken":["M","M","M","?","?","E","$","E","T","R","?","R","?","E","R","BOSS"],"build_version":"2018-12-06","purchased_purges":1,"victory":false,"max_hp_per_floor":[75,75,75,75,75,75,75,75,75,75,75,75,75,75,75,75],"card_choices":[{"not_picked":["Fire Breathing","Perfected Strike"],"picked":"Thunderclap","floor":1},{"not_picked":["Heavy Blade","Cleave"],"picked":"Clothesline","floor":2},{"not_picked":["Armaments","Cleave"],"picked":"Spot Weakness","floor":3},{"not_picked":["Ghostly Armor","Rampage"],"picked":"Whirlwind","floor":4},{"not_picked":["Infernal Blade","Immolate"],"picked":"Inflame","floor":6},{"not_picked":["Infernal Blade","Body Slam","Intimidate"],"picked":"SKIP","floor":8},{"not_picked":["Iron Wave","Armaments"],"picked":"Shockwave","floor":11},{"not_picked":["Sever Soul","Flame Barrier"],"picked":"Metallicize+1","floor":13},{"not_picked":["Armaments","Flex"],"picked":"Shockwave","floor":14}],"player_experience":1678851,"relics_obtained":[{"floor":6,"key":"Ancient Tea Set"},{"floor":8,"key":"Frozen Egg 2"},{"floor":13,"key":"Dodecahedron"},{"floor":14,"key":"Orichalcum"}],"event_choices":[{"damage_healed":0,"gold_gain":30,"player_choice":"Searched \u00272\u0027 times","damage_taken":0,"max_hp_gain":0,"max_hp_loss":0,"event_name":"Dead Adventurer","floor":13,"gold_loss":0}],"is_beta":false,"boss_relics":[],"items_purged_floors":[5],"is_endless":false,"potions_floor_spawned":[1,8,13,14],"killed_by":"Hexaghost","ascension_level":20}