{"gold_per_floor":[119,132,15,15,35,35,47,47,71,21,34,34,63,76,76,152,152,172,172,185,185,185,185,185],"floor_reached":24,"playtime":1364,"items_purged":["Strike_G","Strike_G"],"score":392,"play_id":"31042fdf-7827-4173-b2bf-96d785f9dcca","local_time":"20190305133009","is_ascension_mode":true,"campfire_choices":[{"data":"Predator","floor":6,"key":"SMITH"},{"data":"Poisoned Stab","floor":8,"key":"SMITH"},{"data":"Backflip","floor":12,"key":"SMITH"},{"data":"Leg Sweep","floor":15,"key":"SMITH"},{"data":"Wraith Form v2","floor":23,"key":"SMITH"}],"neow_cost":"NONE","seed_source_timestamp":222844610607801,"circlet_count":0,"master_deck":["AscendersBane","Survivor","Neutralize+1","Predator+1","Infinite Blades","Backflip+1","Poisoned Stab+1","Leg Sweep+1","Wraith Form v2+1","Acrobatics","Flechettes","Dagger Spray","Adrenaline","Dagger Throw","Catalyst","Setup","Crippling Poison","Skewer+1","Pain","Ghostly","Ghostly","Ghostly"],"relics":["Ring of the Snake","Art of War","Smiling Mask","Turnip","Pandora\u0027s Box","WarpedTongs"],"potions_floor_usage":[7,13,20,24],"damage_taken":[{"damage":6,"enemies":"Jaw Worm","floor":1,"turns":7},{"damage":1,"enemies":"Cultist","floor":2,"turns":4},{"damage":0,"enemies":"2 Louse","floor":5,"turns":4},{"damage":0,"enemies":"Gremlin Gang","floor":7,"turns":4},{"damage":0,"enemies":"Looter","floor":11,"turns":3},{"damage":7,"enemies":"Lagavulin","floor":13,"turns":6},{"damage":0,"enemies":"Blue Slaver","floor":14,"turns":4},{"damage":12,"enemies":"The Guardian","floor":16,"turns":17},{"damage":6,"enemies":"Spheric Guardian","floor":18,"turns":5},{"damage":35,"enemies":"Shell Parasite","floor":20,"turns":7},{"damage":12,"enemies":"Gremlin Leader","floor":24,"turns":7}],"seed_played":"-4877426702515970959","potions_obtained":[{"floor":1,"key":"Explosive Potion"},{"floor":5,"key":"FearPotion"},{"floor":13,"key":"SkillPotion"},{"floor":14,"key":"Fire Potion"}],"is_trial":false,"path_per_floor":["M","M","$","?","M","R","M","R","T","$","M","R","E","M","R","B",null,"M","?","M","?","?","R","E"],"character_chosen":"THE_SILENT","items_purchased":["Infinite Blades"],"campfire_rested":0,"item_purchase_floors":[3],"current_hp_per_floor":[53,52,52,52,52,52,52,52,52,52,52,52,45,45,45,33,58,52,52,17,17,10,10,0],"gold":185,"neow_bonus":"UPGRADE_CARD","is_prod":false,"is_daily":false,"chose_seed":false,"campfire_upgraded":5,"win_rate":0,"timestamp":1551789009,"path_taken":["M","M","$","?","?","R","M","R","T","$","M","R","E","M","R","BOSS","M","?","?","?","?","R","E"],"build_version":"2019-01-23","purchased_purges":2,"victory":false,"max_hp_per_floor":[66,66,66,66,66,66,66,66,66,66,66,66,66,66,66,66,66,66,66,66,33,38,38,38],"card_choices":[{"not_picked":["Concentrate","Escape Plan"],"picked":"Calculated Gamble","floor":1},{"not_picked":["Tactician","Sucker Punch"],"picked":"Predator","floor":2},{"not_picked":["Blade Dance","Bane"],"picked":"Backflip","floor":5},{"not_picked":["Blade Dance","Flying Knee"],"picked":"Poisoned Stab","floor":7},{"not_picked":["Eviscerate","Blade Dance","Cloak And Dagger"],"picked":"SKIP","floor":11},{"not_picked":["Concentrate","Finisher"],"picked":"Leg Sweep","floor":13},{"not_picked":["All Out Attack","Deflect","Distraction"],"picked":"SKIP","floor":14},{"not_picked":["Night Terror","Malaise"],"picked":"Wraith Form v2","floor":16},{"not_picked":["Dagger Spray+1","Noxious Fumes"],"picked":"Skewer+1","floor":18},{"not_picked":["Masterful Stab","Slice+1","Flechettes"],"picked":"SKIP","floor":20}],"player_experience":1971817,"relics_obtained":[{"floor":9,"key":"Smiling Mask"},{"floor":13,"key":"Turnip"}],"event_choices":[{"cards_removed":["Calculated Gamble"],"damage_healed":0,"gold_gain":0,"player_choice":"Gave Card","damage_taken":0,"relics_obtained":["Art of War"],"max_hp_gain":0,"max_hp_loss":0,"event_name":"WeMeetAgain","floor":4,"gold_loss":0},{"damage_healed":0,"gold_gain":0,"player_choice":"Rummage","damage_taken":0,"relics_obtained":["WarpedTongs"],"max_hp_gain":0,"max_hp_loss":0,"event_name":"Accursed Blacksmith","floor":19,"gold_loss":0,"cards_obtained":["Pain"]},{"damage_healed":0,"gold_gain":0,"player_choice":"Became a Ghost","damage_taken":0,"max_hp_gain":0,"max_hp_loss":33,"event_name":"Ghosts","floor":21,"gold_loss":0,"cards_obtained":["Ghostly","Ghostly","Ghostly"]},{"damage_healed":0,"gold_gain":0,"player_choice":"Shed Blood","damage_taken":12,"max_hp_gain":5,"max_hp_loss":0,"event_name":"Forgotten Altar","floor":22,"gold_loss":0}],"is_beta":false,"boss_relics":[{"not_picked":["Eternal Feather","Lizard Tail"],"picked":"Pandora\u0027s Box"}],"items_purged_floors":[3,10],"is_endless":false,"potions_floor_spawned":[1,5,13,14],"killed_by":"Gremlin Leader","ascension_level":20}