{"gold_per_floor":[118,129,148,159,159,188,188,188,211,245,256,256,274,286,286,384,384,384,384,384,384,384,384,384,384,384,384,6,6,6,6,6,6],"floor_reached":33,"playtime":1614,"items_purged":["Strike_R"],"score":468,"play_id":"2d9cac86-0754-490c-bf55-08af6ba2ed7e","local_time":"20190303013441","is_ascension_mode":true,"campfire_choices":[{"data":"Bash","floor":7.0,"key":"SMITH"},{"data":"Spot Weakness","floor":12.0,"key":"SMITH"},{"data":"Sword Boomerang","floor":15.0,"key":"SMITH"},{"floor":23,"key":"REST"},{"data":"Rage","floor":25,"key":"SMITH"},{"data":"Immolate","floor":27,"key":"SMITH"},{"floor":32,"key":"REST"}],"neow_cost":"NONE","seed_source_timestamp":0,"circlet_count":0,"master_deck":["AscendersBane","Defend_R","Defend_R","Defend_R","Defend_R","Bash+1","Corruption","Sword Boomerang+1","Spot Weakness+1","Headbutt","Twin Strike","Dropkick","Impervious","Juggernaut","Rage+1","Pommel Strike","Disarm+1","Immolate+1","Metallicize","Bite","Bite","Bite","Bite","Bite"],"special_seed":0,"relics":["Burning Blood","NeowsBlessing","Orichalcum","Pen Nib","Art of War","Ectoplasm","Bird Faced Urn","Singing Bowl","Ancient Tea Set","Unceasing Top","Meat on the Bone","Question Card"],"potions_floor_usage":[22,24,29],"damage_taken":[{"damage":0.0,"enemies":"Small Slimes","floor":1.0,"turns":1.0},{"damage":0.0,"enemies":"Jaw Worm","floor":2.0,"turns":1.0},{"damage":0.0,"enemies":"Cultist","floor":3.0,"turns":1.0},{"damage":8.0,"enemies":"Red Slaver","floor":4.0,"turns":3.0},{"damage":45.0,"enemies":"3 Sentries","floor":6.0,"turns":9.0},{"damage":22.0,"enemies":"Gremlin Nob","floor":10.0,"turns":5.0},{"damage":0.0,"enemies":"2 Fungi Beasts","floor":11.0,"turns":2.0},{"damage":6.0,"enemies":"Looter","floor":13.0,"turns":4.0},{"damage":19.0,"enemies":"Large Slime","floor":14.0,"turns":4.0},{"damage":18.0,"enemies":"Hexaghost","floor":16.0,"turns":9.0},{"damage":5.0,"enemies":"Spheric Guardian","floor":18.0,"turns":3.0},{"damage":21.0,"enemies":"Shell Parasite","floor":19.0,"turns":3.0},{"damage":20.0,"enemies":"Centurion and Healer","floor":21.0,"turns":6.0},{"damage":25,"enemies":"Colosseum Slavers","floor":22,"turns":5},{"damage":15,"enemies":"Colosseum Nobs","floor":22,"turns":5},{"damage":19,"enemies":"Gremlin Leader","floor":24,"turns":8},{"damage":31,"enemies":"Slavers","floor":29,"turns":5},{"damage":50,"enemies":"Automaton","floor":33,"turns":6}],"seed_played":"-7341266304240426858","potions_obtained":[{"floor":2.0,"key":"Fire Potion"},{"floor":3.0,"key":"Explosive Potion"},{"floor":4.0,"key":"Weak Potion"},{"floor":8.0,"key":"Fruit Juice"},{"floor":8.0,"key":"PowerPotion"},{"floor":18.0,"key":"Dexterity Potion"},{"floor":19.0,"key":"PowerPotion"},{"floor":29,"key":"Fire Potion"}],"is_trial":false,"path_per_floor":["M","M","M","M","?","E","R","?","T","E","M","R","M","M","R","B",null,"M","M","?","M","?","R","E","R","T","R","$","E","$","?","R","B"],"character_chosen":"IRONCLAD","items_purchased":["Meat on the Bone","AttackPotion"],"campfire_rested":2,"item_purchase_floors":[28,28],"current_hp_per_floor":[78,80,80,78,83,44,44,49,49,33,39,39,39,26,26,14,71,72,57,57,43,15,42,33,33,33,33,33,20,20,20,38,0],"gold":6,"neow_bonus":"THREE_ENEMY_KILL","is_prod":false,"is_daily":false,"chose_seed":false,"campfire_upgraded":5,"win_rate":0,"timestamp":1551594881,"path_taken":["M","M","M","M","?","E","R","?","T","E","?","R","M","M","R","BOSS","M","M","?","M","?","R","E","R","T","R","$","E","$","?","R","BOSS"],"build_version":"2019-01-23","purchased_purges":1,"victory":false,"max_hp_per_floor":[80,80,80,80,85,85,85,90,90,90,90,90,90,90,90,90,90,90,90,90,90,90,90,90,90,90,90,90,90,90,63,63,63],"card_choices":[{"not_picked":["Warcry","Dual Wield"],"picked":"Corruption","floor":1.0},{"not_picked":["Dropkick","Combust"],"picked":"Sword Boomerang","floor":2.0},{"not_picked":["Heavy Blade","Armaments"],"picked":"Spot Weakness","floor":3.0},{"not_picked":["Body Slam","Thunderclap"],"picked":"Headbutt","floor":4.0},{"not_picked":["Flex","Power Through"],"picked":"Twin Strike","floor":6.0},{"not_picked":["Combust","Sever Soul"],"picked":"Dropkick","floor":10.0},{"not_picked":["Rampage","Burning Pact"],"picked":"Impervious","floor":11.0},{"not_picked":["Warcry","Iron Wave","Twin Strike"],"picked":"SKIP","floor":13.0},{"not_picked":["Thunderclap","Warcry","Second Wind"],"picked":"SKIP","floor":14.0},{"not_picked":["Bludgeon","Berserk"],"picked":"Juggernaut","floor":16.0},{"not_picked":["Body Slam","Fire Breathing","Bloodletting"],"picked":"SKIP","floor":18.0},{"not_picked":["Armaments","Wild Strike"],"picked":"Rage","floor":19.0},{"not_picked":["Clash+1","Perfected Strike"],"picked":"Pommel Strike","floor":21.0},{"not_picked":["Twin Strike+1","Clash"],"picked":"Disarm+1","floor":22},{"not_picked":["Barricade","Battle Trance"],"picked":"Immolate","floor":24},{"not_picked":["Sword Boomerang","Feed"],"picked":"Metallicize","floor":29}],"player_experience":325619,"relics_obtained":[{"floor":6.0,"key":"Orichalcum"},{"floor":9.0,"key":"Pen Nib"},{"floor":10.0,"key":"Art of War"},{"floor":22,"key":"Bird Faced Urn"},{"floor":22,"key":"Singing Bowl"},{"floor":24,"key":"Ancient Tea Set"},{"floor":26,"key":"Unceasing Top"},{"floor":29,"key":"Question Card"}],"event_choices":[{"damage_healed":0.0,"max_hp_gain":5.0,"max_hp_loss":0.0,"gold_gain":0.0,"event_name":"Big Fish","player_choice":"Donut","floor":5.0,"gold_loss":0.0,"damage_taken":0.0},{"damage_healed":0.0,"max_hp_gain":0.0,"max_hp_loss":0.0,"gold_gain":0.0,"event_name":"Lab","player_choice":"Got Potions","floor":8.0,"gold_loss":0.0,"damage_taken":0.0},{"damage_healed":0.0,"max_hp_gain":0.0,"max_hp_loss":0.0,"gold_gain":0.0,"event_name":"Ghosts","player_choice":"Ignored","floor":20.0,"gold_loss":0.0,"damage_taken":0.0},{"damage_healed":0,"gold_gain":0,"player_choice":"Fight","damage_taken":0,"max_hp_gain":0,"max_hp_loss":0,"event_name":"Colosseum","floor":22,"gold_loss":0},{"damage_healed":0,"gold_gain":0,"player_choice":"Fought Nobs","damage_taken":0,"max_hp_gain":0,"max_hp_loss":0,"event_name":"Colosseum","floor":22,"gold_loss":0},{"damage_healed":0,"gold_gain":0,"player_choice":"Became a vampire","damage_taken":0,"max_hp_gain":0,"max_hp_loss":27,"event_name":"Vampires","floor":31,"gold_loss":0,"cards_obtained":["Bite","Bite","Bite","Bite","Bite"]}],"is_beta":false,"boss_relics":[{"not_picked":["Fusion Hammer","Black Blood"],"picked":"Ectoplasm"}],"items_purged_floors":[28],"is_endless":false,"potions_floor_spawned":[2,3,4,14,18,19,29],"killed_by":"Automaton","ascension_level":10}