{"gold_per_floor":[111,111,111,122,197,197,37,49,96,126,126],"floor_reached":11,"playtime":359,"items_purged":["Strike_G"],"score":142,"play_id":"707fe979-09e2-48ec-9f1b-dec9241583b8","local_time":"20190225204306","is_ascension_mode":true,"campfire_choices":[{"data":"A Thousand Cuts","floor":6,"key":"SMITH"}],"neow_cost":"NONE","seed_source_timestamp":774738238809653,"circlet_count":0,"master_deck":["AscendersBane","Defend_G","Defend_G","Defend_G+1","Defend_G","Defend_G","Strike_G+1","Strike_G","Strike_G","Strike_G","Survivor","Neutralize","Deadly Poison","A Thousand Cuts+1","Crippling Poison","After Image"],"relics":["Ring of the Snake","Anchor","GremlinMask","Bag of Marbles","Pen Nib"],"potions_floor_usage":[10,10,11],"damage_taken":[{"damage":0,"enemies":"2 Louse","floor":1,"turns":3},{"damage":4,"enemies":"Small Slimes","floor":4,"turns":4},{"damage":0,"enemies":"Cultist","floor":8,"turns":5},{"damage":23,"enemies":"Gremlin Nob","floor":10,"turns":5},{"damage":7,"enemies":"Lagavulin Event","floor":11,"turns":3}],"seed_played":"4345651795748389380","potions_obtained":[{"floor":8,"key":"SkillPotion"},{"floor":10,"key":"Block Potion"}],"is_trial":false,"path_per_floor":["M","?","?","M","?","R","$","M","T","E","?"],"character_chosen":"THE_SILENT","items_purchased":["GhostInAJar"],"campfire_rested":0,"item_purchase_floors":[7],"current_hp_per_floor":[59,39,39,35,24,24,24,24,24,1,0],"gold":126,"neow_bonus":"RANDOM_COMMON_RELIC","is_prod":false,"is_daily":false,"chose_seed":false,"campfire_upgraded":1,"win_rate":0,"timestamp":1551123786,"path_taken":["M","?","?","?","?","R","?","?","T","E","?"],"build_version":"2019-01-23","purchased_purges":1,"victory":false,"max_hp_per_floor":[66,66,66,66,66,66,66,66,66,66,66],"card_choices":[{"not_picked":["Blade Dance","Escape Plan"],"picked":"Deadly Poison","floor":1},{"not_picked":["Deflect","Setup"],"picked":"A Thousand Cuts","floor":4},{"not_picked":["Blade Dance","Underhanded Strike"],"picked":"Crippling Poison","floor":8},{"not_picked":["Expertise","Dagger Throw"],"picked":"After Image","floor":10}],"player_experience":1931788,"relics_obtained":[{"floor":9,"key":"Bag of Marbles"},{"floor":10,"key":"Pen Nib"}],"event_choices":[{"damage_healed":0,"gold_gain":0,"player_choice":"Entered Light","damage_taken":20,"max_hp_gain":0,"max_hp_loss":0,"event_name":"Shining Light","floor":2,"gold_loss":0,"cards_upgraded":["Defend_G","Strike_G"]},{"damage_healed":0,"gold_gain":0,"player_choice":"Trade","damage_taken":0,"relics_obtained":["GremlinMask"],"max_hp_gain":0,"max_hp_loss":0,"event_name":"FaceTrader","floor":3,"gold_loss":0},{"damage_healed":0,"gold_gain":75,"player_choice":"Gather Gold","damage_taken":11,"max_hp_gain":0,"max_hp_loss":0,"event_name":"World of Goop","floor":5,"gold_loss":0},{"damage_healed":0,"gold_gain":0,"player_choice":"Searched \u00272\u0027 times","damage_taken":0,"max_hp_gain":0,"max_hp_loss":0,"event_name":"Dead Adventurer","floor":11,"gold_loss":0}],"is_beta":false,"boss_relics":[],"items_purged_floors":[7],"is_endless":false,"potions_floor_spawned":[8,10],"killed_by":"Lagavulin Event","ascension_level":20}