{"gold_per_floor":[111,126,144,162,173,208,208,208,231,248,248,260,260,292,292,366,366,379,379,391,138,138,138,158,158,158,169,180,140,140],"floor_reached":30,"playtime":2046,"items_purged":["Expertise"],"score":488,"play_id":"ae3d4f57-fe08-4ab4-81ee-fc5be85646af","local_time":"20181010233453","is_ascension_mode":true,"campfire_choices":[{"data":"Bouncing Flask","floor":7,"key":"SMITH"},{"data":"Noxious Fumes","floor":11,"key":"SMITH"},{"data":"Bouncing Flask","floor":13,"key":"SMITH"},{"floor":15,"key":"REST"},{"floor":23,"key":"REST"},{"floor":25,"key":"REST"}],"neow_cost":"PERCENT_DAMAGE","seed_source_timestamp":34702437896202,"circlet_count":0,"master_deck":["Defend_G","Defend_G","Defend_G","Defend_G","Defend_G","Strike_G","Strike_G","Strike_G","Survivor","Neutralize","AscendersBane","Terror","Bouncing Flask+1","Flying Knee","Noxious Fumes+1","PiercingWail","Bouncing Flask+1","Footwork","Wraith Form v2","Slice","Catalyst","Dodge and Roll+1","Blur"],"relics":["Ring of the Snake","Dead Branch","Ancient Tea Set","Incense Burner","Boot","Question Card","Philosopher\u0027s Stone","Oddly Smooth Stone","Turnip","StoneCalendar"],"potions_floor_usage":[6,18,28,30,30],"damage_taken":[{"damage":3,"enemies":"Cultist","floor":1,"turns":6},{"damage":0,"enemies":"Small Slimes","floor":2,"turns":4},{"damage":5,"enemies":"2 Louse","floor":3,"turns":3},{"damage":1,"enemies":"2 Fungi Beasts","floor":4,"turns":4},{"damage":1,"enemies":"Looter","floor":5,"turns":5},{"damage":11,"enemies":"Gremlin Nob","floor":6,"turns":3},{"damage":6,"enemies":"Lots of Slimes","floor":10,"turns":4},{"damage":0,"enemies":"3 Louse","floor":12,"turns":4},{"damage":6,"enemies":"Lagavulin","floor":14,"turns":4},{"damage":9,"enemies":"The Guardian","floor":16,"turns":8},{"damage":27,"enemies":"3 Byrds","floor":18,"turns":5},{"damage":11,"enemies":"Shell Parasite","floor":20,"turns":6},{"damage":0,"enemies":"Centurion and Healer","floor":24,"turns":3},{"damage":36,"enemies":"Sentry and Sphere","floor":27,"turns":6},{"damage":16,"enemies":"Shelled Parasite and Fungi","floor":28,"turns":8},{"damage":12,"enemies":"Cultist and Chosen","floor":30,"turns":3}],"seed_played":"2407340660098088189","potions_obtained":[{"floor":1,"key":"Fire Potion"},{"floor":3,"key":"AttackPotion"},{"floor":14,"key":"GhostInAJar"},{"floor":18,"key":"Energy Potion"},{"floor":27,"key":"LiquidBronze"},{"floor":29,"key":"Explosive Potion"},{"floor":29,"key":"EssenceOfSteel"}],"is_trial":false,"path_per_floor":["M","M","M","M","M","E","R","T","T","M","R","M","R","E","R","B",null,"M","?","M","$","?","R","M","R","T","M","M","?"],"character_chosen":"THE_SILENT","items_purchased":["Oddly Smooth Stone"],"campfire_rested":3,"item_purchase_floors":[21],"current_hp_per_floor":[41,41,36,35,34,23,23,23,23,17,17,17,17,11,30,21,55,28,28,17,17,17,36,36,55,55,19,3,3,0],"gold":140,"neow_bonus":"ONE_RARE_RELIC","is_prod":false,"is_daily":false,"chose_seed":false,"campfire_upgraded":3,"win_rate":0,"timestamp":1539207293,"path_taken":["M","M","M","M","M","E","R","?","T","M","R","M","R","E","R","BOSS","M","?","M","$","?","R","M","R","T","M","M","?","M"],"build_version":"2018-10-04v2","purchased_purges":1,"victory":false,"max_hp_per_floor":[66,66,66,66,66,66,66,66,66,66,66,66,66,66,66,66,66,66,66,66,66,66,66,66,66,66,66,66,66,66],"card_choices":[{"not_picked":["Infinite Blades","Blade Dance"],"picked":"Terror","floor":1},{"not_picked":["Accuracy","Acrobatics"],"picked":"Bouncing Flask","floor":2},{"not_picked":["Outmaneuver","Acrobatics"],"picked":"Flying Knee","floor":3},{"not_picked":["Accuracy","Calculated Gamble","Riddle With Holes"],"picked":"SKIP","floor":4},{"not_picked":["Expertise","Underhanded Strike"],"picked":"Noxious Fumes","floor":5},{"not_picked":["Sucker Punch","Heel Hook","Expertise"],"picked":"SKIP","floor":6},{"not_picked":["Slice","Unload"],"picked":"PiercingWail","floor":10},{"not_picked":["Outmaneuver","Bane"],"picked":"Bouncing Flask","floor":12},{"not_picked":["Setup","Poisoned Stab"],"picked":"Footwork","floor":14},{"not_picked":["Burst","Doppelganger","Venomology"],"picked":"Wraith Form v2","floor":16},{"not_picked":["Cloak And Dagger","Dagger Throw","Bane","Dodge and Roll"],"picked":"SKIP","floor":18},{"not_picked":["Dagger Spray","Outmaneuver","Underhanded Strike+1"],"picked":"Dash","floor":20},{"not_picked":["Dodge and Roll","Riddle With Holes","Acrobatics"],"picked":"Catalyst","floor":24},{"not_picked":["Poisoned Stab","Dagger Spray+1","Choke"],"picked":"Dodge and Roll+1","floor":27},{"not_picked":["Deadly Poison","Slice","Dash"],"picked":"Blur","floor":28}],"player_experience":1411539,"relics_obtained":[{"floor":6,"key":"Ancient Tea Set"},{"floor":8,"key":"Incense Burner"},{"floor":9,"key":"Boot"},{"floor":14,"key":"Question Card"},{"floor":26,"key":"StoneCalendar"}],"event_choices":[{"event_name":"Drug Dealer","player_choice":"Became Test Subject","floor":19,"damage_taken":0},{"event_name":"WeMeetAgain","player_choice":"Card","floor":22,"damage_taken":0},{"event_name":"The Woman in Blue","player_choice":"Bought 3 Potions","floor":29,"damage_taken":0}],"is_beta":false,"boss_relics":[{"not_picked":["Ring of the Serpent","WristBlade"],"picked":"Philosopher\u0027s Stone"}],"items_purged_floors":[21],"is_endless":false,"potions_floor_spawned":[1,3,4,14,16,18,27],"killed_by":"Cultist and Chosen","ascension_level":20}