{"gold_per_floor":[114,130,140,152,167,167,201,215,215,233,233,247,247,38,38,112,112,123,134,145,145,145,145,173,11,11,23,34,61,73,120,132,144],"floor_reached":33,"playtime":1699,"items_purged":["Normality"],"score":772,"play_id":"54ee029b-127f-4c12-909c-5d95286ebe4a","local_time":"20181227042923","is_ascension_mode":true,"campfire_choices":[{"data":"A Thousand Cuts","floor":6,"key":"SMITH"},{"data":"Blade Dance","floor":11,"key":"SMITH"},{"data":"Neutralize","floor":13,"key":"SMITH"},{"data":"Bouncing Flask","floor":15,"key":"SMITH"},{"data":"Corpse Explosion","floor":23,"key":"SMITH"},{"floor":30,"key":"REST"},{"floor":32,"key":"REST"}],"neow_cost":"NONE","seed_source_timestamp":189742438551679,"circlet_count":0,"master_deck":["AscendersBane","Defend_G","Defend_G","Defend_G","Defend_G","Defend_G","Strike_G","Strike_G","Strike_G","Strike_G","Strike_G","Survivor","Neutralize+1","Poisoned Stab","Dagger Throw","Bouncing Flask+1","Skewer+1","A Thousand Cuts+1","Well Laid Plans+1","PiercingWail","Blade Dance+1","Corpse Explosion+1","Clumsy","Shame","Deflect","Envenom+1","Footwork+1","Calculated Gamble","Noxious Fumes+1","Backstab"],"relics":["Ring of the Snake","Bag of Preparation","Frozen Egg 2","Ornamental Fan","Chemical X","Calling Bell","Mummified Hand","Lantern","FossilizedHelix","Singing Bowl","Nunchaku","MawBank","Darkstone Periapt"],"potions_floor_usage":[5,16,18,24,27,29,33],"damage_taken":[{"damage":1,"enemies":"Cultist","floor":1,"turns":4},{"damage":0,"enemies":"Jaw Worm","floor":2,"turns":3},{"damage":1,"enemies":"Small Slimes","floor":3,"turns":3},{"damage":8,"enemies":"Exordium Thugs","floor":4,"turns":5},{"damage":8,"enemies":"Exordium Wildlife","floor":5,"turns":7},{"damage":26,"enemies":"Gremlin Nob","floor":7,"turns":4},{"damage":10,"enemies":"3 Louse","floor":8,"turns":4},{"damage":1,"enemies":"Looter","floor":10,"turns":5},{"damage":0,"enemies":"2 Fungi Beasts","floor":12,"turns":2},{"damage":0,"enemies":"Hexaghost","floor":16,"turns":8},{"damage":0,"enemies":"Chosen","floor":18,"turns":4},{"damage":0,"enemies":"Spheric Guardian","floor":19,"turns":3},{"damage":18,"enemies":"Shelled Parasite and Fungi","floor":20,"turns":6},{"damage":0,"enemies":"Gremlin Leader","floor":24,"turns":5},{"damage":17,"enemies":"Sentry and Sphere","floor":27,"turns":5},{"damage":0,"enemies":"Centurion and Healer","floor":28,"turns":3},{"damage":29,"enemies":"Book of Stabbing","floor":29,"turns":5},{"damage":21,"enemies":"Slavers","floor":31,"turns":4},{"damage":27,"enemies":"Automaton","floor":33,"turns":6}],"seed_played":"-6105462323011772011","potions_obtained":[{"floor":1,"key":"EssenceOfSteel"},{"floor":3,"key":"GhostInAJar"},{"floor":12,"key":"Block Potion"},{"floor":16,"key":"Explosive Potion"},{"floor":18,"key":"AttackPotion"},{"floor":24,"key":"Swift Potion"},{"floor":29,"key":"SpeedPotion"}],"is_trial":false,"path_per_floor":["M","M","M","M","M","R","E","M","T","M","R","M","R","$","R","B",null,"M","M","M","?","?","R","E","$","T","M","M","E","R","E","R","B"],"character_chosen":"THE_SILENT","items_purchased":["Chemical X","Footwork+1"],"campfire_rested":2,"item_purchase_floors":[14,25],"current_hp_per_floor":[58,58,57,49,41,41,15,5,5,4,4,4,4,4,4,4,51,51,51,33,46,46,46,46,46,46,29,31,2,22,1,21,0],"gold":144,"neow_bonus":"RANDOM_COMMON_RELIC","is_prod":false,"is_daily":false,"chose_seed":false,"campfire_upgraded":5,"win_rate":0,"timestamp":1545881363,"path_taken":["M","?","?","M","M","R","E","M","T","M","R","M","R","$","R","BOSS","M","?","M","?","?","R","E","$","T","M","M","E","R","E","R","BOSS"],"build_version":"2018-12-20","purchased_purges":1,"victory":false,"max_hp_per_floor":[66,66,66,66,66,66,66,66,66,66,66,66,66,66,66,66,66,66,66,66,66,66,66,66,66,66,66,68,68,68,68,68,68],"card_choices":[{"not_picked":["Accuracy","All Out Attack"],"picked":"Poisoned Stab","floor":1},{"not_picked":["Flechettes","Finisher"],"picked":"Dagger Throw","floor":2},{"not_picked":["Poisoned Stab","Deadly Poison"],"picked":"Bouncing Flask","floor":3},{"not_picked":["Acrobatics","Calculated Gamble"],"picked":"Skewer","floor":4},{"not_picked":["Caltrops","Bane"],"picked":"A Thousand Cuts","floor":5},{"not_picked":["Acrobatics","Skewer"],"picked":"Well Laid Plans","floor":7},{"not_picked":["Underhanded Strike","Riddle With Holes"],"picked":"PiercingWail","floor":8},{"not_picked":["Bane","Flying Knee"],"picked":"Blade Dance","floor":10},{"not_picked":["Underhanded Strike","Dagger Throw","Expertise"],"picked":"SKIP","floor":12},{"not_picked":["Storm of Steel","Tools of the Trade+1"],"picked":"Corpse Explosion","floor":16},{"not_picked":["Prepared","Dagger Spray"],"picked":"Deflect","floor":18},{"not_picked":["Dodge and Roll","Dagger Spray","Dagger Throw"],"picked":"SKIP","floor":19},{"not_picked":["Deadly Poison","Dagger Throw","Flechettes"],"picked":"SKIP","floor":20},{"not_picked":["Concentrate+1","Flying Knee+1"],"picked":"Envenom+1","floor":24},{"not_picked":["Choke","Quick Slash"],"picked":"Calculated Gamble","floor":27},{"not_picked":["Heel Hook+1","Sucker Punch","Slice"],"picked":"Singing Bowl","floor":28},{"not_picked":["Backflip","Underhanded Strike"],"picked":"Noxious Fumes+1","floor":29},{"not_picked":["Infinite Blades+1","Glass Knife"],"picked":"Backstab","floor":31}],"player_experience":1740422,"relics_obtained":[{"floor":7,"key":"Frozen Egg 2"},{"floor":9,"key":"Ornamental Fan"},{"floor":17,"key":"Mummified Hand"},{"floor":17,"key":"Lantern"},{"floor":17,"key":"FossilizedHelix"},{"floor":24,"key":"Singing Bowl"},{"floor":26,"key":"Nunchaku"},{"floor":29,"key":"MawBank"},{"floor":31,"key":"Darkstone Periapt"}],"event_choices":[{"damage_healed":13,"gold_gain":0,"player_choice":"Heal","damage_taken":0,"max_hp_gain":0,"max_hp_loss":0,"event_name":"The Library","floor":21,"gold_loss":0},{"damage_healed":0,"gold_gain":0,"player_choice":"Forge","damage_taken":0,"max_hp_gain":0,"max_hp_loss":0,"event_name":"Accursed Blacksmith","floor":22,"gold_loss":0,"cards_upgraded":["Skewer"]}],"is_beta":false,"boss_relics":[{"not_picked":["Cursed Key","WristBlade"],"picked":"Calling Bell"}],"items_purged_floors":[25],"is_endless":false,"potions_floor_spawned":[1,3,12,16,18,24,29],"killed_by":"Automaton","ascension_level":20}