{"gold_per_floor":[110,110,110,110,35,35,65,65,65,75,106,106,140,155,155,230,230,250,650,685,685,695,695,710,745,745,725,742,742,13,31,31,105,105,125,125,138,238,251,279,279,309,391,423,7,24,24,73,73,73,73,73,73,8,42,42],"floor_reached":56,"playtime":4829,"items_purged":["Regret","Decay"],"score":2038,"play_id":"ba17dab9-e149-41d0-b7d0-89e7ea5eb2a7","local_time":"20190120194916","is_ascension_mode":true,"campfire_choices":[{"data":"Sword Boomerang","floor":6,"key":"SMITH"},{"data":"Pummel","floor":8,"key":"SMITH"},{"data":"Clothesline","floor":12,"key":"SMITH"},{"data":"Spot Weakness","floor":15,"key":"SMITH"},{"floor":23,"key":"REST"},{"floor":29,"key":"REST"},{"data":"Disarm","floor":32,"key":"SMITH"},{"floor":49,"key":"RECALL"},{"floor":53,"key":"REST"}],"neow_cost":"NONE","seed_source_timestamp":408369301278531,"circlet_count":0,"master_deck":["AscendersBane","Strike_R","Strike_R","Defend_R","Defend_R","Defend_R","Bash+1","Sword Boomerang+1","Pummel+1","Clothesline+1","Battle Trance","Spot Weakness+1","Shockwave","Immolate","Twin Strike+1","Wild Strike+1","Blood for Blood+1","Shrug It Off","Disarm+1","Anger","Burning Pact+1","Intimidate+1","True Grit+1","Finesse+1","Shrug It Off+1","Reaper","Shockwave+1","Shockwave+1","True Grit+1","Disarm+1","Evolve+1","Second Wind+1","Apotheosis+1","Spot Weakness+1","Carnage+1","True Grit+1","Power Through+1"],"relics":["Burning Blood","NeowsBlessing","Bronze Scales","Pocketwatch","Ginger","Mango","Bottled Lightning","Astrolabe","Old Coin","Dodecahedron","Red Mask","Boot","Toxic Egg 2","Bag of Marbles","MealTicket","Snecko Eye","Dead Branch","Kunai","Orichalcum","The Courier","PreservedInsect","Lantern","StoneCalendar","Unceasing Top"],"potions_floor_usage":[11,24,25,27,28,51,56,56],"damage_taken":[{"damage":0,"enemies":"Jaw Worm","floor":1,"turns":1},{"damage":0,"enemies":"Lagavulin","floor":7,"turns":1},{"damage":0,"enemies":"Small Slimes","floor":10,"turns":1},{"damage":8,"enemies":"Gremlin Nob","floor":11,"turns":3},{"damage":40,"enemies":"3 Sentries","floor":13,"turns":10},{"damage":0,"enemies":"Cultist","floor":14,"turns":3},{"damage":28,"enemies":"Slime Boss","floor":16,"turns":9},{"damage":19,"enemies":"2 Thieves","floor":18,"turns":3},{"damage":23,"enemies":"Colosseum Slavers","floor":19,"turns":2},{"damage":15,"enemies":"Colosseum Nobs","floor":19,"turns":3},{"damage":20,"enemies":"Masked Bandits","floor":20,"turns":3},{"damage":0,"enemies":"3 Byrds","floor":22,"turns":3},{"damage":21,"enemies":"Shelled Parasite and Fungi","floor":24,"turns":3},{"damage":38,"enemies":"Slavers","floor":25,"turns":4},{"damage":18,"enemies":"Cultist and Chosen","floor":28,"turns":5},{"damage":11,"enemies":"Sentry and Sphere","floor":31,"turns":6},{"damage":26,"enemies":"Champ","floor":33,"turns":12},{"damage":48,"enemies":"3 Darklings","floor":35,"turns":16},{"damage":36,"enemies":"3 Shapes","floor":37,"turns":4},{"damage":2,"enemies":"Mind Bloom Boss Battle","floor":38,"turns":9},{"damage":24,"enemies":"Spire Growth","floor":39,"turns":4},{"damage":18,"enemies":"Reptomancer","floor":40,"turns":4},{"damage":0,"enemies":"Nemesis","floor":42,"turns":3},{"damage":63,"enemies":"Giant Head","floor":44,"turns":7},{"damage":5,"enemies":"Sphere and 2 Shapes","floor":46,"turns":3},{"damage":28,"enemies":"2 Orb Walkers","floor":48,"turns":4},{"damage":57,"enemies":"Awakened One","floor":50,"turns":13},{"damage":21,"enemies":"Time Eater","floor":51,"turns":4},{"damage":33,"enemies":"Shield and Spear","floor":55,"turns":7},{"damage":80,"enemies":"The Heart","floor":56,"turns":6}],"seed_played":"-2405805654220257466","potions_obtained":[{"floor":1,"key":"Strength Potion"},{"floor":11,"key":"LiquidBronze"},{"floor":13,"key":"SkillPotion"},{"floor":24,"key":"Fruit Juice"},{"floor":25,"key":"BloodPotion"},{"floor":27,"key":"LiquidBronze"},{"floor":28,"key":"Fire Potion"},{"floor":42,"key":"Regen Potion"},{"floor":44,"key":"Dexterity Potion"},{"floor":46,"key":"PowerPotion"}],"is_trial":false,"path_per_floor":["M","?","?","?","$","R","E","R","T","M","E","R","E","M","R","B",null,"M","?","?","?","M","R","M","E","T","?","M","R","$","M","R","B",null,"M","?","M","?","M","E","?","E","T","E","$","M","$","?","R","B","B",null,"R","$","E","B"],"character_chosen":"IRONCLAD","items_purchased":["Bag of Marbles","Intimidate+1","True Grit+1","MealTicket","Finesse+1","PreservedInsect","Lantern","Apotheosis+1","Strength Potion","True Grit+1"],"campfire_rested":3,"item_purchase_floors":[30,30,30,30,30,45,45,45,54,54],"current_hp_per_floor":[74,74,74,74,74,74,75,75,75,75,87,87,53,59,59,37,76,63,37,23,23,29,55,40,8,8,13,10,38,38,33,33,13,74,94,94,94,94,76,76,76,88,88,31,46,47,62,64,64,38,23,73,89,89,62,0],"gold":42,"neow_bonus":"THREE_ENEMY_KILL","is_prod":false,"is_daily":false,"chose_seed":false,"campfire_upgraded":5,"win_rate":0,"timestamp":1548010156,"path_taken":["M","?","?","?","$","R","E","R","T","M","E","R","E","M","R","BOSS","M","?","?","?","?","R","M","E","T","?","M","R","$","?","R","BOSS","M","?","M","?","M","E","?","E","T","E","$","?","$","?","R","BOSS","BOSS","R","$","E","BOSS"],"build_version":"2019-01-17v2","purchased_purges":2,"victory":false,"max_hp_per_floor":[75,75,75,75,75,75,75,75,75,75,89,89,89,89,89,89,89,89,89,89,89,89,89,89,89,89,94,94,94,94,94,94,94,94,94,94,94,94,94,94,89,89,89,89,89,89,89,89,89,89,89,89,89,89,89,89],"card_choices":[{"not_picked":["Dual Wield","Iron Wave"],"picked":"Sword Boomerang","floor":1},{"not_picked":["Flame Barrier","Warcry"],"picked":"Pummel","floor":7},{"not_picked":["Heavy Blade","True Grit"],"picked":"Clothesline","floor":10},{"not_picked":["Rage","Twin Strike"],"picked":"Battle Trance","floor":11},{"not_picked":["Offering","Sentinel"],"picked":"Spot Weakness","floor":13},{"not_picked":["Heavy Blade","Pommel Strike"],"picked":"Shockwave","floor":14},{"not_picked":["Barricade","Double Tap"],"picked":"Immolate","floor":16},{"not_picked":["Twin Strike","Fire Breathing","Pommel Strike"],"picked":"SKIP","floor":18},{"not_picked":["Flex","Dropkick"],"picked":"Shrug It Off","floor":19},{"not_picked":["Clash","Perfected Strike"],"picked":"Disarm","floor":20},{"not_picked":["Armaments","Dropkick","Flex"],"picked":"SKIP","floor":22},{"not_picked":["Dark Embrace","Sword Boomerang"],"picked":"Anger","floor":24},{"not_picked":["Bludgeon","Carnage","Entrench"],"picked":"SKIP","floor":25},{"not_picked":["Iron Wave","Cleave"],"picked":"Burning Pact+1","floor":28},{"not_picked":["Sever Soul","Armaments+1"],"picked":"Shrug It Off+1","floor":31},{"not_picked":["Barricade","Demon Form"],"picked":"Reaper","floor":33},{"not_picked":["Anger+1","Wild Strike+1","Warcry+1"],"picked":"SKIP","floor":35},{"not_picked":["Carnage+1","Flex+1"],"picked":"Shockwave+1","floor":37},{"not_picked":["Pommel Strike","Reckless Charge"],"picked":"Shockwave+1","floor":38},{"not_picked":["Battle Trance+1","Cleave+1"],"picked":"True Grit+1","floor":39},{"not_picked":["Headbutt+1","Demon Form"],"picked":"Disarm+1","floor":40},{"not_picked":["Intimidate+1","Rupture"],"picked":"Evolve+1","floor":42},{"not_picked":["Headbutt","Pummel"],"picked":"Second Wind+1","floor":44},{"not_picked":["Perfected Strike","Whirlwind"],"picked":"Spot Weakness+1","floor":46},{"not_picked":["Battle Trance+1","Anger"],"picked":"Carnage+1","floor":48},{"not_picked":["Hemokinesis+1","Blood for Blood+1"],"picked":"Power Through+1","floor":55}],"player_experience":1798789,"relics_obtained":[{"floor":7,"key":"Pocketwatch"},{"floor":9,"key":"Ginger"},{"floor":11,"key":"Mango"},{"floor":13,"key":"Bottled Lightning"},{"floor":19,"key":"Old Coin"},{"floor":19,"key":"Dodecahedron"},{"floor":20,"key":"Red Mask"},{"floor":25,"key":"Boot"},{"floor":26,"key":"Toxic Egg 2"},{"floor":38,"key":"Dead Branch"},{"floor":40,"key":"Kunai"},{"floor":42,"key":"Orichalcum"},{"floor":44,"key":"The Courier"},{"floor":48,"key":"StoneCalendar"},{"floor":55,"key":"Unceasing Top"}],"event_choices":[{"damage_healed":0,"gold_gain":0,"player_choice":"Grow","damage_taken":0,"max_hp_gain":0,"max_hp_loss":0,"event_name":"Living Wall","floor":2,"gold_loss":0,"cards_upgraded":["Bash"]},{"damage_healed":0,"gold_gain":0,"player_choice":"Box","damage_taken":0,"relics_obtained":["Bronze Scales"],"max_hp_gain":0,"max_hp_loss":0,"event_name":"Big Fish","floor":3,"gold_loss":0,"cards_obtained":["Regret"]},{"damage_healed":0,"gold_gain":0,"player_choice":"0 cards matched","damage_taken":0,"max_hp_gain":0,"max_hp_loss":0,"event_name":"Match and Keep!","floor":4,"gold_loss":0,"cards_obtained":[]},{"damage_healed":0,"gold_gain":0,"player_choice":"Fight","damage_taken":0,"max_hp_gain":0,"max_hp_loss":0,"event_name":"Colosseum","floor":19,"gold_loss":0},{"damage_healed":0,"gold_gain":0,"player_choice":"Fought Nobs","damage_taken":0,"max_hp_gain":0,"max_hp_loss":0,"event_name":"Colosseum","floor":19,"gold_loss":0},{"damage_healed":0,"gold_gain":0,"player_choice":"Fought Bandits","damage_taken":0,"max_hp_gain":0,"max_hp_loss":0,"event_name":"Masked Bandits","floor":20,"gold_loss":0},{"damage_healed":0,"gold_gain":0,"player_choice":"Smashed Altar","damage_taken":0,"max_hp_gain":0,"max_hp_loss":0,"event_name":"Forgotten Altar","floor":21,"gold_loss":0,"cards_obtained":["Decay"]},{"damage_healed":0,"gold_gain":0,"player_choice":"Bought 1 Potion","damage_taken":0,"max_hp_gain":0,"max_hp_loss":0,"event_name":"The Woman in Blue","floor":27,"gold_loss":0},{"cards_removed":["Defend_R"],"damage_healed":0,"gold_gain":0,"player_choice":"Removed Skill","damage_taken":0,"max_hp_gain":0,"max_hp_loss":0,"event_name":"Falling","floor":36,"gold_loss":0},{"damage_healed":0,"gold_gain":0,"player_choice":"Fight","damage_taken":0,"max_hp_gain":0,"max_hp_loss":0,"event_name":"MindBloom","floor":38,"gold_loss":0},{"damage_healed":0,"gold_gain":0,"player_choice":"Max HP","damage_taken":0,"max_hp_gain":0,"max_hp_loss":5,"event_name":"Winding Halls","floor":41,"gold_loss":0},{"damage_healed":0,"gold_gain":0,"player_choice":"Fight","damage_taken":0,"max_hp_gain":0,"max_hp_loss":0,"event_name":"Mysterious Sphere","floor":48,"gold_loss":0}],"is_beta":false,"boss_relics":[{"not_picked":["Lizard Tail","Busted Crown"],"picked":"Astrolabe"},{"not_picked":["Empty Cage","White Beast Statue"],"picked":"Snecko Eye"}],"items_purged_floors":[5,30],"is_endless":false,"potions_floor_spawned":[1,11,13,18,19,24,25,28,31,37,42,44,46],"killed_by":"The Heart","ascension_level":20}