{"gold_per_floor":[111,126,126,138,158,190,190,221,221,249,249,263,263,335,335,335],"floor_reached":16,"playtime":754,"items_purged":[],"score":210,"play_id":"0c2d46ba-c9b6-4524-9eee-61c5854afefa","local_time":"20180923220022","is_ascension_mode":true,"campfire_choices":[{"floor":7,"key":"REST"},{"data":"Glass Knife","floor":11,"key":"SMITH"},{"data":"Sucker Punch","floor":13,"key":"SMITH"},{"floor":15,"key":"REST"}],"neow_cost":"TEN_PERCENT_HP_LOSS","seed_source_timestamp":348172905969934,"circlet_count":0,"master_deck":["Defend_G","Defend_G","Defend_G","Defend_G","Defend_G","Strike_G","Strike_G","Strike_G","Strike_G","Strike_G","Survivor","Neutralize","AscendersBane","Cloak And Dagger","Sucker Punch+1","Dagger Spray","Glass Knife+1","Noxious Fumes","PiercingWail","Cloak And Dagger"],"relics":["Ring of the Snake","Ice Cream","Bag of Marbles","Lantern","Paper Crane","The Specimen"],"potions_floor_usage":[6,16,16],"damage_taken":[{"damage":6,"enemies":"Jaw Worm","floor":1,"turns":5},{"damage":0,"enemies":"Small Slimes","floor":2,"turns":4},{"damage":0,"enemies":"Cultist","floor":4,"turns":5},{"damage":7,"enemies":"3 Louse","floor":5,"turns":2},{"damage":25,"enemies":"Lagavulin","floor":6,"turns":8},{"damage":17,"enemies":"Gremlin Nob","floor":8,"turns":5},{"damage":8,"enemies":"Lagavulin","floor":10,"turns":8},{"damage":0,"enemies":"2 Fungi Beasts","floor":12,"turns":2},{"damage":45,"enemies":"Slime Boss","floor":16,"turns":8}],"seed_played":"1099824531392341142","potions_obtained":[{"floor":4,"key":"Block Potion"},{"floor":5,"key":"Poison Potion"},{"floor":8,"key":"AttackPotion"},{"floor":12,"key":"Regen Potion"}],"is_trial":false,"path_per_floor":["M","M","?","M","M","E","R","E","T","E","R","M","R","?","R"],"character_chosen":"THE_SILENT","items_purchased":[],"campfire_rested":2,"item_purchase_floors":[],"current_hp_per_floor":[53,53,53,53,46,21,39,22,22,14,14,14,14,14,32,0],"gold":335,"neow_bonus":"ONE_RARE_RELIC","is_prod":false,"is_daily":false,"chose_seed":false,"campfire_upgraded":2,"win_rate":0,"timestamp":1537732822,"path_taken":["M","M","?","M","M","E","R","E","T","E","R","?","R","?","R","BOSS"],"build_version":"2018-09-20","purchased_purges":0,"victory":false,"max_hp_per_floor":[60,60,60,60,60,60,60,60,60,60,60,60,60,60,60,60],"card_choices":[{"not_picked":["Deadly Poison","Caltrops"],"picked":"Cloak And Dagger","floor":1},{"not_picked":["Backflip","Poisoned Stab"],"picked":"Sucker Punch","floor":2},{"not_picked":["Bane","Backflip"],"picked":"Dagger Spray","floor":4},{"not_picked":["Flechettes","Leg Sweep"],"picked":"Glass Knife","floor":5},{"not_picked":["Heel Hook","Flying Knee"],"picked":"Noxious Fumes","floor":6},{"not_picked":["Poisoned Stab","Sucker Punch"],"picked":"PiercingWail","floor":8},{"not_picked":["Outmaneuver","Dagger Throw"],"picked":"Cloak And Dagger","floor":10},{"not_picked":["Bouncing Flask","Deflect","Prepared"],"picked":"SKIP","floor":12}],"player_experience":1218044,"relics_obtained":[{"floor":6,"key":"Bag of Marbles"},{"floor":8,"key":"Lantern"},{"floor":9,"key":"Paper Crane"},{"floor":10,"key":"The Specimen"}],"event_choices":[{"event_name":"Liars Game","player_choice":"disagreed","floor":3,"damage_taken":0},{"event_name":"Golden Wing","player_choice":"Gained Gold","floor":14,"damage_taken":0}],"is_beta":false,"boss_relics":[],"items_purged_floors":[],"is_endless":false,"potions_floor_spawned":[4,5,8,12],"killed_by":"Slime Boss","ascension_level":15}