{"gold_per_floor":[119,132,143,161,173,173,207,207,288,288,319,334,365,365,365,466,466,478,491,504,515,531,531,565,565,618,618,122,157,167,167,167,267,267,286,336,162,162,55,55,71,104,104,137,149,48,83,83,83,83],"floor_reached":51,"playtime":3607,"items_purged":["Strike_B","Defend_B"],"score":1083,"play_id":"212459e9-fde7-43a7-b889-22b6cb481491","local_time":"20190206235304","is_ascension_mode":true,"campfire_choices":[{"data":"Echo Form","floor":6,"key":"SMITH"},{"floor":8,"key":"REST"},{"data":"Zap","floor":10,"key":"SMITH"},{"floor":15,"key":"REST"},{"floor":23,"key":"REST"},{"data":"Hologram","floor":25,"key":"SMITH"},{"data":"Meteor Strike","floor":27,"key":"SMITH"},{"data":"Defragment","floor":32,"key":"SMITH"},{"data":"Defragment","floor":40,"key":"SMITH"},{"floor":49,"key":"RECALL"}],"neow_cost":"NONE","seed_source_timestamp":85862184994000,"circlet_count":0,"master_deck":["Defend_B+1","Defend_B+1","Zap+1","Dualcast+1","Streamline+1","Gash+1","Echo Form+1","Hologram+1","Glacier+1","Cold Snap+1","Storm+1","Coolheaded+1","Ball Lightning+1","Electrodynamics+1","Skim+1","Fusion+1","Machine Learning+1","BootSequence+1","Meteor Strike+1","Sunder+1","Defragment+1","Meteor Strike+1","Doom and Gloom+1","Defragment+1","Lockon+1","Heatsinks+1","Capacitor+1","Conserve Battery+1","Heatsinks+1"],"relics":["Cracked Core","Blood Vial","Bottled Lightning","Bird Faced Urn","Anchor","Snecko Eye","Lantern","Juzu Bracelet","Strawberry","PreservedInsect","Boot","Empty Cage","Du-Vu Doll","Mummified Hand","Shuriken","Gambling Chip","Regal Pillow","Molten Egg 2","Mark of the Bloom"],"potions_floor_usage":[13,13,13,24,33],"damage_taken":[{"damage":5,"enemies":"Small Slimes","floor":1,"turns":4},{"damage":1,"enemies":"Cultist","floor":2,"turns":3},{"damage":7,"enemies":"2 Louse","floor":3,"turns":3},{"damage":8,"enemies":"2 Fungi Beasts","floor":4,"turns":4},{"damage":22,"enemies":"3 Louse","floor":5,"turns":4},{"damage":20,"enemies":"3 Sentries","floor":7,"turns":9},{"damage":1,"enemies":"Lagavulin","floor":11,"turns":8},{"damage":31,"enemies":"Exordium Thugs","floor":12,"turns":5},{"damage":7,"enemies":"Gremlin Nob","floor":13,"turns":4},{"damage":27,"enemies":"Hexaghost","floor":16,"turns":10},{"damage":0,"enemies":"Chosen","floor":18,"turns":4},{"damage":8,"enemies":"3 Byrds","floor":19,"turns":3},{"damage":12,"enemies":"Snecko","floor":20,"turns":5},{"damage":23,"enemies":"Sentry and Sphere","floor":21,"turns":5},{"damage":32,"enemies":"Snake Plant","floor":22,"turns":4},{"damage":27,"enemies":"Gremlin Leader","floor":24,"turns":7},{"damage":14,"enemies":"Slavers","floor":29,"turns":2},{"damage":0,"enemies":"Snecko","floor":30,"turns":3},{"damage":0,"enemies":"Champ","floor":33,"turns":7},{"damage":0,"enemies":"Orb Walker","floor":35,"turns":2},{"damage":44,"enemies":"2 Orb Walkers","floor":36,"turns":4},{"damage":3,"enemies":"3 Darklings","floor":41,"turns":3},{"damage":0,"enemies":"Reptomancer","floor":42,"turns":3},{"damage":0,"enemies":"Giant Head","floor":44,"turns":4},{"damage":1,"enemies":"Sphere and 2 Shapes","floor":45,"turns":3},{"damage":0,"enemies":"Nemesis","floor":47,"turns":3},{"damage":0,"enemies":"Donu and Deca","floor":50,"turns":3}],"seed_played":"504686105370868804","potions_obtained":[{"floor":1,"key":"Strength Potion"},{"floor":4,"key":"Dexterity Potion"},{"floor":5,"key":"SteroidPotion"},{"floor":19,"key":"Regen Potion"},{"floor":24,"key":"Energy Potion"},{"floor":29,"key":"Strength Potion"},{"floor":33,"key":"Poison Potion"}],"is_trial":false,"path_per_floor":["M","M","M","M","M","R","E","R","T","R","E","M","E","?","R","B",null,"M","M","M","M","M","R","E","R","T","R","$","E","M","?","R","B",null,"M","?","$","?","?","R","M","E","T","E","M","$","E","?","R","B",null],"character_chosen":"DEFECT","items_purchased":["Sunder","Strawberry","PreservedInsect","Fire Potion","Defragment","Capacitor","Conserve Battery"],"campfire_rested":3,"item_purchase_floors":[28,28,28,28,37,46,46],"current_hp_per_floor":[77,76,69,61,39,39,19,43,43,43,44,17,12,12,36,15,82,82,78,74,60,38,62,64,64,64,64,71,63,73,56,56,68,94,94,50,50,50,50,50,57,73,73,87,93,93,94,94,94,94],"gold":83,"neow_bonus":"TEN_PERCENT_HP_BONUS","is_prod":false,"is_daily":false,"chose_seed":false,"campfire_upgraded":6,"win_rate":0,"timestamp":1549515184,"path_taken":["M","M","M","M","M","R","E","R","T","R","E","M","E","?","R","BOSS","M","M","M","M","?","R","E","R","T","R","$","E","M","?","R","BOSS","M","?","$","?","?","R","M","E","T","E","M","$","E","?","R","BOSS"],"build_version":"2019-01-23","purchased_purges":2,"victory":true,"max_hp_per_floor":[82,82,82,82,82,82,82,82,82,82,82,82,82,82,82,82,82,82,82,82,82,82,82,82,82,82,82,89,89,89,94,94,94,94,94,94,94,94,94,94,94,94,94,94,94,94,94,94,94,94],"card_choices":[{"not_picked":["Melter","Beam Cell"],"picked":"Streamline","floor":1},{"not_picked":["Defragment","Coolheaded"],"picked":"Gash","floor":2},{"not_picked":["Rebound","Capacitor"],"picked":"Echo Form","floor":3},{"not_picked":["Sweeping Beam","Compile Driver"],"picked":"Hologram","floor":4},{"not_picked":["Leap","Ball Lightning"],"picked":"Glacier","floor":5},{"not_picked":["Reprogram","Hyperbeam"],"picked":"Cold Snap","floor":7},{"not_picked":["Beam Cell","Ball Lightning"],"picked":"Storm","floor":11},{"not_picked":["Sweeping Beam","Hyperbeam"],"picked":"Coolheaded","floor":12},{"not_picked":["Static Discharge","Beam Cell"],"picked":"Ball Lightning","floor":13},{"not_picked":["Buffer","Echo Form"],"picked":"Electrodynamics","floor":16},{"not_picked":["Chill+1","Beam Cell"],"picked":"Skim","floor":18},{"not_picked":["Go for the Eyes","Cold Snap"],"picked":"Fusion","floor":19},{"not_picked":["Beam Cell","Cold Snap"],"picked":"Machine Learning","floor":20},{"not_picked":["Compile Driver","Melter+1","Lockon"],"picked":"SKIP","floor":21},{"not_picked":["Go for the Eyes","Redo"],"picked":"BootSequence+1","floor":22},{"not_picked":["Blizzard","Redo"],"picked":"Meteor Strike","floor":24},{"not_picked":["Reinforced Body","Compile Driver","Recycle+1"],"picked":"SKIP","floor":29},{"not_picked":["Blizzard","Stack"],"picked":"Defragment","floor":30},{"not_picked":["Multi-Cast","Echo Form"],"picked":"Meteor Strike","floor":33},{"not_picked":["Storm","Stack"],"picked":"Doom and Gloom","floor":35},{"not_picked":["Sweeping Beam","Compile Driver+1","Aggregate"],"picked":"SKIP","floor":41},{"not_picked":["Blizzard+1","Conserve Battery"],"picked":"Lockon","floor":42},{"not_picked":["Reprogram","Consume","FTL"],"picked":"SKIP","floor":44},{"not_picked":["Conserve Battery+1","Melter"],"picked":"Heatsinks","floor":45},{"not_picked":["Ball Lightning","Compile Driver"],"picked":"Heatsinks+1","floor":47}],"player_experience":158882,"relics_obtained":[{"floor":7,"key":"Blood Vial"},{"floor":9,"key":"Bottled Lightning"},{"floor":11,"key":"Bird Faced Urn"},{"floor":13,"key":"Anchor"},{"floor":24,"key":"Lantern"},{"floor":26,"key":"Juzu Bracelet"},{"floor":29,"key":"Boot"},{"floor":36,"key":"Du-Vu Doll"},{"floor":42,"key":"Shuriken"},{"floor":43,"key":"Gambling Chip"},{"floor":44,"key":"Regal Pillow"},{"floor":47,"key":"Molten Egg 2"}],"event_choices":[{"cards_removed":["Strike_B"],"damage_healed":0,"gold_gain":0,"player_choice":"Purged","damage_taken":0,"max_hp_gain":0,"max_hp_loss":0,"event_name":"Purifier","floor":14,"gold_loss":0},{"damage_healed":0,"gold_gain":0,"player_choice":"Shed Blood","damage_taken":22,"max_hp_gain":5,"max_hp_loss":0,"event_name":"Forgotten Altar","floor":31,"gold_loss":0},{"damage_healed":0,"gold_gain":0,"player_choice":"Fight","damage_taken":0,"max_hp_gain":0,"max_hp_loss":0,"event_name":"Mysterious Sphere","floor":36,"gold_loss":0},{"cards_removed":["Defend_B"],"damage_healed":0,"gold_gain":0,"player_choice":"Removed Skill","damage_taken":0,"max_hp_gain":0,"max_hp_loss":0,"event_name":"Falling","floor":38,"gold_loss":0},{"damage_healed":0,"gold_gain":0,"player_choice":"Paid Gold","damage_taken":0,"relics_obtained":["Mummified Hand"],"max_hp_gain":0,"max_hp_loss":0,"event_name":"WeMeetAgain","floor":39,"gold_loss":107},{"damage_healed":0,"gold_gain":0,"player_choice":"Upgrade","damage_taken":0,"relics_obtained":["Mark of the Bloom"],"max_hp_gain":0,"max_hp_loss":0,"event_name":"MindBloom","floor":48,"gold_loss":0,"cards_upgraded":["Defend_B","Defend_B","Dualcast","Streamline","Gash","Glacier","Cold Snap","Storm","Coolheaded","Ball Lightning","Electrodynamics","Skim","Fusion","Machine Learning","Sunder","Meteor Strike","Doom and Gloom","Lockon","Heatsinks","Capacitor","Conserve Battery"]}],"is_beta":false,"boss_relics":[{"not_picked":["Eternal Feather","Tiny House"],"picked":"Snecko Eye"},{"not_picked":["Sozu","Busted Crown"],"picked":"Empty Cage"}],"items_purged_floors":[28,37],"is_endless":false,"potions_floor_spawned":[1,4,5,11,19,24,29,30,33,41,44,45],"ascension_level":3}