{"gold_per_floor":[110,60,78,78,96,96,126,126,126,151,151,163,163,177,177,277,277,287,299,312,194,194,194,223,242,242,5,5,5,5],"floor_reached":30,"playtime":2063,"items_purged":["Strike_B","Strike_B+1"],"score":374,"play_id":"e1e1515e-aaca-40b8-a8f4-607ce0defa03","local_time":"20190304000355","is_ascension_mode":true,"campfire_choices":[{"data":"Zap","floor":6,"key":"SMITH"},{"floor":13,"key":"REST"},{"data":"Zap","floor":15,"key":"SMITH"},{"floor":23,"key":"REST"},{"floor":28,"key":"REST"}],"neow_cost":"TEN_PERCENT_HP_LOSS","seed_source_timestamp":194167455596563,"circlet_count":0,"master_deck":["Defend_B+1","Defend_B+1","Defend_B+1","Defend_B+1","Zap+1","Dualcast","Undo","Turbo","Ball Lightning","Streamline","Panacea","Zap+1","Turbo","Go for the Eyes","Echo Form","Leap","Coolheaded","Recycle+1","Doom and Gloom","All For One","Capacitor+1"],"relics":["Cracked Core","Dead Branch","Juzu Bracelet","Ornamental Fan","The Courier","Emotion Chip","Fusion Hammer","Singing Bowl","Ginger","OrangePellets","Peace Pipe"],"potions_floor_usage":[16,24,24,24,24,24,24,25,25,30],"damage_taken":[{"damage":2,"enemies":"Jaw Worm","floor":1,"turns":3},{"damage":1,"enemies":"Cultist","floor":3,"turns":4},{"damage":5,"enemies":"Small Slimes","floor":5,"turns":5},{"damage":10,"enemies":"3 Sentries","floor":7,"turns":7},{"damage":15,"enemies":"Lagavulin","floor":10,"turns":6},{"damage":9,"enemies":"Red Slaver","floor":12,"turns":2},{"damage":3,"enemies":"Blue Slaver","floor":14,"turns":3},{"damage":9,"enemies":"Slime Boss","floor":16,"turns":11},{"damage":3,"enemies":"Chosen","floor":18,"turns":3},{"damage":0,"enemies":"Shell Parasite","floor":19,"turns":4},{"damage":15,"enemies":"Sentry and Sphere","floor":20,"turns":6},{"damage":51,"enemies":"Slavers","floor":24,"turns":5},{"damage":8,"enemies":"3 Cultists","floor":25,"turns":4},{"damage":40,"enemies":"Book of Stabbing","floor":30,"turns":5}],"seed_played":"-1026044886976035938","potions_obtained":[{"floor":1,"key":"Strength Potion"},{"floor":7,"key":"Swift Potion"},{"floor":14,"key":"EntropicBrew"},{"floor":18,"key":"Dexterity Potion"},{"floor":24,"key":"SteroidPotion"},{"floor":25,"key":"Block Potion"}],"is_trial":false,"path_per_floor":["M","?","M","?","M","R","E","?","T","E","?","M","R","M","R","B",null,"M","M","M","$","?","R","E","M","T","$","R","?","E"],"character_chosen":"DEFECT","items_purchased":["Doom and Gloom","OrangePellets"],"campfire_rested":3,"item_purchase_floors":[21,27],"current_hp_per_floor":[66,66,65,65,60,60,50,38,38,23,23,14,34,31,31,22,57,54,54,39,39,39,59,8,12,12,12,32,32,0],"gold":5,"neow_bonus":"ONE_RARE_RELIC","is_prod":false,"is_daily":false,"chose_seed":false,"campfire_upgraded":2,"win_rate":0,"timestamp":1551675835,"path_taken":["M","?","M","?","M","R","E","?","T","E","?","M","R","M","R","BOSS","M","M","M","$","?","R","E","M","T","$","R","?","E"],"build_version":"2019-01-23","purchased_purges":2,"victory":false,"max_hp_per_floor":[68,68,68,68,68,68,68,68,68,68,68,68,68,68,68,68,68,68,68,68,68,68,68,68,68,68,68,68,68,68],"card_choices":[{"not_picked":["Fusion","Stack"],"picked":"Undo","floor":1},{"not_picked":["Gash","Barrage"],"picked":"Turbo","floor":3},{"not_picked":["Hologram","Darkness"],"picked":"Ball Lightning","floor":5},{"not_picked":["Reboot","Aggregate","Gash"],"picked":"SKIP","floor":7},{"not_picked":["Steam","Consume"],"picked":"Streamline","floor":10},{"not_picked":["Storm","Beam Cell"],"picked":"Turbo","floor":12},{"not_picked":["Heatsinks","Blizzard"],"picked":"Go for the Eyes","floor":14},{"not_picked":["Buffer","Machine Learning"],"picked":"Echo Form","floor":16},{"not_picked":["Streamline","Steam"],"picked":"Leap","floor":18},{"not_picked":["Darkness","Storm"],"picked":"Coolheaded","floor":19},{"not_picked":["Lockon","Ball Lightning"],"picked":"Recycle+1","floor":20},{"not_picked":["Stack+1","Self Repair+1"],"picked":"All For One","floor":24},{"not_picked":["Fusion","Aggregate"],"picked":"Capacitor+1","floor":25}],"player_experience":1706571,"relics_obtained":[{"floor":7,"key":"Juzu Bracelet"},{"floor":9,"key":"The Courier"},{"floor":10,"key":"Emotion Chip"},{"floor":24,"key":"Singing Bowl"},{"floor":26,"key":"Ginger"}],"event_choices":[{"cards_removed":["Strike_B"],"damage_healed":0,"gold_gain":0,"player_choice":"Card Removal","damage_taken":0,"max_hp_gain":0,"max_hp_loss":0,"event_name":"The Cleric","floor":2,"gold_loss":50},{"cards_removed":["Strike_B"],"damage_healed":0,"gold_gain":0,"player_choice":"Offered Basic","damage_taken":0,"max_hp_gain":0,"max_hp_loss":0,"event_name":"Bonfire Elementals","floor":4,"gold_loss":0},{"damage_healed":0,"gold_gain":0,"player_choice":"Success","damage_taken":12,"relics_obtained":["Ornamental Fan"],"max_hp_gain":0,"max_hp_loss":0,"event_name":"Scrap Ooze","floor":8,"gold_loss":0},{"damage_healed":0,"gold_gain":0,"player_choice":"2 cards matched","damage_taken":0,"max_hp_gain":0,"max_hp_loss":0,"event_name":"Match and Keep!","floor":11,"gold_loss":0,"cards_obtained":["Panacea","Zap"]},{"damage_healed":0,"gold_gain":0,"player_choice":"Simplicity","damage_taken":0,"max_hp_gain":0,"max_hp_loss":0,"event_name":"Back to Basics","floor":22,"gold_loss":0,"cards_upgraded":["Strike_B","Defend_B","Defend_B","Defend_B","Defend_B"]},{"damage_healed":0,"gold_gain":0,"player_choice":"Gave Potion","damage_taken":0,"relics_obtained":["Peace Pipe"],"max_hp_gain":0,"max_hp_loss":0,"event_name":"WeMeetAgain","floor":29,"gold_loss":0}],"is_beta":false,"boss_relics":[{"not_picked":["Philosopher\u0027s Stone","Empty Cage"],"picked":"Fusion Hammer"}],"items_purged_floors":[21,27],"is_endless":false,"potions_floor_spawned":[1,7,14,18,24,25],"killed_by":"Book of Stabbing","ascension_level":9}