{"gold_per_floor":[13,13,31,51,62,62,82,94,162,188,188,221,233,271,283,295],"floor_reached":16,"playtime":709,"items_purged":[],"score":244,"play_id":"b7ba26cc-4143-4e16-b920-d714406577e2","local_time":"20190204204752","is_ascension_mode":true,"campfire_choices":[{"data":"Skewer","floor":6,"key":"SMITH"},{"floor":11,"key":"REST"},{"data":"Deadly Poison","floor":13,"key":"SMITH"},{"floor":15,"key":"REST"}],"neow_cost":"NO_GOLD","seed_source_timestamp":1712228794514048,"circlet_count":0,"master_deck":["AscendersBane","Defend_G","Defend_G","Defend_G","Defend_G","Defend_G","Strike_G","Strike_G","Strike_G","Strike_G","Strike_G","Survivor","Neutralize","Backstab","Skewer+1","Calculated Gamble","Deadly Poison+1","Bouncing Flask","Bouncing Flask"],"relics":["Ring of the Snake","Paper Crane","Matryoshka","Ice Cream","MawBank","Art of War"],"potions_floor_usage":[10,12],"damage_taken":[{"damage":0,"enemies":"2 Louse","floor":1,"turns":3},{"damage":6,"enemies":"Cultist","floor":3,"turns":4},{"damage":2,"enemies":"Small Slimes","floor":4,"turns":4},{"damage":0,"enemies":"2 Fungi Beasts","floor":5,"turns":3},{"damage":0,"enemies":"Lots of Slimes","floor":7,"turns":6},{"damage":20,"enemies":"Gremlin Gang","floor":8,"turns":3},{"damage":13,"enemies":"Lagavulin","floor":10,"turns":10},{"damage":16,"enemies":"3 Sentries","floor":12,"turns":9},{"damage":17,"enemies":"Lagavulin","floor":14,"turns":5},{"damage":27,"enemies":"The Guardian","floor":16,"turns":7}],"seed_played":"1898089247163036607","potions_obtained":[{"floor":4,"key":"EssenceOfSteel"},{"floor":8,"key":"SpeedPotion"},{"floor":10,"key":"Ancient Potion"}],"is_trial":false,"path_per_floor":["M","?","M","M","M","R","M","M","T","E","R","E","R","E","R","B"],"character_chosen":"THE_SILENT","items_purchased":[],"campfire_rested":2,"item_purchase_floors":[],"current_hp_per_floor":[59,59,53,51,51,51,51,31,31,18,37,21,21,4,23,0],"gold":295,"neow_bonus":"THREE_RARE_CARDS","is_prod":false,"is_daily":false,"chose_seed":false,"campfire_upgraded":2,"win_rate":0,"timestamp":1549309672,"path_taken":["M","?","M","M","M","R","M","?","T","E","R","E","R","E","R","BOSS"],"build_version":"2019-01-23","purchased_purges":0,"victory":false,"max_hp_per_floor":[66,66,66,66,66,66,66,66,66,66,66,66,66,66,66,66],"card_choices":[{"not_picked":["Storm of Steel","Die Die Die"],"picked":"Corpse Explosion","floor":0},{"not_picked":["Slice","Escape Plan"],"picked":"Backstab","floor":1},{"not_picked":["Prepared","Terror"],"picked":"Skewer","floor":3},{"not_picked":["Outmaneuver","Dagger Throw","Cloak And Dagger"],"picked":"SKIP","floor":4},{"not_picked":["Cloak And Dagger","Deflect","Poisoned Stab"],"picked":"SKIP","floor":5},{"not_picked":["Bane","Dagger Spray"],"picked":"Calculated Gamble","floor":7},{"not_picked":["Blade Dance","Infinite Blades"],"picked":"Deadly Poison","floor":8},{"not_picked":["Heel Hook","Quick Slash"],"picked":"Bouncing Flask","floor":10},{"not_picked":["Calculated Gamble","Flying Knee"],"picked":"Bouncing Flask","floor":12},{"not_picked":["Choke","Bane","Storm of Steel"],"picked":"SKIP","floor":14}],"player_experience":1862921,"relics_obtained":[{"floor":9,"key":"Matryoshka"},{"floor":10,"key":"Ice Cream"},{"floor":12,"key":"MawBank"},{"floor":14,"key":"Art of War"}],"event_choices":[{"cards_removed":["Corpse Explosion"],"damage_healed":0,"gold_gain":0,"player_choice":"Gave Card","damage_taken":0,"relics_obtained":["Paper Crane"],"max_hp_gain":0,"max_hp_loss":0,"event_name":"WeMeetAgain","floor":2,"gold_loss":0}],"is_beta":false,"boss_relics":[],"items_purged_floors":[],"is_endless":false,"potions_floor_spawned":[4,8,10],"killed_by":"The Guardian","ascension_level":20}