{"gold_per_floor":[113,127,146,157,171,171,196,196,221,235,261,276,276],"floor_reached":13,"playtime":537,"items_purged":[],"score":134,"play_id":"2cea2f9f-e977-4ff8-896b-4e2dd37561f2","local_time":"20190225231729","is_ascension_mode":true,"campfire_choices":[{"data":"Ball Lightning","floor":6,"key":"SMITH"},{"data":"Hyperbeam","floor":8,"key":"SMITH"}],"neow_cost":"NONE","seed_source_timestamp":1024199654046600,"circlet_count":0,"master_deck":["Strike_B","Strike_B","Strike_B","Strike_B","Defend_B","Defend_B","Defend_B","Defend_B","Zap","Dualcast","Amplify","Static Discharge","Ball Lightning+1","Sunder","Undo","Machine Learning","Hyperbeam+1","Chill","Loop"],"relics":["Cracked Core","Potion Belt","Anchor","Orichalcum"],"potions_floor_usage":[7,11],"damage_taken":[{"damage":0,"enemies":"2 Louse","floor":1,"turns":3},{"damage":10,"enemies":"Small Slimes","floor":2,"turns":3},{"damage":7,"enemies":"Jaw Worm","floor":3,"turns":3},{"damage":11,"enemies":"2 Fungi Beasts","floor":4,"turns":3},{"damage":5,"enemies":"Red Slaver","floor":5,"turns":3},{"damage":5,"enemies":"Lagavulin","floor":7,"turns":7},{"damage":0,"enemies":"Gremlin Gang","floor":10,"turns":1},{"damage":5,"enemies":"Gremlin Nob","floor":11,"turns":3},{"damage":0,"enemies":"Looter","floor":12,"turns":2}],"seed_played":"8073985225202532405","potions_obtained":[{"floor":2,"key":"AttackPotion"},{"floor":4,"key":"Weak Potion"},{"floor":11,"key":"PowerPotion"}],"is_trial":false,"path_per_floor":["M","M","M","M","M","R","E","R","T","M","E","M","?"],"character_chosen":"DEFECT","items_purchased":[],"campfire_rested":0,"item_purchase_floors":[],"current_hp_per_floor":[68,58,51,40,35,35,30,30,30,30,25,25,0],"gold":276,"neow_bonus":"ONE_RANDOM_RARE_CARD","is_prod":false,"is_daily":false,"chose_seed":false,"campfire_upgraded":2,"win_rate":0,"timestamp":1551154649,"path_taken":["M","M","M","M","M","R","E","R","T","M","E","M","?"],"build_version":"2019-01-23","purchased_purges":0,"victory":false,"max_hp_per_floor":[75,75,75,75,75,75,75,75,75,75,75,75,75],"card_choices":[{"not_picked":["Go for the Eyes","Hologram"],"picked":"Static Discharge","floor":1},{"not_picked":["Hologram","Force Field"],"picked":"Ball Lightning","floor":2},{"not_picked":["Skim","Sweeping Beam"],"picked":"Sunder","floor":3},{"not_picked":["Melter","Tempest"],"picked":"Undo","floor":4},{"not_picked":["Lockon","Turbo"],"picked":"Machine Learning","floor":5},{"not_picked":["Streamline","Leap"],"picked":"Hyperbeam","floor":7},{"not_picked":["Chaos","Melter","Barrage"],"picked":"SKIP","floor":10},{"not_picked":["Sweeping Beam","Heatsinks"],"picked":"Chill","floor":11},{"not_picked":["Fusion","Steam"],"picked":"Loop","floor":12}],"player_experience":288967,"relics_obtained":[{"floor":7,"key":"Potion Belt"},{"floor":9,"key":"Anchor"},{"floor":11,"key":"Orichalcum"}],"event_choices":[],"is_beta":false,"boss_relics":[],"items_purged_floors":[],"is_endless":false,"potions_floor_spawned":[2,4,11],"ascension_level":7}