{"gold_per_floor":[109,13,13,32,32,67,67,67,67,101,128,128,155,181,181,254,254,271,251,16,16,116,146,146,146],"floor_reached":25,"playtime":1204,"items_purged":["Strike_R"],"score":527,"play_id":"cc823928-2a2b-4471-8b35-89770447de1f","local_time":"20190102200255","is_ascension_mode":true,"campfire_choices":[{"data":"Metallicize","floor":7,"key":"SMITH"},{"floor":12,"key":"REST"},{"data":"Bash","floor":15,"key":"SMITH"},{"data":"Feel No Pain","floor":24,"key":"SMITH"}],"neow_cost":"NONE","seed_source_timestamp":764734775976498,"circlet_count":0,"master_deck":["AscendersBane","Strike_R","Strike_R","Strike_R","Strike_R","Defend_R","Defend_R","Defend_R+1","Defend_R","Bash+1","Cleave","Battle Trance+1","Shrug It Off","Pommel Strike","Metallicize+1","Flame Barrier","Sever Soul","Corruption","Headbutt","True Grit","Feed","Feel No Pain+1","Battle Trance","Reaper"],"relics":["Burning Blood","Du-Vu Doll","Bronze Scales","WingedGreaves","Blood Vial","Regal Pillow","War Paint","Letter Opener","Runic Dome","Pantograph","Nunchaku","Gremlin Horn","Singing Bowl"],"potions_floor_usage":[11,18,22,23,23],"damage_taken":[{"damage":4,"enemies":"2 Louse","floor":1,"turns":3},{"damage":1,"enemies":"Small Slimes","floor":4,"turns":3},{"damage":32,"enemies":"Gremlin Nob","floor":6,"turns":4},{"damage":42,"enemies":"Lagavulin","floor":10,"turns":8},{"damage":8,"enemies":"Gremlin Nob","floor":11,"turns":3},{"damage":17,"enemies":"3 Sentries","floor":13,"turns":8},{"damage":6,"enemies":"Lagavulin","floor":14,"turns":7},{"damage":47,"enemies":"Slime Boss","floor":16,"turns":10},{"damage":12,"enemies":"2 Thieves","floor":18,"turns":4},{"damage":9,"enemies":"Colosseum Slavers","floor":22,"turns":5},{"damage":66,"enemies":"Colosseum Nobs","floor":22,"turns":5},{"damage":8,"enemies":"Book of Stabbing","floor":23,"turns":4},{"damage":43,"enemies":"Gremlin Leader","floor":25,"turns":4}],"seed_played":"-8654532035128795825","potions_obtained":[{"floor":10,"key":"Strength Potion"},{"floor":11,"key":"Strength Potion"},{"floor":16,"key":"GamblersBrew"},{"floor":19,"key":"BloodPotion"},{"floor":22,"key":"Poison Potion"}],"is_trial":false,"path_per_floor":["M","$","?","M","?","E","R","?","T","E","E","R","E","E","R","B",null,"M","?","$","T","?","E","R","E"],"character_chosen":"IRONCLAD","items_purchased":["Battle Trance","Shrug It Off","Feel No Pain","Battle Trance"],"campfire_rested":1,"item_purchase_floors":[2,2,20,20],"current_hp_per_floor":[77,77,82,87,82,56,56,56,56,20,20,61,52,54,54,15,69,68,68,68,68,15,24,24,0],"gold":146,"neow_bonus":"TEN_PERCENT_HP_BONUS","is_prod":false,"is_daily":false,"chose_seed":false,"campfire_upgraded":3,"win_rate":0,"timestamp":1546455775,"path_taken":["M","$","?","M","?","E","R","?","T","E","E","R","E","E","R","BOSS","M","?","$","?","?","E","R","E"],"build_version":"2018-12-20","purchased_purges":1,"victory":false,"max_hp_per_floor":[82,82,87,87,87,87,87,87,87,87,87,87,87,87,87,87,87,90,90,90,90,96,96,96,96],"card_choices":[{"not_picked":["Havoc","Flex"],"picked":"Cleave","floor":1},{"not_picked":["Havoc","True Grit"],"picked":"Pommel Strike","floor":4},{"not_picked":["Clothesline","Shrug It Off"],"picked":"Metallicize","floor":6},{"not_picked":["Battle Trance","Flex"],"picked":"Sever Soul","floor":10},{"not_picked":["Warcry","Rupture"],"picked":"Corruption","floor":11},{"not_picked":["Brutality","Body Slam"],"picked":"Headbutt","floor":13},{"not_picked":["Thunderclap","Juggernaut"],"picked":"True Grit","floor":14},{"not_picked":["Berserk","Bludgeon"],"picked":"Feed","floor":16},{"not_picked":["Perfected Strike","Wild Strike","Heavy Blade"],"picked":"SKIP","floor":18},{"not_picked":["Iron Wave","Heavy Blade+1"],"picked":"Reaper","floor":23}],"player_experience":1765016,"relics_obtained":[{"floor":6,"key":"Bronze Scales"},{"floor":9,"key":"WingedGreaves"},{"floor":10,"key":"Blood Vial"},{"floor":11,"key":"Regal Pillow"},{"floor":13,"key":"War Paint"},{"floor":14,"key":"Letter Opener"},{"floor":21,"key":"Pantograph"},{"floor":22,"key":"Nunchaku"},{"floor":22,"key":"Gremlin Horn"},{"floor":23,"key":"Singing Bowl"}],"event_choices":[{"damage_healed":0,"gold_gain":0,"player_choice":"Donut","damage_taken":0,"max_hp_gain":5,"max_hp_loss":0,"event_name":"Big Fish","floor":3,"gold_loss":0},{"damage_healed":0,"gold_gain":0,"player_choice":"Success","damage_taken":5,"relics_obtained":["Du-Vu Doll"],"max_hp_gain":0,"max_hp_loss":0,"event_name":"Scrap Ooze","floor":5,"gold_loss":0},{"damage_healed":0,"gold_gain":0,"player_choice":"1 cards matched","damage_taken":0,"max_hp_gain":0,"max_hp_loss":0,"event_name":"Match and Keep!","floor":8,"gold_loss":0,"cards_obtained":["Flame Barrier"]},{"damage_healed":0,"gold_gain":0,"player_choice":"Bought 1 Potion","damage_taken":0,"max_hp_gain":0,"max_hp_loss":0,"event_name":"The Woman in Blue","floor":19,"gold_loss":0},{"damage_healed":0,"gold_gain":0,"player_choice":"Fight","damage_taken":0,"max_hp_gain":0,"max_hp_loss":0,"event_name":"Colosseum","floor":22,"gold_loss":0},{"damage_healed":0,"gold_gain":0,"player_choice":"Fought Nobs","damage_taken":0,"max_hp_gain":0,"max_hp_loss":0,"event_name":"Colosseum","floor":22,"gold_loss":0}],"is_beta":false,"boss_relics":[{"not_picked":["Lizard Tail","Black Blood"],"picked":"Runic Dome"}],"items_purged_floors":[20],"is_endless":false,"potions_floor_spawned":[10,11,16,22],"killed_by":"Gremlin Leader","ascension_level":20}