{"gold_per_floor":[119,135,135,135,6,6,35,35,35,35,60,60,60,73,73,149,149,149,149,149,149,49,49,49,49],"floor_reached":25,"playtime":963,"items_purged":["Strike_B","Pain"],"score":454,"play_id":"46d29c82-9b6b-49d9-892f-ee302b4b5285","local_time":"20190203162609","is_ascension_mode":true,"campfire_choices":[{"data":"Ball Lightning","floor":6,"key":"SMITH"},{"data":"Tempest","floor":8,"key":"SMITH"},{"floor":10,"key":"REST"},{"data":"Glacier","floor":12,"key":"SMITH"},{"data":"Compile Driver","floor":15,"key":"SMITH"},{"data":"Biased Cognition","floor":24,"key":"SMITH"}],"neow_cost":"NONE","seed_source_timestamp":1609877235232974,"circlet_count":0,"master_deck":["AscendersBane","Strike_B","Strike_B","Defend_B","Defend_B","Defend_B","Defend_B","Zap+1","Dualcast","Ball Lightning+1","Undo","Tempest+1","Glacier+1","Compile Driver+1","Biased Cognition+1","Hologram+1","Consume"],"relics":["Cracked Core","Ancient Tea Set","Unceasing Top","Dream Catcher","Meat on the Bone","Ectoplasm","WarpedTongs","Blue Candle"],"potions_floor_usage":[7,11,18,21,25,25],"damage_taken":[{"damage":13,"enemies":"Small Slimes","floor":1,"turns":5},{"damage":7,"enemies":"Jaw Worm","floor":2,"turns":3},{"damage":20,"enemies":"3 Sentries","floor":7,"turns":9},{"damage":3,"enemies":"Gremlin Nob","floor":11,"turns":3},{"damage":0,"enemies":"2 Louse","floor":14,"turns":2},{"damage":3,"enemies":"The Guardian","floor":16,"turns":13},{"damage":0,"enemies":"Chosen","floor":18,"turns":3},{"damage":6,"enemies":"3 Byrds","floor":19,"turns":5},{"damage":2,"enemies":"Sentry and Sphere","floor":21,"turns":4},{"damage":40,"enemies":"Book of Stabbing","floor":23,"turns":6},{"damage":33,"enemies":"Gremlin Leader","floor":25,"turns":4}],"seed_played":"7237271015733682644","potions_obtained":[{"floor":7,"key":"PowerPotion"},{"floor":11,"key":"Block Potion"},{"floor":14,"key":"PowerPotion"},{"floor":18,"key":"FearPotion"},{"floor":23,"key":"SteroidPotion"}],"is_trial":false,"path_per_floor":["M","M","?","?","$","R","E","R","T","R","E","R","?","M","R","B",null,"M","M","?","M","$","E","R","E"],"character_chosen":"DEFECT","items_purchased":["Block Potion"],"campfire_rested":1,"item_purchase_floors":[5],"current_hp_per_floor":[51,44,44,37,37,37,17,17,17,38,35,35,35,47,47,44,64,64,58,58,56,56,28,28,0],"gold":49,"neow_bonus":"RANDOM_COMMON_RELIC","is_prod":false,"is_daily":false,"chose_seed":false,"campfire_upgraded":5,"win_rate":0,"timestamp":1549207569,"path_taken":["M","M","?","?","?","R","E","R","T","R","E","R","?","M","R","BOSS","M","M","?","M","$","E","R","E"],"build_version":"2019-01-23","purchased_purges":2,"victory":false,"max_hp_per_floor":[71,71,71,71,71,71,71,71,71,71,71,71,71,71,71,71,71,71,71,71,71,71,71,71,71],"card_choices":[{"not_picked":["Gash","Coolheaded"],"picked":"Ball Lightning","floor":1},{"not_picked":["Turbo","Leap"],"picked":"Undo","floor":2},{"not_picked":["Hologram","Lockon"],"picked":"Tempest","floor":7},{"not_picked":["Machine Learning","Stack"],"picked":"Glacier","floor":10},{"not_picked":["Meteor Strike","Barrage","Rebound"],"picked":"SKIP","floor":11},{"not_picked":["Auto Shields","Stack"],"picked":"Compile Driver","floor":14},{"not_picked":["Amplify","Buffer"],"picked":"Biased Cognition","floor":16},{"not_picked":["Cold Snap","Turbo+1"],"picked":"Hologram+1","floor":18},{"not_picked":["Chill","Auto Shields+1"],"picked":"Consume","floor":19},{"not_picked":["Redo","Reprogram","Sweeping Beam"],"picked":"SKIP","floor":21},{"not_picked":["Gash","Scrape","Tempest"],"picked":"SKIP","floor":23}],"player_experience":1848432,"relics_obtained":[{"floor":7,"key":"Unceasing Top"},{"floor":9,"key":"Dream Catcher"},{"floor":11,"key":"Meat on the Bone"},{"floor":23,"key":"Blue Candle"}],"event_choices":[{"damage_healed":0,"gold_gain":0,"player_choice":"Grow","damage_taken":0,"max_hp_gain":0,"max_hp_loss":0,"event_name":"Living Wall","floor":3,"gold_loss":0,"cards_upgraded":["Zap"]},{"cards_removed":["Strike_B"],"damage_healed":0,"gold_gain":0,"player_choice":"Card Removal","damage_taken":7,"max_hp_gain":0,"max_hp_loss":0,"event_name":"Golden Wing","floor":4,"gold_loss":0},{"damage_healed":0,"gold_gain":0,"player_choice":"Leave","damage_taken":0,"max_hp_gain":0,"max_hp_loss":0,"event_name":"The Cleric","floor":13,"gold_loss":0},{"damage_healed":0,"gold_gain":0,"player_choice":"Rummage","damage_taken":0,"relics_obtained":["WarpedTongs"],"max_hp_gain":0,"max_hp_loss":0,"event_name":"Accursed Blacksmith","floor":20,"gold_loss":0,"cards_obtained":["Pain"]}],"is_beta":false,"boss_relics":[{"not_picked":["Orrery","Calling Bell"],"picked":"Ectoplasm"}],"items_purged_floors":[5,22],"is_endless":false,"potions_floor_spawned":[7,11,14,18,23],"killed_by":"Gremlin Leader","ascension_level":20}