{"gold_per_floor":[118,43,43,118,134,160,335,347,371,83,83,83,93,109,109,109],"floor_reached":16,"playtime":733,"items_purged":["Writhe","Doubt"],"score":145,"play_id":"585cb1eb-5e7b-4d48-93ef-86673760305b","local_time":"20190228201512","is_ascension_mode":true,"campfire_choices":[{"floor":12,"key":"REST"},{"data":"Neutralize","floor":15,"key":"SMITH"}],"neow_cost":"CURSE","seed_source_timestamp":1272266679883400,"circlet_count":0,"master_deck":["Defend_G","Defend_G","Defend_G","Defend_G","Defend_G","Strike_G","Strike_G","Strike_G","Strike_G","Strike_G","Survivor","Neutralize+1","Adrenaline+1","Leg Sweep","Quick Slash","Deflect+1","Backflip","Poisoned Stab","Crippling Poison","Well Laid Plans"],"relics":["Ring of the Snake","War Paint","MawBank","Lantern"],"potions_floor_usage":[6,16],"damage_taken":[{"damage":0,"enemies":"2 Louse","floor":1,"turns":3},{"damage":0,"enemies":"Small Slimes","floor":5,"turns":6},{"damage":53,"enemies":"Lagavulin","floor":6,"turns":11},{"damage":0,"enemies":"Cultist","floor":8,"turns":5},{"damage":0,"enemies":"Lots of Slimes","floor":13,"turns":5},{"damage":0,"enemies":"2 Fungi Beasts","floor":14,"turns":4},{"damage":29,"enemies":"Hexaghost","floor":16,"turns":14}],"seed_played":"5308343234521115021","potions_obtained":[{"floor":5,"key":"Explosive Potion"},{"floor":6,"key":"Explosive Potion"},{"floor":13,"key":"AttackPotion"}],"is_trial":false,"path_per_floor":["M","$","?","?","M","E","?","M","T","$","?","R","M","M","R","B"],"character_chosen":"THE_SILENT","items_purchased":["Poisoned Stab","Lantern"],"campfire_rested":1,"item_purchase_floors":[10,10],"current_hp_per_floor":[63,63,68,57,57,4,4,4,4,4,4,26,26,26,26,0],"gold":109,"neow_bonus":"THREE_RARE_CARDS","is_prod":false,"is_daily":false,"chose_seed":false,"campfire_upgraded":1,"win_rate":0,"timestamp":1551402912,"path_taken":["M","$","?","?","M","E","?","M","T","$","?","R","M","M","R","BOSS"],"build_version":"2019-01-23","purchased_purges":2,"victory":false,"max_hp_per_floor":[70,70,75,75,75,75,75,75,75,75,75,75,75,75,75,75],"card_choices":[{"not_picked":["Night Terror","A Thousand Cuts"],"picked":"Adrenaline","floor":0},{"not_picked":["Calculated Gamble","PiercingWail"],"picked":"Leg Sweep","floor":1},{"not_picked":["Underhanded Strike","Bane"],"picked":"Quick Slash","floor":5},{"not_picked":["Expertise","Prepared"],"picked":"Deflect","floor":6},{"not_picked":["Underhanded Strike","Cloak And Dagger"],"picked":"Backflip","floor":8},{"not_picked":["Bouncing Flask","Masterful Stab"],"picked":"Crippling Poison","floor":13},{"not_picked":["Outmaneuver","Cloak And Dagger"],"picked":"Well Laid Plans","floor":14}],"player_experience":318857,"relics_obtained":[{"floor":6,"key":"War Paint"},{"floor":9,"key":"MawBank"}],"event_choices":[{"damage_healed":0,"gold_gain":0,"player_choice":"Donut","damage_taken":0,"max_hp_gain":5,"max_hp_loss":0,"event_name":"Big Fish","floor":3,"gold_loss":0},{"damage_healed":0,"gold_gain":75,"player_choice":"Gather Gold","damage_taken":11,"max_hp_gain":0,"max_hp_loss":0,"event_name":"World of Goop","floor":4,"gold_loss":0},{"damage_healed":0,"gold_gain":175,"player_choice":"AGREE","damage_taken":0,"max_hp_gain":0,"max_hp_loss":0,"event_name":"Liars Game","floor":7,"gold_loss":0,"cards_obtained":["Doubt"]},{"damage_healed":0,"gold_gain":0,"player_choice":"Ignored","damage_taken":0,"max_hp_gain":0,"max_hp_loss":0,"event_name":"Golden Idol","floor":11,"gold_loss":0}],"is_beta":false,"boss_relics":[],"items_purged_floors":[2,10],"is_endless":false,"potions_floor_spawned":[5,6,13],"killed_by":"Hexaghost","ascension_level":9}