{"gold_per_floor":[118,130,130,147,27,61,61,87,87,105,125,153,153,51,51,150,150,163,182,182,54,65,90,90,115,115,115,130,145,145,66,66,162,162,178,128,148,167,180,206,206,237,237,16,26,46,46,60,60,60,60,60,10,36,36],"floor_reached":56,"playtime":3830,"items_purged":["Strike_R","Strike_R","Strike_R","Pain","Pain","Parasite"],"score":1716,"play_id":"d765ff6c-33bc-43ed-bd1c-d3f140ac0731","local_time":"20190306015609","is_ascension_mode":true,"campfire_choices":[{"data":"Uppercut","floor":7.0,"key":"SMITH"},{"data":"Flame Barrier","floor":13.0,"key":"SMITH"},{"data":"Shrug It Off","floor":15.0,"key":"SMITH"},{"data":"Juggernaut","floor":24.0,"key":"SMITH"},{"data":"Feel No Pain","floor":30.0,"key":"SMITH"},{"data":"Inflame","floor":32.0,"key":"SMITH"},{"floor":41.0,"key":"REST"},{"data":"Flame Barrier","floor":47.0,"key":"SMITH"},{"floor":49.0,"key":"RECALL"},{"data":"Armaments","floor":52,"key":"SMITH"}],"neow_cost":"NONE","seed_source_timestamp":0,"circlet_count":0,"master_deck":["AscendersBane","Defend_R","Defend_R","Defend_R","Defend_R","Bash","Intimidate","Metallicize","Anger","Iron Wave","Flame Barrier+1","Uppercut+1","Carnage","Shrug It Off+1","Juggernaut+1","Shockwave+1","Feel No Pain+1","Spot Weakness","Corruption","Inflame+1","Immolate","Evolve","Shrug It Off+1","Sword Boomerang","True Grit+1","Bludgeon","Reaper","Flame Barrier+1","Armaments+1","Shrug It Off","True Grit+1"],"special_seed":0,"relics":["Burning Blood","Smiling Mask","Singing Bowl","FossilizedHelix","Vajra","Magic Flower","Snecko Eye","Mercury Hourglass","Dream Catcher","Blue Candle","Calling Bell","Bronze Scales","Pantograph","Mango","Ancient Tea Set","Torii","Pear"],"potions_floor_usage":[50,50,55],"damage_taken":[{"damage":2.0,"enemies":"Small Slimes","floor":1.0,"turns":4.0},{"damage":13.0,"enemies":"Cultist","floor":2.0,"turns":5.0},{"damage":0.0,"enemies":"Jaw Worm","floor":4.0,"turns":3.0},{"damage":28.0,"enemies":"Lagavulin","floor":6.0,"turns":10.0},{"damage":40.0,"enemies":"Gremlin Nob","floor":8.0,"turns":6.0},{"damage":0.0,"enemies":"Exordium Thugs","floor":10.0,"turns":4.0},{"damage":5.0,"enemies":"Blue Slaver","floor":11.0,"turns":4.0},{"damage":10.0,"enemies":"3 Sentries","floor":12.0,"turns":11.0},{"damage":16.0,"enemies":"The Guardian","floor":16.0,"turns":14.0},{"damage":12.0,"enemies":"2 Thieves","floor":18.0,"turns":4.0},{"damage":0.0,"enemies":"3 Byrds","floor":19.0,"turns":2.0},{"damage":3.0,"enemies":"Centurion and Healer","floor":22.0,"turns":5.0},{"damage":27.0,"enemies":"Slavers","floor":23.0,"turns":6.0},{"damage":15.0,"enemies":"Book of Stabbing","floor":25.0,"turns":5.0},{"damage":0.0,"enemies":"Cultist and Chosen","floor":28.0,"turns":6.0},{"damage":0.0,"enemies":"3 Cultists","floor":29.0,"turns":4.0},{"damage":38.0,"enemies":"Champ","floor":33.0,"turns":9.0},{"damage":20.0,"enemies":"Orb Walker","floor":35.0,"turns":3.0},{"damage":9.0,"enemies":"3 Shapes","floor":37.0,"turns":4.0},{"damage":6.0,"enemies":"Sphere and 2 Shapes","floor":38.0,"turns":4.0},{"damage":0.0,"enemies":"Transient","floor":39.0,"turns":5.0},{"damage":84.0,"enemies":"Giant Head","floor":40.0,"turns":9.0},{"damage":36.0,"enemies":"Reptomancer","floor":42.0,"turns":5.0},{"damage":0.0,"enemies":"Writhing Mass","floor":45.0,"turns":5.0},{"damage":1.0,"enemies":"3 Darklings","floor":46.0,"turns":4.0},{"damage":0.0,"enemies":"Sphere and 2 Shapes","floor":48.0,"turns":3.0},{"damage":41,"enemies":"Time Eater","floor":50,"turns":11},{"damage":40,"enemies":"Shield and Spear","floor":54,"turns":5},{"damage":118,"enemies":"The Heart","floor":55,"turns":11}],"seed_played":"-4990320042302981392","potions_obtained":[{"floor":4.0,"key":"FearPotion"},{"floor":6.0,"key":"Energy Potion"},{"floor":16.0,"key":"SpeedPotion"},{"floor":18.0,"key":"Ancient Potion"},{"floor":19.0,"key":"Explosive Potion"},{"floor":23.0,"key":"BloodPotion"},{"floor":29.0,"key":"Energy Potion"},{"floor":40.0,"key":"Ancient Potion"},{"floor":48.0,"key":"SteroidPotion"}],"is_trial":false,"path_per_floor":["M","M","?","M","$","E","R","E","T","M","M","E","R","$","R","B",null,"M","M","?","$","M","E","R","E","T","?","M","M","R","$","R","B",null,"M","$","M","M","M","E","R","E","T","$","M","M","R","M","R","B",null,"R","$","E","B",null],"character_chosen":"IRONCLAD","items_purchased":["Flame Barrier","Shrug It Off","Feel No Pain","Inflame","Flame Barrier","Armaments","SteroidPotion"],"campfire_rested":1,"item_purchase_floors":[5,14,21,31,44,44,44],"current_hp_per_floor":[76,69,69,75,75,53,53,19,19,27,30,28,28,28,28,21,70,69,78,78,78,86,68,68,64,64,64,75,84,84,84,84,55,98,87,87,87,90,99,26,59,32,32,32,41,51,51,62,62,92,109,109,109,121,39],"gold":36,"neow_bonus":"TRANSFORM_CARD","is_prod":false,"is_daily":false,"chose_seed":false,"campfire_upgraded":8,"win_rate":0,"timestamp":1551855369,"path_taken":["M","M","?","M","$","E","R","E","T","M","M","E","R","?","R","BOSS","M","M","?","?","M","E","R","E","T","?","?","M","R","$","R","BOSS","M","?","M","M","M","E","R","E","T","$","M","M","R","M","R","BOSS","R","$","E","BOSS"],"build_version":"2019-01-23","purchased_purges":6,"victory":true,"max_hp_per_floor":[80,80,80,80,80,80,80,80,80,82,84,86,86,86,86,86,86,88,88,88,88,90,90,90,92,92,92,94,94,94,94,94,94,108,108,108,108,108,108,110,110,110,110,110,110,112,112,114,114,114,114,114,111,121,121],"card_choices":[{"not_picked":["Warcry","Seeing Red"],"picked":"Metallicize","floor":1.0},{"not_picked":["Body Slam","Intimidate"],"picked":"Anger","floor":2.0},{"not_picked":["Warcry","Sever Soul"],"picked":"Iron Wave","floor":4.0},{"not_picked":["Rage","Hemokinesis"],"picked":"Uppercut","floor":6.0},{"not_picked":["Disarm","Twin Strike"],"picked":"Carnage","floor":8.0},{"not_picked":["Thunderclap","Spot Weakness","Clash"],"picked":"Singing Bowl","floor":10.0},{"not_picked":["Warcry","Reckless Charge","Iron Wave"],"picked":"Singing Bowl","floor":11.0},{"not_picked":["Power Through","Clothesline","Brutality"],"picked":"Singing Bowl","floor":12.0},{"not_picked":["Impervious","Reaper"],"picked":"Juggernaut","floor":16.0},{"not_picked":["Perfected Strike","Uppercut","Body Slam"],"picked":"Singing Bowl","floor":18.0},{"not_picked":["Dropkick","Headbutt"],"picked":"Shockwave","floor":19.0},{"not_picked":["Burning Pact+1","Reckless Charge","Iron Wave"],"picked":"Singing Bowl","floor":22.0},{"not_picked":["Ghostly Armor","Rampage"],"picked":"Spot Weakness","floor":23.0},{"not_picked":["Perfected Strike","Seeing Red+1","Power Through"],"picked":"Singing Bowl","floor":25.0},{"not_picked":["Burning Pact","Body Slam","Armaments"],"picked":"Singing Bowl","floor":28.0},{"not_picked":["Barricade","Flame Barrier"],"picked":"Corruption","floor":29.0},{"not_picked":["Bludgeon","Barricade"],"picked":"Immolate","floor":33.0},{"not_picked":["Second Wind+1","Clash"],"picked":"Evolve","floor":35.0},{"not_picked":["Armaments","Clash+1"],"picked":"Shrug It Off+1","floor":37.0},{"not_picked":["Pommel Strike","Anger+1"],"picked":"Sword Boomerang","floor":38.0},{"not_picked":["Bloodletting","Thunderclap+1"],"picked":"True Grit+1","floor":39.0},{"not_picked":["Dropkick+1","True Grit","Twin Strike"],"picked":"Singing Bowl","floor":40.0},{"not_picked":["Warcry","Body Slam"],"picked":"Bludgeon","floor":41.0},{"not_picked":["Rage","Twin Strike+1"],"picked":"Reaper","floor":42.0},{"not_picked":["Evolve","Power Through+1"],"picked":"Shrug It Off","floor":45.0},{"not_picked":["Iron Wave","Inflame","Armaments"],"picked":"Singing Bowl","floor":46.0},{"not_picked":["True Grit","Havoc+1","Bloodletting"],"picked":"Singing Bowl","floor":48.0},{"not_picked":["Twin Strike","Rage"],"picked":"True Grit+1","floor":54}],"player_experience":346342,"relics_obtained":[{"floor":3.0,"key":"Smiling Mask"},{"floor":6.0,"key":"Singing Bowl"},{"floor":8.0,"key":"FossilizedHelix"},{"floor":9.0,"key":"Vajra"},{"floor":12.0,"key":"Magic Flower"},{"floor":23.0,"key":"Mercury Hourglass"},{"floor":25.0,"key":"Dream Catcher"},{"floor":26.0,"key":"Blue Candle"},{"floor":34.0,"key":"Bronze Scales"},{"floor":34.0,"key":"Pantograph"},{"floor":34.0,"key":"Mango"},{"floor":40.0,"key":"Ancient Tea Set"},{"floor":42.0,"key":"Torii"},{"floor":54,"key":"Pear"}],"event_choices":[{"damage_healed":0.0,"max_hp_gain":0.0,"max_hp_loss":0.0,"gold_gain":0.0,"event_name":"Wheel of Change","player_choice":"Relic","floor":3.0,"gold_loss":0.0,"damage_taken":0.0},{"cards_removed":["Strike_R"],"damage_healed":0.0,"max_hp_gain":0.0,"max_hp_loss":0.0,"gold_gain":0.0,"event_name":"Purifier","player_choice":"Purged","floor":20.0,"gold_loss":0.0,"damage_taken":0.0},{"damage_healed":0.0,"max_hp_gain":0.0,"max_hp_loss":0.0,"gold_gain":0.0,"event_name":"Upgrade Shrine","player_choice":"Upgraded","floor":27.0,"gold_loss":0.0,"damage_taken":0.0,"cards_upgraded":["Shockwave"]}],"is_beta":false,"boss_relics":[{"not_picked":["Busted Crown","Coffee Dripper"],"picked":"Snecko Eye"},{"not_picked":["Runic Cube","Eternal Feather"],"picked":"Calling Bell"}],"items_purged_floors":[5,14,21,36,44,53],"is_endless":false,"potions_floor_spawned":[4,6,16,18,19,22,23,29,37,40,45,46,48],"ascension_level":10}