{"gold_per_floor":[110,126,3,3,3,3,33,45,97,111,131,141,159,184,184,283,283,283,283,283,283,283,283,283,283,283,283,283,283,283,283,283,283],"floor_reached":33,"playtime":2560,"items_purged":["Strike_R"],"score":477,"play_id":"7b78024f-1aeb-4123-b64a-a0f63bb822d5","local_time":"20190305194455","is_ascension_mode":true,"campfire_choices":[{"data":"Bash","floor":6.0,"key":"SMITH"},{"data":"True Grit","floor":15.0,"key":"SMITH"},{"data":"Demon Form","floor":25,"key":"SMITH"},{"floor":32,"key":"DIG"}],"neow_cost":"NONE","seed_source_timestamp":0,"circlet_count":0,"master_deck":["AscendersBane","Defend_R","Defend_R","Defend_R","Defend_R","Bash+1","Twin Strike","True Grit+1","Anger","Cleave","Immolate","Pommel Strike","Second Wind","Clothesline","Demon Form+1","Reaper","Headbutt","Bite","Bite","Bite","Bite","Bite","Shrug It Off+1","Intimidate+1","Feel No Pain+1","Headbutt","Evolve+1"],"special_seed":0,"relics":["Burning Blood","Centennial Puzzle","Happy Flower","Ectoplasm","Ornamental Fan","Shovel","Frozen Egg 2","Smiling Mask","MutagenicStrength","Orichalcum","Juzu Bracelet","Mummified Hand"],"potions_floor_usage":[23,31,33,33,33],"damage_taken":[{"damage":6.0,"enemies":"Jaw Worm","floor":1.0,"turns":5.0},{"damage":7.0,"enemies":"Small Slimes","floor":2.0,"turns":3.0},{"damage":46.0,"enemies":"3 Sentries","floor":7.0,"turns":13.0},{"damage":0.0,"enemies":"Cultist","floor":8.0,"turns":3.0},{"damage":7.0,"enemies":"2 Fungi Beasts","floor":10.0,"turns":3.0},{"damage":5.0,"enemies":"Looter","floor":11.0,"turns":3.0},{"damage":0.0,"enemies":"Large Slime","floor":12.0,"turns":4.0},{"damage":4.0,"enemies":"Blue Slaver","floor":13.0,"turns":3.0},{"damage":15.0,"enemies":"Lagavulin","floor":14.0,"turns":4.0},{"damage":14.0,"enemies":"Hexaghost","floor":16.0,"turns":6.0},{"damage":20.0,"enemies":"3 Byrds","floor":18.0,"turns":6.0},{"damage":16.0,"enemies":"Chosen","floor":21.0,"turns":5.0},{"damage":29.0,"enemies":"Colosseum Slavers","floor":22.0,"turns":4.0},{"damage":11.0,"enemies":"Colosseum Nobs","floor":22.0,"turns":5.0},{"damage":26,"enemies":"Slavers","floor":23,"turns":4},{"damage":0,"enemies":"Centurion and Healer","floor":27,"turns":5},{"damage":26,"enemies":"Gremlin Leader","floor":28,"turns":7},{"damage":4,"enemies":"3 Cultists","floor":29,"turns":3},{"damage":18,"enemies":"Shelled Parasite and Fungi","floor":30,"turns":5},{"damage":15,"enemies":"Snake Plant","floor":31,"turns":3},{"damage":67,"enemies":"Collector","floor":33,"turns":6}],"seed_played":"1402781263835119147","potions_obtained":[{"floor":8.0,"key":"Weak Potion"},{"floor":11.0,"key":"SteroidPotion"},{"floor":14.0,"key":"SkillPotion"},{"floor":16.0,"key":"EssenceOfSteel"},{"floor":22.0,"key":"Explosive Potion"},{"floor":23,"key":"EssenceOfSteel"},{"floor":29,"key":"Fire Potion"},{"floor":30,"key":"SteroidPotion"},{"floor":31,"key":"SkillPotion"}],"is_trial":false,"path_per_floor":["M","M","$","?","$","R","E","M","T","M","M","M","M","E","R","B",null,"M","?","T","M","?","E","?","R","T","M","E","M","M","M","R","B"],"character_chosen":"IRONCLAD","items_purchased":["Anger"],"campfire_rested":0,"item_purchase_floors":[3],"current_hp_per_floor":[80,79,79,79,79,79,39,45,45,44,45,51,53,44,44,36,75,63,61,61,54,42,32,32,32,32,50,61,61,61,52,52,0],"gold":283,"neow_bonus":"TEN_PERCENT_HP_BONUS","is_prod":false,"is_daily":false,"chose_seed":false,"campfire_upgraded":3,"win_rate":0,"timestamp":1551833095,"path_taken":["M","M","$","?","$","R","E","M","T","M","M","M","M","E","R","BOSS","M","?","?","?","?","E","?","R","T","M","E","M","M","M","R","BOSS"],"build_version":"2019-01-23","purchased_purges":1,"victory":false,"max_hp_per_floor":[88,88,88,88,88,88,88,88,88,88,88,88,88,88,88,88,88,88,61,61,61,61,61,61,61,61,61,61,61,61,61,61,61],"card_choices":[{"not_picked":["Clothesline","Wild Strike"],"picked":"Twin Strike","floor":1.0},{"not_picked":["Havoc","Flex"],"picked":"True Grit","floor":2.0},{"not_picked":["Body Slam","Blood for Blood"],"picked":"Cleave","floor":7.0},{"not_picked":["Pommel Strike","Uppercut"],"picked":"Immolate","floor":8.0},{"not_picked":["Armaments","Blood for Blood"],"picked":"Pommel Strike","floor":10.0},{"not_picked":["Clothesline","Wild Strike"],"picked":"Second Wind","floor":11.0},{"not_picked":["Heavy Blade","Body Slam","Clash"],"picked":"SKIP","floor":12.0},{"not_picked":["Havoc","Iron Wave"],"picked":"Clothesline","floor":13.0},{"not_picked":["True Grit","Sword Boomerang"],"picked":"Demon Form","floor":14.0},{"not_picked":["Demon Form","Bludgeon"],"picked":"Reaper","floor":16.0},{"not_picked":["Twin Strike","Pummel+1"],"picked":"Headbutt","floor":18.0},{"not_picked":["Clothesline","Wild Strike"],"picked":"Shrug It Off+1","floor":21.0},{"not_picked":["Clothesline","Bludgeon","Body Slam"],"picked":"SKIP","floor":23},{"not_picked":["Clothesline","Iron Wave+1"],"picked":"Intimidate+1","floor":27},{"not_picked":["Twin Strike","Flex"],"picked":"Feel No Pain+1","floor":28},{"not_picked":["Inflame+1","Clash","Rupture+1"],"picked":"SKIP","floor":29},{"not_picked":["Cleave","Heavy Blade+1"],"picked":"Headbutt","floor":30},{"not_picked":["Havoc+1","Shrug It Off"],"picked":"Evolve+1","floor":31}],"player_experience":1720342,"relics_obtained":[{"floor":7.0,"key":"Centennial Puzzle"},{"floor":14.0,"key":"Happy Flower"},{"floor":20.0,"key":"Ornamental Fan"},{"floor":22.0,"key":"Shovel"},{"floor":22.0,"key":"Frozen Egg 2"},{"floor":23,"key":"Smiling Mask"},{"floor":26,"key":"Orichalcum"},{"floor":28,"key":"Juzu Bracelet"},{"floor":32,"key":"Mummified Hand"}],"event_choices":[{"damage_healed":0.0,"max_hp_gain":0.0,"max_hp_loss":0.0,"gold_gain":0.0,"event_name":"The Cleric","player_choice":"Leave","floor":4.0,"gold_loss":0.0,"damage_taken":0.0},{"damage_healed":0.0,"max_hp_gain":0.0,"max_hp_loss":27.0,"gold_gain":0.0,"event_name":"Vampires","player_choice":"Became a vampire","floor":19.0,"gold_loss":0.0,"damage_taken":0.0,"cards_obtained":["Bite","Bite","Bite","Bite","Bite"]},{"damage_healed":0.0,"max_hp_gain":0.0,"max_hp_loss":0.0,"gold_gain":0.0,"event_name":"Colosseum","player_choice":"Fight","floor":22.0,"gold_loss":0.0,"damage_taken":0.0},{"damage_healed":0.0,"max_hp_gain":0.0,"max_hp_loss":0.0,"gold_gain":0.0,"event_name":"Colosseum","player_choice":"Fought Nobs","floor":22.0,"gold_loss":0.0,"damage_taken":0.0},{"damage_healed":0,"gold_gain":0,"player_choice":"Inject Mutagens","damage_taken":0,"relics_obtained":["MutagenicStrength"],"max_hp_gain":0,"max_hp_loss":0,"event_name":"Drug Dealer","floor":24,"gold_loss":0}],"is_beta":false,"boss_relics":[{"not_picked":["White Beast Statue","Lizard Tail"],"picked":"Ectoplasm"}],"items_purged_floors":[3],"is_endless":false,"potions_floor_spawned":[8,11,14,16,22,22,23,29,30,31],"killed_by":"Collector","ascension_level":10}