{"gold_per_floor":[116,134,59,59,77,77,103,28,53,68,68,91,110,138,138,211,211,221,240,47,59,79,79,104,104,157,187,202,236,236,236,236,308,308,326,53,103,121,0,0,29,29,29,45,45,65,76,87,87,87,87],"floor_reached":52,"playtime":2677,"items_purged":["Strike_B","Strike_B+1"],"score":2154,"play_id":"a45b1964-554c-44fa-a5c9-6641d4afb79f","local_time":"20190121232858","is_ascension_mode":true,"campfire_choices":[{"data":"Sunder","floor":6,"key":"SMITH"},{"data":"Loop","floor":11,"key":"SMITH"},{"data":"Biased Cognition","floor":15,"key":"SMITH"},{"data":"Electrodynamics","floor":23,"key":"SMITH"},{"data":"Coolheaded","floor":25,"key":"SMITH"},{"data":"Capacitor","floor":32,"key":"SMITH"},{"data":"Seek","floor":40,"key":"SMITH"},{"data":"Glacier","floor":45,"key":"SMITH"},{"data":"Undo","floor":49,"key":"SMITH"}],"neow_cost":"NONE","seed_source_timestamp":510144219723113,"circlet_count":0,"master_deck":["AscendersBane","Defend_B","Defend_B","Defend_B","Zap","Loop+1","Sunder+1","Biased Cognition+1","Go for the Eyes+1","Genetic Algorithm","Cold Snap","Electrodynamics+1","Capacitor","Coolheaded+1","Capacitor+1","Echo Form","Rainbow","Meteor Strike","Redo","Seek+1","Heatsinks+1","Go for the Eyes+1","Glacier+1","Reinforced Body+1","Undo+1","Glacier"],"relics":["Cracked Core","Bag of Preparation","Vajra","Happy Flower","Art of War","Coffee Dripper","DataDisk","Smiling Mask","Whetstone","Anchor","Pen Nib","Runic Dome","Lee\u0027s Waffle","Red Mask","Regal Pillow"],"potions_floor_usage":[14,21,47,48],"damage_taken":[{"damage":2,"enemies":"Jaw Worm","floor":1,"turns":3},{"damage":1,"enemies":"Cultist","floor":2,"turns":3},{"damage":0,"enemies":"2 Louse","floor":5,"turns":1},{"damage":35,"enemies":"3 Sentries","floor":7,"turns":6},{"damage":0,"enemies":"Looter","floor":10,"turns":2},{"damage":0,"enemies":"Blue Slaver","floor":13,"turns":3},{"damage":0,"enemies":"Gremlin Nob","floor":14,"turns":3},{"damage":21,"enemies":"Slime Boss","floor":16,"turns":9},{"damage":1,"enemies":"Chosen","floor":18,"turns":4},{"damage":0,"enemies":"Spheric Guardian","floor":19,"turns":3},{"damage":21,"enemies":"Centurion and Healer","floor":21,"turns":5},{"damage":2,"enemies":"Cultist and Chosen","floor":22,"turns":4},{"damage":0,"enemies":"Gremlin Leader","floor":24,"turns":4},{"damage":25,"enemies":"Book of Stabbing","floor":27,"turns":5},{"damage":3,"enemies":"Sentry and Sphere","floor":28,"turns":3},{"damage":0,"enemies":"Gremlin Leader","floor":29,"turns":4},{"damage":8,"enemies":"Champ","floor":33,"turns":8},{"damage":0,"enemies":"Orb Walker","floor":35,"turns":2},{"damage":0,"enemies":"3 Shapes","floor":38,"turns":2},{"damage":25,"enemies":"Nemesis","floor":41,"turns":9},{"damage":0,"enemies":"Sphere and 2 Shapes","floor":44,"turns":3},{"damage":0,"enemies":"Spire Growth","floor":46,"turns":7},{"damage":0,"enemies":"4 Shapes","floor":47,"turns":10},{"damage":0,"enemies":"Jaw Worm Horde","floor":48,"turns":3},{"damage":0,"enemies":"Donu and Deca","floor":50,"turns":15},{"damage":19,"enemies":"Time Eater","floor":51,"turns":18}],"seed_played":"-3923790955593888050","potions_obtained":[{"floor":2,"key":"SpeedPotion"},{"floor":5,"key":"FearPotion"},{"floor":18,"key":"Poison Potion"},{"floor":19,"key":"SkillPotion"},{"floor":27,"key":"Block Potion"},{"floor":29,"key":"Block Potion"},{"floor":48,"key":"Dexterity Potion"}],"is_trial":false,"path_per_floor":["M","M","?","?","M","R","E","$","T","M","R","T","M","E","R","B",null,"M","M","$","M","M","R","E","R","T","E","M","E","?","?","R","B",null,"M","$","?","M","?","R","E","$","T","M","R","M","M","M","R","B","B",null],"character_chosen":"DEFECT","items_purchased":["DataDisk","Coolheaded","Lee\u0027s Waffle"],"campfire_rested":0,"item_purchase_floors":[20,20,36],"current_hp_per_floor":[69,68,68,68,68,68,33,33,33,33,33,33,33,33,33,12,62,61,61,61,40,38,38,38,38,38,13,10,10,10,10,10,2,59,59,85,85,85,85,85,60,60,60,60,60,60,60,60,60,60,41],"gold":87,"neow_bonus":"TEN_PERCENT_HP_BONUS","is_prod":false,"is_daily":false,"chose_seed":false,"campfire_upgraded":9,"win_rate":0,"timestamp":1548109738,"path_taken":["M","M","?","?","?","R","E","$","T","M","R","?","M","E","R","BOSS","M","M","$","M","M","R","E","R","T","E","M","E","?","?","R","BOSS","M","$","?","?","?","R","E","?","T","M","R","?","M","M","R","BOSS","BOSS"],"build_version":"2019-01-17v2","purchased_purges":2,"victory":true,"max_hp_per_floor":[78,78,78,78,78,78,78,78,78,78,78,78,78,78,78,78,78,78,78,78,78,78,78,78,78,78,78,78,78,78,78,78,78,78,78,85,85,85,85,85,85,85,85,85,85,85,85,85,85,85,85],"card_choices":[{"not_picked":["Leap","Gash"],"picked":"Loop","floor":1},{"not_picked":["Hologram","Sweeping Beam"],"picked":"Sunder","floor":2},{"not_picked":["Consume","Rebound"],"picked":"Go for the Eyes","floor":5},{"not_picked":["Beam Cell","Sweeping Beam","Blizzard"],"picked":"SKIP","floor":7},{"not_picked":["Melter","Sunder"],"picked":"Genetic Algorithm","floor":10},{"not_picked":["Gash","BootSequence"],"picked":"Cold Snap","floor":13},{"not_picked":["Cold Snap","All For One","Blizzard"],"picked":"SKIP","floor":14},{"not_picked":["Fission","Echo Form"],"picked":"Electrodynamics","floor":16},{"not_picked":["Coolheaded","Static Discharge"],"picked":"Capacitor","floor":18},{"not_picked":["Barrage+1","Auto Shields","Stack"],"picked":"SKIP","floor":19},{"not_picked":["Double Energy","Sweeping Beam"],"picked":"Capacitor","floor":21},{"not_picked":["BootSequence","Leap+1"],"picked":"Echo Form","floor":22},{"not_picked":["Compile Driver","Rebound","Machine Learning"],"picked":"SKIP","floor":24},{"not_picked":["Darkness","Hello World","Gash+1"],"picked":"SKIP","floor":27},{"not_picked":["Sweeping Beam","Leap","Rebound"],"picked":"SKIP","floor":28},{"not_picked":["Gash","Ball Lightning"],"picked":"Rainbow","floor":29},{"not_picked":["Reboot","Hyperbeam"],"picked":"Seek","floor":33},{"not_picked":["Ball Lightning+1","Capacitor"],"picked":"Heatsinks+1","floor":35},{"not_picked":["Turbo","Double Energy","Sweeping Beam"],"picked":"SKIP","floor":38},{"not_picked":["Sweeping Beam","Hologram"],"picked":"Go for the Eyes+1","floor":41},{"not_picked":["Cold Snap","Turbo"],"picked":"Glacier","floor":44},{"not_picked":["Go for the Eyes","Stack"],"picked":"Reinforced Body+1","floor":46},{"not_picked":["Static Discharge","Go for the Eyes+1"],"picked":"Undo","floor":47},{"not_picked":["Rebound","Beam Cell"],"picked":"Glacier","floor":48}],"player_experience":1804762,"relics_obtained":[{"floor":7,"key":"Bag of Preparation"},{"floor":9,"key":"Vajra"},{"floor":12,"key":"Happy Flower"},{"floor":14,"key":"Art of War"},{"floor":24,"key":"Smiling Mask"},{"floor":26,"key":"Whetstone"},{"floor":27,"key":"Anchor"},{"floor":29,"key":"Pen Nib"},{"floor":41,"key":"Regal Pillow"}],"event_choices":[{"cards_removed":["Strike_B"],"damage_healed":0,"gold_gain":0,"player_choice":"Card Removal","damage_taken":0,"max_hp_gain":0,"max_hp_loss":0,"event_name":"The Cleric","floor":3,"gold_loss":75},{"damage_healed":0,"gold_gain":0,"cards_transformed":["Strike_B"],"player_choice":"Transformed","damage_taken":0,"max_hp_gain":0,"max_hp_loss":0,"event_name":"Transmorgrifier","floor":4,"gold_loss":0,"cards_obtained":["Biased Cognition"]},{"damage_healed":0,"gold_gain":0,"cards_transformed":["Dualcast","Defend_B"],"player_choice":"Became Test Subject","damage_taken":0,"max_hp_gain":0,"max_hp_loss":0,"event_name":"Drug Dealer","floor":30,"gold_loss":0,"cards_obtained":["Meteor Strike","Redo"]},{"damage_healed":0,"gold_gain":0,"player_choice":"Ignored","damage_taken":0,"max_hp_gain":0,"max_hp_loss":0,"event_name":"Vampires","floor":31,"gold_loss":0},{"damage_healed":0,"gold_gain":50,"player_choice":"Pray","damage_taken":0,"max_hp_gain":0,"max_hp_loss":0,"event_name":"Golden Shrine","floor":37,"gold_loss":0},{"damage_healed":0,"gold_gain":0,"player_choice":"Paid","damage_taken":0,"relics_obtained":["Red Mask"],"max_hp_gain":0,"max_hp_loss":0,"event_name":"Tomb of Lord Red Mask","floor":39,"gold_loss":121}],"is_beta":false,"boss_relics":[{"not_picked":["Ectoplasm","Black Star"],"picked":"Coffee Dripper"},{"not_picked":["White Beast Statue","Calling Bell"],"picked":"Runic Dome"}],"items_purged_floors":[8,36],"is_endless":false,"potions_floor_spawned":[2,5,7,18,19,27,29,35,38,41,48],"ascension_level":20}