{"gold_per_floor":[110,110,110,124,15,46,46,60,60,75,105,124,143,143,143,248,248,261,261,271,29,29,54,54,86,86,86,105,136,136,166,166,269,269,287,287,302,302,312,343,117,131,154,188,207,238,254,268,268,268,268,268,68,95,95],"floor_reached":55,"playtime":6013,"items_purged":["Strike_B","Pain","Steam","Steam Power"],"score":1019,"play_id":"1708e026-6d4c-460a-9014-f7705b564711","local_time":"20190206003444","is_ascension_mode":true,"campfire_choices":[{"data":"Zap","floor":7.0,"key":"SMITH"},{"data":"Machine Learning","floor":15.0,"key":"SMITH"},{"floor":27.0,"key":"REST"},{"data":"Defragment","floor":30.0,"key":"SMITH"},{"data":"Heatsinks","floor":32.0,"key":"SMITH"},{"floor":49.0,"key":"RECALL"},{"floor":52,"key":"REST"}],"neow_cost":"NONE","seed_source_timestamp":0,"circlet_count":0,"master_deck":["Zap+1","Dualcast","Coolheaded","Beam Cell","Self Repair","Sweeping Beam","Machine Learning+1","Cold Snap","Cold Snap","Static Discharge","Conserve Battery","Reboot","Chaos","Core Surge","Hologram","Hyperbeam","Defragment+1","Leap","Electrodynamics","Go for the Eyes","Force Field","Turbo+1","Hologram+1","Heatsinks+1","Amplify","Go for the Eyes+1","Hello World","Consume+1","Skim+1","Glacier+1"],"special_seed":0,"relics":["Cracked Core","NeowsBlessing","Ancient Tea Set","Blue Candle","Mango","WarpedTongs","Pandora\u0027s Box","MutagenicStrength","Bag of Preparation","Ornamental Fan","Pantograph","Pocketwatch","Fusion Hammer","Dream Catcher","Dead Branch","Orichalcum","Meat on the Bone","Art of War","Ginger"],"potions_floor_usage":[55,55,55],"damage_taken":[{"damage":0.0,"enemies":"Small Slimes","floor":1.0,"turns":1.0},{"damage":0.0,"enemies":"2 Louse","floor":4.0,"turns":1.0},{"damage":0.0,"enemies":"Lagavulin","floor":6.0,"turns":1.0},{"damage":0.0,"enemies":"Cultist","floor":8.0,"turns":3.0},{"damage":2.0,"enemies":"Red Slaver","floor":10.0,"turns":3.0},{"damage":14.0,"enemies":"Gremlin Nob","floor":11.0,"turns":4.0},{"damage":4.0,"enemies":"Lots of Slimes","floor":12.0,"turns":4.0},{"damage":3.0,"enemies":"Blue Slaver","floor":13.0,"turns":3.0},{"damage":5.0,"enemies":"Slime Boss","floor":16.0,"turns":9.0},{"damage":17.0,"enemies":"Shell Parasite","floor":18.0,"turns":3.0},{"damage":3.0,"enemies":"Chosen","floor":20.0,"turns":4.0},{"damage":27.0,"enemies":"Gremlin Leader","floor":23.0,"turns":7.0},{"damage":40.0,"enemies":"Slavers","floor":25.0,"turns":3.0},{"damage":2.0,"enemies":"Snecko","floor":28.0,"turns":4.0},{"damage":11.0,"enemies":"Gremlin Leader","floor":29.0,"turns":5.0},{"damage":0.0,"enemies":"Slavers","floor":31.0,"turns":1.0},{"damage":0.0,"enemies":"Automaton","floor":33.0,"turns":12.0},{"damage":4.0,"enemies":"3 Shapes","floor":35.0,"turns":2.0},{"damage":0.0,"enemies":"Orb Walker","floor":37.0,"turns":2.0},{"damage":29.0,"enemies":"4 Shapes","floor":39.0,"turns":3.0},{"damage":29.0,"enemies":"Nemesis","floor":40.0,"turns":11.0},{"damage":0.0,"enemies":"3 Darklings","floor":42.0,"turns":4.0},{"damage":0.0,"enemies":"Giant Head","floor":44.0,"turns":9.0},{"damage":11.0,"enemies":"Jaw Worm Horde","floor":45.0,"turns":3.0},{"damage":10.0,"enemies":"Nemesis","floor":46.0,"turns":9.0},{"damage":30.0,"enemies":"4 Shapes","floor":47.0,"turns":3.0},{"damage":5.0,"enemies":"Sphere and 2 Shapes","floor":48.0,"turns":4.0},{"damage":29,"enemies":"Time Eater","floor":50,"turns":14},{"damage":56,"enemies":"Shield and Spear","floor":54,"turns":8},{"damage":87,"enemies":"The Heart","floor":55,"turns":11}],"seed_played":"-8928457785795962792","potions_obtained":[{"floor":1.0,"key":"Block Potion"},{"floor":8.0,"key":"Fire Potion"},{"floor":10.0,"key":"FearPotion"},{"floor":11.0,"key":"Strength Potion"},{"floor":12.0,"key":"SkillPotion"},{"floor":18.0,"key":"Ancient Potion"},{"floor":39.0,"key":"Energy Potion"},{"floor":44.0,"key":"SkillPotion"}],"is_trial":false,"path_per_floor":["M","?","?","M","$","E","R","M","T","M","E","M","M","?","R","B",null,"M","?","M","$","?","E","$","E","T","R","M","E","R","E","R","B",null,"M","?","M","?","M","E","$","M","T","E","M","E","M","M","R","B",null,"R","$","E","B"],"character_chosen":"DEFECT","items_purchased":["Self Repair","Electrodynamics","Energy Potion","FearPotion","PowerPotion"],"campfire_rested":2,"item_purchase_floors":[5,21,41,41,53],"current_hp_per_floor":[75,80,80,80,80,80,80,80,80,80,87,90,87,87,87,92,94,84,84,91,91,91,64,64,31,31,59,64,60,60,60,60,92,94,94,94,94,94,72,50,50,50,50,57,65,62,44,51,51,66,94,94,94,57,0],"gold":95,"neow_bonus":"THREE_ENEMY_KILL","is_prod":false,"is_daily":false,"chose_seed":false,"campfire_upgraded":4,"win_rate":0,"timestamp":1549431284,"path_taken":["M","?","?","?","?","E","R","M","T","?","E","M","M","?","R","BOSS","M","?","M","$","?","E","$","E","T","R","M","E","R","E","R","BOSS","M","?","M","?","M","E","$","M","T","E","M","E","?","M","R","BOSS","R","$","E","BOSS"],"build_version":"2019-01-23","purchased_purges":4,"victory":false,"max_hp_per_floor":[75,80,80,80,80,80,80,80,80,80,94,94,94,94,94,94,94,94,94,94,94,94,94,94,94,94,94,94,94,94,94,94,94,94,94,94,94,94,94,94,94,94,94,94,94,94,94,94,94,94,94,94,94,94,94],"card_choices":[{"not_picked":["Undo","Hologram"],"picked":"Coolheaded","floor":1.0},{"not_picked":["Streamline","Chill"],"picked":"Beam Cell","floor":4.0},{"not_picked":["Leap","Capacitor"],"picked":"Sweeping Beam","floor":6.0},{"not_picked":["Steam","Self Repair"],"picked":"Machine Learning","floor":8.0},{"not_picked":["Capacitor","Reprogram"],"picked":"Cold Snap","floor":10.0},{"not_picked":["Sweeping Beam","Coolheaded"],"picked":"Cold Snap","floor":11.0},{"not_picked":["Beam Cell","Force Field"],"picked":"Static Discharge","floor":12.0},{"not_picked":["Leap","Capacitor"],"picked":"Conserve Battery","floor":13.0},{"not_picked":["All For One","Hyperbeam"],"picked":"Reboot","floor":16.0},{"not_picked":["Recycle","Go for the Eyes+1"],"picked":"Defragment","floor":18.0},{"not_picked":["Tempest","Gash+1"],"picked":"Leap","floor":20.0},{"not_picked":["Double Energy","Leap"],"picked":"Go for the Eyes","floor":23.0},{"not_picked":["Leap+1","Ball Lightning"],"picked":"Force Field","floor":25.0},{"not_picked":["Ball Lightning","Stack"],"picked":"Turbo+1","floor":28.0},{"not_picked":["Sweeping Beam","Darkness"],"picked":"Hologram+1","floor":29.0},{"not_picked":["Darkness","Consume"],"picked":"Heatsinks","floor":31.0},{"not_picked":["Seek","Meteor Strike"],"picked":"Amplify","floor":33.0},{"not_picked":["Cold Snap","Self Repair+1"],"picked":"Go for the Eyes+1","floor":35.0},{"not_picked":["Turbo+1","Lockon","Chill"],"picked":"SKIP","floor":37.0},{"not_picked":["Leap+1","Go for the Eyes","Gash+1"],"picked":"SKIP","floor":39.0},{"not_picked":["Steam Power+1","Barrage+1"],"picked":"Hello World","floor":40.0},{"not_picked":["Go for the Eyes+1","Sweeping Beam+1"],"picked":"Consume+1","floor":42.0},{"not_picked":["Sweeping Beam+1","Fusion","Streamline"],"picked":"SKIP","floor":44.0},{"not_picked":["Conserve Battery+1","Beam Cell","Melter"],"picked":"SKIP","floor":45.0},{"not_picked":["Core Surge","Consume"],"picked":"Skim+1","floor":46.0},{"not_picked":["Beam Cell+1","Streamline","Leap+1"],"picked":"SKIP","floor":47.0},{"not_picked":["Auto Shields","Hello World+1"],"picked":"Glacier+1","floor":48.0},{"not_picked":["Reprogram","Conserve Battery","Hologram"],"picked":"SKIP","floor":54}],"player_experience":143422,"relics_obtained":[{"floor":6.0,"key":"Ancient Tea Set"},{"floor":9.0,"key":"Blue Candle"},{"floor":11.0,"key":"Mango"},{"floor":23.0,"key":"Bag of Preparation"},{"floor":25.0,"key":"Ornamental Fan"},{"floor":29.0,"key":"Pantograph"},{"floor":31.0,"key":"Pocketwatch"},{"floor":40.0,"key":"Dead Branch"},{"floor":43.0,"key":"Orichalcum"},{"floor":44.0,"key":"Meat on the Bone"},{"floor":46.0,"key":"Art of War"},{"floor":54,"key":"Ginger"}],"event_choices":[{"damage_healed":0.0,"max_hp_gain":5.0,"max_hp_loss":0.0,"gold_gain":0.0,"event_name":"Big Fish","player_choice":"Donut","floor":2.0,"gold_loss":0.0,"damage_taken":0.0},{"cards_removed":["Strike_B"],"damage_healed":0.0,"max_hp_gain":0.0,"max_hp_loss":0.0,"gold_gain":0.0,"event_name":"Purifier","player_choice":"Purged","floor":3.0,"gold_loss":0.0,"damage_taken":0.0},{"damage_healed":0.0,"max_hp_gain":0.0,"max_hp_loss":0.0,"gold_gain":0.0,"event_name":"Accursed Blacksmith","player_choice":"Rummage","floor":14.0,"gold_loss":0.0,"damage_taken":0.0,"relics_obtained":["WarpedTongs"],"cards_obtained":["Pain"]},{"damage_healed":0.0,"max_hp_gain":0.0,"max_hp_loss":0.0,"gold_gain":0.0,"event_name":"Drug Dealer","player_choice":"Inject Mutagens","floor":19.0,"gold_loss":0.0,"damage_taken":0.0,"relics_obtained":["MutagenicStrength"]},{"damage_healed":0.0,"max_hp_gain":0.0,"max_hp_loss":0.0,"gold_gain":0.0,"event_name":"Vampires","player_choice":"Ignored","floor":22.0,"gold_loss":0.0,"damage_taken":0.0},{"damage_healed":0.0,"max_hp_gain":0.0,"max_hp_loss":0.0,"gold_gain":0.0,"event_name":"Tomb of Lord Red Mask","player_choice":"Ignored","floor":36.0,"gold_loss":0.0,"damage_taken":0.0},{"damage_healed":0.0,"max_hp_gain":0.0,"max_hp_loss":0.0,"gold_gain":0.0,"event_name":"WeMeetAgain","player_choice":"Gave Potion","floor":38.0,"gold_loss":0.0,"damage_taken":0.0,"relics_obtained":["Dream Catcher"]}],"is_beta":false,"boss_relics":[{"not_picked":["White Beast Statue","Snecko Eye"],"picked":"Pandora\u0027s Box"},{"not_picked":["Calling Bell","Lizard Tail"],"picked":"Fusion Hammer"}],"items_purged_floors":[5,21,41,53],"is_endless":false,"potions_floor_spawned":[1,8,10,11,12,18,23,39,42,44,45,46,54],"killed_by":"The Heart","ascension_level":1}