{"gold_per_floor":[112,127,127,147,147,147,174,174,174,67,67,83,83,118,118,213,213,233,81,81,81,81,81,116,116,116,116],"floor_reached":27,"playtime":1456,"items_purged":["Defend_B"],"score":282,"play_id":"f5ea8e9e-3c77-4693-9f51-9ec92ab40400","local_time":"20190209170444","is_ascension_mode":true,"campfire_choices":[{"data":"Coolheaded","floor":6,"key":"SMITH"},{"data":"Creative AI","floor":8,"key":"SMITH"},{"data":"Loop","floor":11,"key":"SMITH"},{"floor":13,"key":"REST"},{"data":"Genetic Algorithm","floor":15,"key":"SMITH"},{"data":"Hologram","floor":23,"key":"SMITH"},{"floor":25,"key":"REST"}],"neow_cost":"NONE","seed_source_timestamp":322720241334300,"circlet_count":0,"master_deck":["Defend_B","Defend_B","Zap+1","Dualcast","Ball Lightning","Streamline","Coolheaded+1","Creative AI+1","Genetic Algorithm+1","Loop+1","Steam","Creative AI","Buffer+1","Biased Cognition+1","Rainbow+1","Hologram+1","Leap","Cold Snap"],"relics":["Cracked Core","Symbiotic Virus","Mercury Hourglass","Shuriken","Astrolabe","Anchor","Ginger"],"potions_floor_usage":[16,16,24],"damage_taken":[{"damage":0,"enemies":"Cultist","floor":1,"turns":3},{"damage":2,"enemies":"Jaw Worm","floor":2,"turns":3},{"damage":2,"enemies":"2 Louse","floor":4,"turns":2},{"damage":27,"enemies":"3 Sentries","floor":7,"turns":7},{"damage":8,"enemies":"Blue Slaver","floor":12,"turns":2},{"damage":12,"enemies":"Gremlin Nob","floor":14,"turns":3},{"damage":20,"enemies":"Slime Boss","floor":16,"turns":6},{"damage":1,"enemies":"Chosen","floor":18,"turns":5},{"damage":33,"enemies":"Book of Stabbing","floor":24,"turns":5},{"damage":55,"enemies":"Gremlin Leader","floor":27,"turns":5}],"seed_played":"-4872374749700197526","potions_obtained":[{"floor":7,"key":"FocusPotion"},{"floor":12,"key":"EssenceOfSteel"},{"floor":14,"key":"Poison Potion"},{"floor":18,"key":"GamblersBrew"}],"is_trial":false,"path_per_floor":["M","M","?","M","?","R","E","R","T","$","R","M","R","E","R","B",null,"M","$","?","?","?","R","E","R","T","E"],"character_chosen":"DEFECT","items_purchased":["Genetic Algorithm","Loop","Leap","Cold Snap"],"campfire_rested":2,"item_purchase_floors":[10,10,19,19],"current_hp_per_floor":[75,73,73,71,71,71,44,44,44,44,44,36,58,46,46,26,75,74,74,74,60,60,60,27,51,51,0],"gold":116,"neow_bonus":"REMOVE_CARD","is_prod":false,"is_daily":false,"chose_seed":false,"campfire_upgraded":5,"win_rate":0,"timestamp":1549749884,"path_taken":["M","M","?","?","?","R","E","R","T","$","R","M","R","E","R","BOSS","M","$","?","?","?","R","E","R","T","E"],"build_version":"2019-01-23","purchased_purges":1,"victory":false,"max_hp_per_floor":[75,75,75,75,75,75,75,75,75,75,75,75,75,75,75,75,75,75,75,75,80,80,80,80,80,80,80],"card_choices":[{"not_picked":["Rebound","Hologram"],"picked":"Ball Lightning","floor":1},{"not_picked":["Cold Snap","Beam Cell"],"picked":"Streamline","floor":2},{"not_picked":["Melter","Force Field"],"picked":"Coolheaded","floor":4},{"not_picked":["Barrage","Beam Cell"],"picked":"Creative AI","floor":7},{"not_picked":["Gash","Double Energy"],"picked":"Steam","floor":12},{"not_picked":["Scrape","Steam Power","Rebound"],"picked":"SKIP","floor":14},{"not_picked":["Machine Learning","Reboot"],"picked":"Creative AI","floor":16},{"not_picked":["Conserve Battery","Stack"],"picked":"Hologram","floor":18},{"not_picked":["Gash","Skim","Stack+1"],"picked":"SKIP","floor":24}],"player_experience":177193,"relics_obtained":[{"floor":7,"key":"Symbiotic Virus"},{"floor":9,"key":"Mercury Hourglass"},{"floor":14,"key":"Shuriken"},{"floor":24,"key":"Anchor"},{"floor":26,"key":"Ginger"}],"event_choices":[{"damage_healed":0,"gold_gain":0,"player_choice":"Forge","damage_taken":0,"max_hp_gain":0,"max_hp_loss":0,"event_name":"Accursed Blacksmith","floor":3,"gold_loss":0,"cards_upgraded":["Zap"]},{"damage_healed":0,"gold_gain":0,"player_choice":"Ignored","damage_taken":0,"max_hp_gain":0,"max_hp_loss":0,"event_name":"Liars Game","floor":5,"gold_loss":0},{"cards_removed":["Defend_B"],"damage_healed":0,"gold_gain":0,"player_choice":"Elegance","damage_taken":0,"max_hp_gain":0,"max_hp_loss":0,"event_name":"Back to Basics","floor":20,"gold_loss":0},{"damage_healed":0,"gold_gain":0,"player_choice":"Shed Blood","damage_taken":19,"max_hp_gain":5,"max_hp_loss":0,"event_name":"Forgotten Altar","floor":21,"gold_loss":0},{"damage_healed":0,"gold_gain":0,"player_choice":"Ignored","damage_taken":0,"max_hp_gain":0,"max_hp_loss":0,"event_name":"Vampires","floor":22,"gold_loss":0}],"is_beta":false,"boss_relics":[{"not_picked":["Eternal Feather","Fusion Hammer"],"picked":"Astrolabe"}],"items_purged_floors":[19],"is_endless":false,"potions_floor_spawned":[7,12,14,18],"killed_by":"Gremlin Leader","ascension_level":4}