{"gold_per_floor":[20,36,8,24,37,53,83,97,122,122,122,122,154,178,178,257,257,269,269,285,296,54,54,66,91,91,91,109,109,129,149,149,226,226,244,1243,1261,824,518,518,202,202,228,250,278,302,325,353,365,377,389],"floor_reached":52,"playtime":3327,"items_purged":["Strike_G","Normality","Dagger Throw","Underhanded Strike"],"score":1780,"play_id":"7f0046af-468a-404b-9269-d859dadb9ae2","local_time":"20181009031641","is_ascension_mode":true,"campfire_choices":[{"data":"Noxious Fumes","floor":10,"key":"SMITH"},{"data":"Neutralize","floor":12,"key":"SMITH"},{"data":"Deadly Poison","floor":15,"key":"SMITH"},{"floor":23,"key":"REST"},{"floor":29,"key":"REST"},{"floor":32,"key":"REST"},{"floor":40,"key":"REST"},{"floor":42,"key":"REST"},{"floor":49,"key":"REST"}],"neow_cost":"NO_GOLD","seed_source_timestamp":1660696440647285,"circlet_count":0,"master_deck":["Defend_G+1","Defend_G","Defend_G","Defend_G","Defend_G","Survivor","Neutralize+1","AscendersBane","Masterful Stab","Dagger Throw","Crippling Poison","Underhanded Strike","Deadly Poison+1","Noxious Fumes+1","Blur","Wraith Form v2","Catalyst+1","Die Die Die","Deadly Poison","Footwork","Terror","Corpse Explosion","Deflect+1","Prepared+1","Deflect+1"],"relics":["Ring of the Snake","Blood Vial","Pen Nib","Gambling Chip","Odd Mushroom","Fusion Hammer","Snake Skull","Anchor","Omamori","Runic Pyramid","WingedGreaves","Happy Flower","War Paint","MawBank"],"potions_floor_usage":[7,28,33,51],"damage_taken":[{"damage":4,"enemies":"Jaw Worm","floor":1,"turns":9},{"damage":0,"enemies":"Cultist","floor":2,"turns":4},{"damage":0,"enemies":"2 Louse","floor":4,"turns":3},{"damage":0,"enemies":"Exordium Wildlife","floor":5,"turns":4},{"damage":3,"enemies":"3 Louse","floor":6,"turns":4},{"damage":25,"enemies":"Lagavulin","floor":7,"turns":6},{"damage":6,"enemies":"Blue Slaver","floor":8,"turns":4},{"damage":7,"enemies":"3 Sentries","floor":13,"turns":7},{"damage":3,"enemies":"The Mushroom Lair","floor":14,"turns":4},{"damage":4,"enemies":"Hexaghost","floor":16,"turns":7},{"damage":0,"enemies":"Chosen","floor":18,"turns":3},{"damage":13,"enemies":"3 Byrds","floor":20,"turns":6},{"damage":5,"enemies":"Snake Plant","floor":21,"turns":4},{"damage":9,"enemies":"Cultist and Chosen","floor":24,"turns":3},{"damage":44,"enemies":"Book of Stabbing","floor":25,"turns":5},{"damage":12,"enemies":"Shelled Parasite and Fungi","floor":28,"turns":5},{"damage":0,"enemies":"3 Cultists","floor":30,"turns":4},{"damage":1,"enemies":"Centurion and Healer","floor":31,"turns":6},{"damage":32,"enemies":"Champ","floor":33,"turns":11},{"damage":4,"enemies":"3 Darklings","floor":35,"turns":5},{"damage":0,"enemies":"3 Shapes","floor":37,"turns":4},{"damage":0,"enemies":"Maw","floor":44,"turns":6},{"damage":13,"enemies":"Reptomancer","floor":45,"turns":3},{"damage":0,"enemies":"4 Shapes","floor":46,"turns":5},{"damage":0,"enemies":"3 Darklings","floor":47,"turns":2},{"damage":1,"enemies":"Spire Growth","floor":48,"turns":5},{"damage":57,"enemies":"Awakened One","floor":50,"turns":19},{"damage":10,"enemies":"Donu and Deca","floor":51,"turns":6}],"seed_played":"665553324665191640","potions_obtained":[{"floor":1,"key":"SpeedPotion"},{"floor":2,"key":"Fire Potion"},{"floor":4,"key":"FearPotion"},{"floor":16,"key":"SteroidPotion"},{"floor":18,"key":"Regen Potion"},{"floor":24,"key":"Weak Potion"},{"floor":28,"key":"GhostInAJar"},{"floor":31,"key":"PowerPotion"},{"floor":37,"key":"Poison Potion"}],"is_trial":false,"path_per_floor":["M","M","$","M","M","M","E","M","T","R","?","R","E","?","R","B",null,"M","?","M","M","$","R","M","E","T","?","M","R","M","M","R","B",null,"M","?","M","$","$","R","$","R","T","M","M","M","M","M","R","B","B"],"character_chosen":"THE_SILENT","items_purchased":["Dagger Throw","Snake Skull","WingedGreaves","Happy Flower","War Paint"],"campfire_rested":6,"item_purchase_floors":[3,22,38,39,41],"current_hp_per_floor":[55,55,55,55,55,52,27,23,23,23,23,23,18,17,17,15,53,55,55,44,41,41,60,53,11,11,11,16,35,37,38,57,27,56,54,54,56,56,56,66,66,66,66,66,53,55,57,58,66,9,1],"gold":401,"neow_bonus":"REMOVE_TWO","is_prod":false,"is_daily":false,"chose_seed":false,"campfire_upgraded":3,"win_rate":0,"timestamp":1539047801,"path_taken":["M","M","$","M","M","M","E","M","T","R","?","R","E","?","R","BOSS","M","?","M","M","$","R","M","E","T","?","M","R","M","M","R","BOSS","M","?","?","$","$","R","$","R","T","M","M","?","?","M","R","BOSS","BOSS"],"build_version":"2018-10-04v2","purchased_purges":4,"victory":true,"max_hp_per_floor":[66,66,66,66,66,66,66,66,66,66,66,66,66,66,66,66,66,66,66,66,66,66,66,66,66,66,66,66,66,66,66,66,66,66,66,66,66,66,66,66,66,66,66,66,66,66,66,66,66,66,66],"card_choices":[{"not_picked":["Caltrops","Bane"],"picked":"Masterful Stab","floor":1},{"not_picked":["Bane","Cloak And Dagger"],"picked":"Dagger Throw","floor":2},{"not_picked":["Accuracy","Riddle With Holes"],"picked":"Crippling Poison","floor":4},{"not_picked":["Dodge and Roll","Distraction"],"picked":"Underhanded Strike","floor":5},{"not_picked":["Prepared","Bane"],"picked":"Deadly Poison","floor":6},{"not_picked":["Heel Hook","Dodge and Roll"],"picked":"Noxious Fumes","floor":7},{"not_picked":["Poisoned Stab","Slice","Eviscerate"],"picked":"SKIP","floor":8},{"not_picked":["Slice","Flechettes","Dagger Throw"],"picked":"SKIP","floor":13},{"not_picked":["Concentrate","Eviscerate"],"picked":"Blur","floor":14},{"not_picked":["A Thousand Cuts","Storm of Steel"],"picked":"Wraith Form v2","floor":16},{"not_picked":["Dodge and Roll","Quick Slash"],"picked":"Catalyst","floor":18},{"not_picked":["Prepared+1","Backflip"],"picked":"Underhanded Strike","floor":20},{"not_picked":["Underhanded Strike","Skewer","Poisoned Stab+1"],"picked":"SKIP","floor":21},{"not_picked":["Blade Dance","Backflip"],"picked":"Footwork","floor":24},{"not_picked":["Finisher","Outmaneuver"],"picked":"Terror","floor":25},{"not_picked":["Slice+1","Blade Dance","Underhanded Strike"],"picked":"SKIP","floor":28},{"not_picked":["Phantasmal Killer","Outmaneuver","Dash"],"picked":"SKIP","floor":30},{"not_picked":["Blade Dance","Quick Slash","Prepared"],"picked":"SKIP","floor":31},{"not_picked":["Wraith Form v2","Storm of Steel"],"picked":"Corpse Explosion","floor":33},{"not_picked":["Backstab","Cloak And Dagger","Caltrops"],"picked":"SKIP","floor":35},{"not_picked":["Quick Slash+1","All Out Attack","Acrobatics"],"picked":"SKIP","floor":37},{"not_picked":["Finisher","Deflect","Prepared"],"picked":"SKIP","floor":44},{"not_picked":["Bane","Eviscerate"],"picked":"Deflect+1","floor":45},{"not_picked":["Tactician","Expertise"],"picked":"Prepared+1","floor":46},{"not_picked":["Blade Dance","Deflect","Dodge and Roll"],"picked":"SKIP","floor":47},{"not_picked":["Dagger Spray","Blade Dance+1"],"picked":"Deflect+1","floor":48}],"player_experience":1384094,"relics_obtained":[{"floor":7,"key":"Blood Vial"},{"floor":9,"key":"Pen Nib"},{"floor":13,"key":"Gambling Chip"},{"floor":14,"key":"Odd Mushroom"},{"floor":25,"key":"Anchor"},{"floor":26,"key":"Omamori"},{"floor":43,"key":"MawBank"}],"event_choices":[{"event_name":"Liars Game","player_choice":"disagreed","floor":11,"damage_taken":0},{"event_name":"Mushrooms","player_choice":"Fought Mushrooms","floor":14,"damage_taken":0},{"event_name":"Drug Dealer","player_choice":"Became Test Subject","floor":19,"damage_taken":0},{"event_name":"Forgotten Altar","player_choice":"Smashed Altar","floor":27,"damage_taken":0},{"event_name":"MindBloom","player_choice":"Gold","floor":36,"damage_taken":0}],"is_beta":false,"boss_relics":[{"not_picked":["Astrolabe","Black Star"],"picked":"Fusion Hammer"},{"not_picked":["Velvet Choker","Tiny House"],"picked":"Runic Pyramid"}],"items_purged_floors":[22,38,39,41],"is_endless":false,"potions_floor_spawned":[1,2,4,6,16,18,24,28,30,31,37,44,45,48],"ascension_level":20}