{"gold_per_floor":[110,185,25,25,40,68,68,87,87,147,147,157,157,173,173,173],"floor_reached":16,"playtime":583,"items_purged":["Strike_G"],"score":250,"play_id":"2452970d-c6ef-45d0-82a6-a30d5039ae8c","local_time":"20190224210139","is_ascension_mode":true,"campfire_choices":[{"data":"A Thousand Cuts","floor":7,"key":"SMITH"},{"data":"Noxious Fumes","floor":11,"key":"SMITH"},{"data":"Calculated Gamble","floor":13,"key":"SMITH"},{"data":"Neutralize","floor":15,"key":"SMITH"}],"neow_cost":"NONE","seed_source_timestamp":689181970089252,"circlet_count":0,"master_deck":["AscendersBane","Defend_G","Defend_G","Defend_G","Defend_G","Defend_G","Strike_G","Strike_G","Strike_G","Strike_G","Survivor","Neutralize+1","Masterful Stab","Noxious Fumes+1","Calculated Gamble+1","A Thousand Cuts+1"],"relics":["Ring of the Snake","NeowsBlessing","Dead Branch","Singing Bowl","Blood Vial"],"potions_floor_usage":[10,10,16],"damage_taken":[{"damage":0,"enemies":"Small Slimes","floor":1,"turns":1},{"damage":0,"enemies":"2 Louse","floor":5,"turns":2},{"damage":0,"enemies":"Lagavulin","floor":6,"turns":1},{"damage":4,"enemies":"Jaw Worm","floor":8,"turns":2},{"damage":28,"enemies":"Gremlin Nob","floor":10,"turns":4},{"damage":4,"enemies":"Large Slime","floor":12,"turns":6},{"damage":1,"enemies":"Looter","floor":14,"turns":3},{"damage":31,"enemies":"Slime Boss","floor":16,"turns":6}],"seed_played":"6093459921427165532","potions_obtained":[{"floor":1,"key":"Poison Potion"},{"floor":6,"key":"Fire Potion"},{"floor":10,"key":"Strength Potion"}],"is_trial":false,"path_per_floor":["M","?","$","?","M","E","R","M","T","?","R","M","R","M","R","B"],"character_chosen":"THE_SILENT","items_purchased":["Noxious Fumes"],"campfire_rested":0,"item_purchase_floors":[3],"current_hp_per_floor":[59,48,48,48,48,48,48,44,44,18,18,18,18,21,21,0],"gold":173,"neow_bonus":"THREE_ENEMY_KILL","is_prod":false,"is_daily":false,"chose_seed":false,"campfire_upgraded":4,"win_rate":0,"timestamp":1551038499,"path_taken":["M","?","$","?","M","E","R","M","T","?","R","M","R","?","R","BOSS"],"build_version":"2019-01-23","purchased_purges":1,"victory":false,"max_hp_per_floor":[66,66,66,66,66,66,66,66,66,68,68,70,70,72,72,72],"card_choices":[{"not_picked":["Sucker Punch","Distraction"],"picked":"Masterful Stab","floor":1},{"not_picked":["Slice","Outmaneuver"],"picked":"Calculated Gamble","floor":5},{"not_picked":["Doppelganger","Blade Dance"],"picked":"A Thousand Cuts","floor":6},{"not_picked":["Underhanded Strike","All Out Attack","Dodge and Roll"],"picked":"SKIP","floor":8},{"not_picked":["Setup","Quick Slash","Acrobatics"],"picked":"Singing Bowl","floor":10},{"not_picked":["Prepared","All Out Attack","Caltrops"],"picked":"Singing Bowl","floor":12},{"not_picked":["Setup","Poisoned Stab","Dagger Throw"],"picked":"Singing Bowl","floor":14}],"player_experience":1929723,"relics_obtained":[{"floor":6,"key":"Dead Branch"},{"floor":9,"key":"Singing Bowl"},{"floor":10,"key":"Blood Vial"}],"event_choices":[{"damage_healed":0,"gold_gain":75,"player_choice":"Gather Gold","damage_taken":11,"max_hp_gain":0,"max_hp_loss":0,"event_name":"World of Goop","floor":2,"gold_loss":0},{"damage_healed":0,"gold_gain":0,"player_choice":"Ignored","damage_taken":0,"max_hp_gain":0,"max_hp_loss":0,"event_name":"Liars Game","floor":4,"gold_loss":0},{"damage_healed":0,"gold_gain":30,"player_choice":"Searched \u00272\u0027 times","damage_taken":0,"max_hp_gain":0,"max_hp_loss":0,"event_name":"Dead Adventurer","floor":10,"gold_loss":0}],"is_beta":false,"boss_relics":[],"items_purged_floors":[3],"is_endless":false,"potions_floor_spawned":[1,6,10],"killed_by":"Slime Boss","ascension_level":20}