{"gold_per_floor":[115,127,147,158,168,168,182,182,182,16,46,63,96,96,96,170,170,187,206,206,19,43,43,4,4,31,31,50,60,76,91,91,168,168,182,1181,1181,1195,1208,1208,1226,1257,1257,74,102,102,120,140,140,140,140],"floor_reached":52,"playtime":4280,"items_purged":["Strike_B","Normality"],"score":1806,"play_id":"3cbb5122-c806-4eab-8159-cc1179a80719","local_time":"20190310121606","is_ascension_mode":true,"campfire_choices":[{"data":"Beam Cell","floor":6.0,"key":"SMITH"},{"floor":8.0,"key":"REST"},{"floor":15.0,"key":"REST"},{"data":"Defragment","floor":23.0,"key":"SMITH"},{"data":"Capacitor","floor":25.0,"key":"SMITH"},{"data":"Defragment","floor":27.0,"key":"SMITH"},{"floor":32.0,"key":"REST"},{"floor":40.0,"key":"REST"},{"floor":46,"key":"REST"},{"floor":49,"key":"REST"}],"neow_cost":"NONE","seed_source_timestamp":434498740874472,"circlet_count":0,"master_deck":["AscendersBane","Strike_B","Strike_B","Strike_B","Defend_B","Defend_B","Defend_B","Defend_B","Zap","Dualcast","White Noise","Beam Cell+1","Compile Driver","Capacitor+1","Cold Snap","Skim","Defragment+1","Go for the Eyes+1","Turbo","Core Surge+1","Gash+1","Gash+1","Coolheaded","Cold Snap+1","Defragment+1","Barrage+1","Capacitor","Barrage+1","Seek","Loop+1","Apotheosis+1","Glacier+1"],"special_seed":0,"relics":["FrozenCore","Lantern","Darkstone Periapt","DataDisk","Molten Egg 2","Bottled Flame","Anchor","Potion Belt","Lizard Tail","Shuriken","The Courier","Oddly Smooth Stone","Toxic Egg 2","Mango","Toolbox","Happy Flower","Blood Vial"],"potions_floor_usage":[45,47,50,51],"damage_taken":[{"damage":7.0,"enemies":"Jaw Worm","floor":1.0,"turns":3.0},{"damage":6.0,"enemies":"2 Louse","floor":2.0,"turns":3.0},{"damage":2.0,"enemies":"Cultist","floor":3.0,"turns":4.0},{"damage":0.0,"enemies":"Exordium Wildlife","floor":4.0,"turns":1.0},{"damage":10.0,"enemies":"Lots of Slimes","floor":5.0,"turns":5.0},{"damage":0.0,"enemies":"3 Louse","floor":7.0,"turns":2.0},{"damage":8.0,"enemies":"Gremlin Nob","floor":11.0,"turns":3.0},{"damage":13.0,"enemies":"Gremlin Gang","floor":12.0,"turns":5.0},{"damage":18.0,"enemies":"3 Sentries","floor":13.0,"turns":6.0},{"damage":39.0,"enemies":"Slime Boss","floor":16.0,"turns":7.0},{"damage":10.0,"enemies":"Shell Parasite","floor":18.0,"turns":7.0},{"damage":4.0,"enemies":"Spheric Guardian","floor":19.0,"turns":5.0},{"damage":0.0,"enemies":"Centurion and Healer","floor":28.0,"turns":10.0},{"damage":3.0,"enemies":"3 Cultists","floor":29.0,"turns":8.0},{"damage":0.0,"enemies":"Snecko","floor":30.0,"turns":6.0},{"damage":4.0,"enemies":"Sentry and Sphere","floor":31.0,"turns":8.0},{"damage":15.0,"enemies":"Collector","floor":33.0,"turns":11.0},{"damage":15.0,"enemies":"3 Shapes","floor":35.0,"turns":14.0},{"damage":9.0,"enemies":"Orb Walker","floor":38.0,"turns":5.0},{"damage":15.0,"enemies":"Jaw Worm Horde","floor":39.0,"turns":7.0},{"damage":0,"enemies":"Maw","floor":41,"turns":9},{"damage":10,"enemies":"Nemesis","floor":42,"turns":11},{"damage":51,"enemies":"Reptomancer","floor":45,"turns":8},{"damage":0,"enemies":"Spire Growth","floor":47,"turns":6},{"damage":3,"enemies":"4 Shapes","floor":48,"turns":7},{"damage":28,"enemies":"Awakened One","floor":50,"turns":15},{"damage":25,"enemies":"Donu and Deca","floor":51,"turns":11}],"seed_played":"-3156722852721039559","potions_obtained":[{"floor":2.0,"key":"SkillPotion"},{"floor":3.0,"key":"Explosive Potion"},{"floor":7.0,"key":"Dexterity Potion"},{"floor":11.0,"key":"Dexterity Potion"},{"floor":12.0,"key":"SteroidPotion"},{"floor":13.0,"key":"SpeedPotion"},{"floor":18.0,"key":"Explosive Potion"},{"floor":28.0,"key":"Poison Potion"},{"floor":31.0,"key":"Ancient Potion"},{"floor":33.0,"key":"EssenceOfSteel"},{"floor":35.0,"key":"FocusPotion"},{"floor":38.0,"key":"FairyPotion"},{"floor":41,"key":"FearPotion"},{"floor":48,"key":"Block Potion"}],"is_trial":false,"path_per_floor":["M","M","M","M","M","R","M","R","T","$","E","M","E","?","R","B",null,"M","M","?","$","T","R","$","R","T","R","M","M","M","M","R","B",null,"M","?","?","M","M","R","M","E","T","$","E","R","M","M","R","B","B",null],"character_chosen":"DEFECT","items_purchased":["DataDisk","Coolheaded","Cold Snap+1","Defragment","Oddly Smooth Stone","Toxic Egg 2","Mango","Apotheosis+1","Toolbox","Happy Flower","AttackPotion"],"campfire_rested":6,"item_purchase_floors":[10,21,21,24,44,44,44,44,44,44,44],"current_hp_per_floor":[57,51,49,49,39,39,39,60,60,60,52,39,21,21,42,3,54,44,40,40,40,40,40,40,40,40,40,40,37,37,33,54,39,63,48,60,60,51,36,60,60,50,50,64,13,42,44,43,72,46,23],"gold":140,"neow_bonus":"RANDOM_COMMON_RELIC","is_prod":false,"is_daily":false,"chose_seed":false,"campfire_upgraded":4,"win_rate":0,"timestamp":1552212966,"path_taken":["M","M","M","M","M","R","M","R","T","$","E","M","E","?","R","BOSS","M","M","?","$","?","R","?","R","T","R","?","M","M","M","R","BOSS","M","?","?","M","M","R","?","E","T","$","E","R","M","M","R","BOSS","BOSS"],"build_version":"2019-01-23","purchased_purges":2,"victory":true,"max_hp_per_floor":[71,71,71,71,71,71,71,71,71,71,71,71,71,71,71,71,71,71,71,71,71,71,71,71,71,71,71,71,71,71,71,71,71,71,71,83,83,83,83,83,83,83,83,97,97,97,97,97,97,97,97],"card_choices":[{"not_picked":["Cold Snap","Melter"],"picked":"White Noise","floor":1.0},{"not_picked":["Coolheaded","Hello World"],"picked":"Beam Cell","floor":2.0},{"not_picked":["Redo","Heatsinks"],"picked":"Compile Driver","floor":3.0},{"not_picked":["Beam Cell","Reinforced Body"],"picked":"Capacitor","floor":4.0},{"not_picked":["Recycle","Leap"],"picked":"Cold Snap","floor":5.0},{"not_picked":["Reprogram","Undo"],"picked":"Skim","floor":7.0},{"not_picked":["Steam","Coolheaded"],"picked":"Defragment","floor":11.0},{"not_picked":["Rebound+1","Stack"],"picked":"Go for the Eyes+1","floor":12.0},{"not_picked":["Skim","Darkness"],"picked":"Turbo","floor":13.0},{"not_picked":["Thunder Strike+1","Machine Learning"],"picked":"Core Surge+1","floor":16.0},{"not_picked":["Sweeping Beam+1","Auto Shields"],"picked":"Gash+1","floor":18.0},{"not_picked":["Steam","Turbo"],"picked":"Gash+1","floor":19.0},{"not_picked":["Auto Shields","Force Field"],"picked":"Barrage+1","floor":28.0},{"not_picked":["Rebound+1","Darkness+1","Self Repair"],"picked":"SKIP","floor":29.0},{"not_picked":["Turbo","Ball Lightning+1"],"picked":"Capacitor","floor":30.0},{"not_picked":["Cold Snap+1","Conserve Battery"],"picked":"Barrage+1","floor":31.0},{"not_picked":["Biased Cognition","Amplify"],"picked":"Seek","floor":33.0},{"not_picked":["Reinforced Body","Compile Driver+1","Redo"],"picked":"SKIP","floor":35.0},{"not_picked":["Steam","Self Repair","Steam Power"],"picked":"SKIP","floor":38.0},{"not_picked":["Redo","Rebound+1"],"picked":"Loop+1","floor":39.0},{"not_picked":["Compile Driver+1","Storm","Leap"],"picked":"SKIP","floor":41},{"not_picked":["Redo","Darkness","White Noise"],"picked":"SKIP","floor":42},{"not_picked":["Cold Snap+1","Doom and Gloom+1","Rip and Tear+1"],"picked":"SKIP","floor":45},{"not_picked":["Cold Snap+1","Scrape+1"],"picked":"Glacier+1","floor":47},{"not_picked":["Steam+1","Coolheaded+1","Redo+1"],"picked":"SKIP","floor":48}],"player_experience":1575443,"relics_obtained":[{"floor":9.0,"key":"Darkstone Periapt"},{"floor":11.0,"key":"Molten Egg 2"},{"floor":13.0,"key":"Bottled Flame"},{"floor":22.0,"key":"Anchor"},{"floor":26.0,"key":"Potion Belt"},{"floor":42,"key":"Shuriken"},{"floor":43,"key":"The Courier"},{"floor":45,"key":"Blood Vial"}],"event_choices":[{"damage_healed":0.0,"max_hp_gain":0.0,"max_hp_loss":0.0,"gold_gain":0.0,"event_name":"Shining Light","player_choice":"Ignored","floor":14.0,"gold_loss":0.0,"damage_taken":0.0},{"damage_healed":0.0,"max_hp_gain":0.0,"max_hp_loss":0.0,"gold_gain":0.0,"event_name":"N\u0027loth","player_choice":"Ignored","floor":20.0,"gold_loss":0.0,"damage_taken":0.0},{"damage_healed":0.0,"max_hp_gain":0.0,"max_hp_loss":0.0,"gold_gain":999.0,"event_name":"MindBloom","player_choice":"Gold","floor":36.0,"gold_loss":0.0,"damage_taken":0.0,"cards_obtained":["Normality","Normality"]},{"cards_removed":["Normality"],"damage_healed":0.0,"max_hp_gain":0.0,"max_hp_loss":0.0,"gold_gain":0.0,"event_name":"Purifier","player_choice":"Purged","floor":37.0,"gold_loss":0.0,"damage_taken":0.0}],"is_beta":false,"boss_relics":[{"not_picked":["Velvet Choker","Snecko Eye"],"picked":"FrozenCore"},{"not_picked":["Runic Pyramid","Runic Dome"],"picked":"Lizard Tail"}],"items_purged_floors":[21,44],"is_endless":false,"potions_floor_spawned":[2,3,7,11,12,13,18,28,31,33,35,38,41,48],"ascension_level":20}