{"gold_per_floor":[112,125,125,141,160,160,195,195,195,270,289,303,303,303,303,397,397,410,428,24,24,48,84,102,102,102,140,140,181,181],"floor_reached":30,"playtime":1753,"items_purged":["Strike_B"],"score":630,"play_id":"9f0bdaaf-7f2f-40c8-a6d0-73c72579212b","local_time":"20190128221158","is_ascension_mode":true,"campfire_choices":[{"data":"Sweeping Beam","floor":6,"key":"SMITH"},{"data":"Biased Cognition","floor":8,"key":"SMITH"},{"data":"Coolheaded","floor":13,"key":"SMITH"},{"data":"Coolheaded","floor":15,"key":"SMITH"},{"floor":25,"key":"REST"}],"neow_cost":"NONE","seed_source_timestamp":1111340870496740,"circlet_count":0,"master_deck":["AscendersBane","Strike_B","Strike_B","Strike_B","Defend_B","Defend_B","Defend_B","Defend_B","Zap","Dualcast","Cold Snap","Sweeping Beam+1","Genetic Algorithm","Conserve Battery","Biased Cognition+1","Coolheaded+1","Coolheaded+1","Creative AI","Stack+1","Force Field","Self Repair","Doom and Gloom+1","Capacitor","Ball Lightning","Biased Cognition","Echo Form"],"relics":["Blood Vial","Golden Idol","Happy Flower","Snecko Eye","Membership Card","Art of War","CultistMask","Gremlin Horn","Omamori","Orichalcum","Nloth\u0027s Gift","Bag of Marbles"],"potions_floor_usage":[7,16,16,19,29,29],"damage_taken":[{"damage":7,"enemies":"Jaw Worm","floor":1,"turns":4},{"damage":5,"enemies":"Small Slimes","floor":2,"turns":3},{"damage":0,"enemies":"Cultist","floor":4,"turns":3},{"damage":18,"enemies":"3 Louse","floor":5,"turns":3},{"damage":23,"enemies":"Lagavulin","floor":7,"turns":10},{"damage":6,"enemies":"Red Slaver","floor":11,"turns":4},{"damage":1,"enemies":"Exordium Wildlife","floor":12,"turns":4},{"damage":26,"enemies":"The Guardian","floor":16,"turns":14},{"damage":0,"enemies":"Spheric Guardian","floor":18,"turns":4},{"damage":6,"enemies":"Shell Parasite","floor":19,"turns":7},{"damage":12,"enemies":"Snecko","floor":22,"turns":5},{"damage":45,"enemies":"Gremlin Leader","floor":23,"turns":9},{"damage":11,"enemies":"Snake Plant","floor":24,"turns":7},{"damage":0,"enemies":"Book of Stabbing","floor":27,"turns":5},{"damage":20,"enemies":"Slavers","floor":29,"turns":7},{"damage":51,"enemies":"Cultist and Chosen","floor":30,"turns":6}],"seed_played":"2469623300182745163","potions_obtained":[{"floor":1,"key":"EssenceOfSteel"},{"floor":5,"key":"Explosive Potion"},{"floor":11,"key":"Strength Potion"},{"floor":16,"key":"Weak Potion"},{"floor":18,"key":"Regen Potion"},{"floor":27,"key":"SkillPotion"}],"is_trial":false,"path_per_floor":["M","M","?","M","M","R","E","R","T","?","M","M","R","?","R","B",null,"M","M","$","?","M","E","M","R","T","E","?","E","M"],"character_chosen":"DEFECT","items_purchased":["Membership Card","Art of War","Force Field","Self Repair"],"campfire_rested":1,"item_purchase_floors":[20,20,20,20],"current_hp_per_floor":[59,56,56,58,42,42,21,21,21,10,6,7,7,28,28,4,49,51,62,62,62,59,23,21,40,40,49,49,38,0],"gold":181,"neow_bonus":"RANDOM_COMMON_RELIC","is_prod":false,"is_daily":false,"chose_seed":false,"campfire_upgraded":4,"win_rate":0,"timestamp":1548709918,"path_taken":["M","M","?","M","M","R","E","R","T","?","M","M","R","?","R","BOSS","M","M","$","?","?","E","M","R","T","E","?","E","M"],"build_version":"2019-01-23","purchased_purges":1,"victory":false,"max_hp_per_floor":[71,71,64,64,64,64,64,64,64,64,64,64,64,64,64,64,64,64,64,64,64,64,64,64,64,64,64,64,64,64],"card_choices":[{"not_picked":["Darkness","Undo"],"picked":"Cold Snap","floor":1},{"not_picked":["Rebound","Beam Cell"],"picked":"Sweeping Beam","floor":2},{"not_picked":["Steam","Go for the Eyes"],"picked":"Genetic Algorithm","floor":4},{"not_picked":["Amplify","Go for the Eyes"],"picked":"Conserve Battery","floor":5},{"not_picked":["Cold Snap","Stack"],"picked":"Biased Cognition","floor":7},{"not_picked":["Leap","Beam Cell"],"picked":"Coolheaded","floor":11},{"not_picked":["Steam Power","FTL"],"picked":"Coolheaded","floor":12},{"not_picked":["Machine Learning","Amplify"],"picked":"Creative AI","floor":16},{"not_picked":["Beam Cell","Melter","Rebound"],"picked":"SKIP","floor":18},{"not_picked":["Gash","Blizzard"],"picked":"Stack+1","floor":19},{"not_picked":["Heatsinks","Sweeping Beam"],"picked":"Doom and Gloom+1","floor":22},{"not_picked":["Self Repair","Gash"],"picked":"Capacitor","floor":23},{"not_picked":["Rebound","Tempest"],"picked":"Ball Lightning","floor":24},{"not_picked":["Redo+1","Turbo"],"picked":"Biased Cognition","floor":27},{"not_picked":["Steam+1","Go for the Eyes+1"],"picked":"Echo Form","floor":29}],"player_experience":1820033,"relics_obtained":[{"floor":7,"key":"Happy Flower"},{"floor":23,"key":"Gremlin Horn"},{"floor":26,"key":"Omamori"},{"floor":27,"key":"Orichalcum"},{"floor":29,"key":"Bag of Marbles"}],"event_choices":[{"damage_healed":0,"gold_gain":0,"player_choice":"Lose Max HP","damage_taken":0,"relics_obtained":["Golden Idol"],"max_hp_gain":0,"max_hp_loss":7,"event_name":"Golden Idol","floor":3,"gold_loss":0},{"damage_healed":0,"gold_gain":75,"player_choice":"Gather Gold","damage_taken":11,"max_hp_gain":0,"max_hp_loss":0,"event_name":"World of Goop","floor":10,"gold_loss":0},{"damage_healed":21,"gold_gain":0,"player_choice":"Banana","damage_taken":0,"max_hp_gain":0,"max_hp_loss":0,"event_name":"Big Fish","floor":14,"gold_loss":0},{"damage_healed":0,"gold_gain":0,"player_choice":"Trade","damage_taken":0,"relics_obtained":["CultistMask"],"max_hp_gain":0,"max_hp_loss":0,"event_name":"FaceTrader","floor":21,"gold_loss":0},{"damage_healed":0,"gold_gain":0,"player_choice":"Traded Relic","damage_taken":0,"relics_obtained":["Nloth\u0027s Gift"],"max_hp_gain":0,"max_hp_loss":0,"event_name":"N\u0027loth","floor":28,"relics_lost":["Cracked Core"],"gold_loss":0}],"is_beta":false,"boss_relics":[{"not_picked":["Cursed Key","Tiny House"],"picked":"Snecko Eye"}],"items_purged_floors":[20],"is_endless":false,"potions_floor_spawned":[1,5,11,16,18,27],"killed_by":"Cultist and Chosen","ascension_level":20}