{"gold_per_floor":[110,110,110,110,110,110,125,138,138,155,155,168,187,218,218,314,314,330,330,330,31,50,50,50,50,122,122,47,64,64,84,84,84],"floor_reached":33,"playtime":1364,"items_purged":["Defend_B"],"score":343,"play_id":"893e38b0-3143-4558-9980-5d7e27c1ffdd","local_time":"20190309003555","is_ascension_mode":true,"campfire_choices":[{"data":"Zap","floor":6,"key":"SMITH"},{"data":"Sunder","floor":11,"key":"SMITH"},{"floor":15,"key":"REST"},{"data":"Self Repair","floor":23,"key":"SMITH"},{"data":"Buffer","floor":25,"key":"SMITH"},{"floor":32,"key":"REST"}],"neow_cost":"TEN_PERCENT_HP_LOSS","seed_source_timestamp":45250862247701,"circlet_count":0,"master_deck":["Defend_B","Zap+1","Dualcast","Leap","Sunder+1","Leap+1","Double Energy+1","Reinforced Body+1","Buffer+1","Hologram+1","Glacier+1","Self Repair+1","Capacitor","Hyperbeam"],"relics":["Cracked Core","Emotion Chip","Sundial","Toxic Egg 2","Mummified Hand","Empty Cage","Bag of Marbles","Matryoshka"],"potions_floor_usage":[10,14],"damage_taken":[{"damage":2,"enemies":"Jaw Worm","floor":1,"turns":3},{"damage":4,"enemies":"2 Louse","floor":7,"turns":2},{"damage":0,"enemies":"Small Slimes","floor":8,"turns":4},{"damage":3,"enemies":"Blue Slaver","floor":10,"turns":3},{"damage":0,"enemies":"Large Slime","floor":12,"turns":3},{"damage":1,"enemies":"Looter","floor":13,"turns":3},{"damage":26,"enemies":"Gremlin Nob","floor":14,"turns":4},{"damage":23,"enemies":"Slime Boss","floor":16,"turns":9},{"damage":12,"enemies":"Spheric Guardian","floor":18,"turns":7},{"damage":8,"enemies":"Chosen","floor":22,"turns":12},{"damage":0,"enemies":"Snecko","floor":29,"turns":6},{"damage":4,"enemies":"Centurion and Healer","floor":31,"turns":15},{"damage":89,"enemies":"Collector","floor":33,"turns":15}],"seed_played":"8868488195532646211","potions_obtained":[{"floor":7,"key":"Block Potion"},{"floor":13,"key":"EssenceOfSteel"},{"floor":16,"key":"GamblersBrew"}],"is_trial":false,"path_per_floor":["M","?","?","?","?","R","M","M","T","M","R","M","M","E","R","B",null,"M","?","?","$","M","R","$","R","T","?","?","M","?","M","R","B"],"character_chosen":"DEFECT","items_purchased":["Glacier+1","Bag of Marbles"],"campfire_rested":2,"item_purchase_floors":[21,21],"current_hp_per_floor":[66,66,66,68,56,56,52,52,52,49,49,49,48,22,42,19,56,44,44,44,44,36,36,36,36,36,24,24,34,34,40,61,0],"gold":84,"neow_bonus":"ONE_RARE_RELIC","is_prod":false,"is_daily":false,"chose_seed":false,"campfire_upgraded":4,"win_rate":0,"timestamp":1552120555,"path_taken":["M","?","?","?","?","R","M","M","T","M","R","M","M","E","R","BOSS","M","?","?","?","M","R","$","R","T","?","?","M","?","M","R","BOSS"],"build_version":"2019-01-23","purchased_purges":1,"victory":false,"max_hp_per_floor":[68,68,68,68,68,68,68,68,68,68,68,68,68,68,68,68,68,68,68,68,68,68,68,68,68,68,73,73,73,73,73,73,73],"card_choices":[{"not_picked":["Stack","Hologram","Turbo"],"picked":"SKIP","floor":1},{"not_picked":["Beam Cell","Rebound"],"picked":"Leap","floor":7},{"not_picked":["Leap","Stack"],"picked":"Sunder","floor":8},{"not_picked":["Reprogram+1","Steam+1"],"picked":"Leap+1","floor":10},{"not_picked":["All For One","Doom and Gloom","Storm"],"picked":"SKIP","floor":12},{"not_picked":["All For One","Doom and Gloom","Storm"],"picked":"SKIP","floor":12},{"not_picked":["Gash","Redo+1"],"picked":"Double Energy+1","floor":13},{"not_picked":["Steam Power+1","Heatsinks"],"picked":"Reinforced Body+1","floor":14},{"not_picked":["All For One","Multi-Cast+1"],"picked":"Buffer","floor":16},{"not_picked":["Steam+1","Compile Driver"],"picked":"Hologram+1","floor":18},{"not_picked":["Coolheaded+1","Conserve Battery+1"],"picked":"Self Repair","floor":22},{"not_picked":["Hologram+1","Turbo+1","Leap+1"],"picked":"SKIP","floor":29},{"not_picked":["Loop","Beam Cell+1","Recycle+1"],"picked":"SKIP","floor":31}],"player_experience":377675,"relics_obtained":[{"floor":9,"key":"Toxic Egg 2"},{"floor":14,"key":"Mummified Hand"},{"floor":26,"key":"Matryoshka"}],"event_choices":[{"damage_healed":0,"gold_gain":0,"player_choice":"Ignored","damage_taken":0,"max_hp_gain":0,"max_hp_loss":0,"event_name":"Liars Game","floor":2,"gold_loss":0},{"cards_removed":["Strike_B"],"damage_healed":0,"gold_gain":0,"player_choice":"Forget","damage_taken":0,"max_hp_gain":0,"max_hp_loss":0,"event_name":"Living Wall","floor":3,"gold_loss":0},{"damage_healed":22,"gold_gain":0,"player_choice":"Banana","damage_taken":0,"max_hp_gain":0,"max_hp_loss":0,"event_name":"Big Fish","floor":4,"gold_loss":0},{"damage_healed":0,"gold_gain":0,"player_choice":"Success","damage_taken":12,"relics_obtained":["Sundial"],"max_hp_gain":0,"max_hp_loss":0,"event_name":"Scrap Ooze","floor":5,"gold_loss":0},{"damage_healed":0,"gold_gain":0,"player_choice":"Ignored","damage_taken":0,"max_hp_gain":0,"max_hp_loss":0,"event_name":"Ghosts","floor":19,"gold_loss":0},{"damage_healed":0,"gold_gain":0,"player_choice":"Ignored","damage_taken":0,"max_hp_gain":0,"max_hp_loss":0,"event_name":"The Mausoleum","floor":20,"gold_loss":0},{"damage_healed":0,"gold_gain":0,"player_choice":"Shed Blood","damage_taken":17,"max_hp_gain":5,"max_hp_loss":0,"event_name":"Forgotten Altar","floor":27,"gold_loss":0},{"cards_removed":["Defend_B"],"damage_healed":0,"gold_gain":0,"player_choice":"Gave Gold","damage_taken":0,"max_hp_gain":0,"max_hp_loss":0,"event_name":"Beggar","floor":28,"gold_loss":75},{"damage_healed":0,"gold_gain":0,"cards_transformed":["Defend_B","Strike_B"],"player_choice":"Became Test Subject","damage_taken":0,"max_hp_gain":0,"max_hp_loss":0,"event_name":"Drug Dealer","floor":30,"gold_loss":0,"cards_obtained":["Capacitor","Hyperbeam"]}],"is_beta":false,"boss_relics":[{"not_picked":["Fusion Hammer","Ectoplasm"],"picked":"Empty Cage"}],"items_purged_floors":[21],"is_endless":false,"potions_floor_spawned":[7,13,16],"killed_by":"Collector","ascension_level":8}