{"gold_per_floor":[112,112,126,401,413,413,413,439,439,45,73,73,89,113,125,214,226,254,281,293,317,341,353,382,419,431,443],"floor_reached":27,"playtime":1729,"items_purged":["Strike_B"],"score":536,"play_id":"48c0f391-e9e4-44dc-a576-62c0e1d00e10","local_time":"20190105231935","is_ascension_mode":true,"campfire_choices":[{"data":"Self Repair","floor":7,"key":"SMITH"},{"data":"Tempest","floor":12,"key":"SMITH"},{"data":"Sweeping Beam","floor":15,"key":"SMITH"},{"data":"Coolheaded","floor":23,"key":"SMITH"}],"neow_cost":"NONE","seed_source_timestamp":1035255146144393,"circlet_count":0,"master_deck":["AscendersBane","Strike_B","Strike_B","Strike_B","Defend_B","Defend_B","Defend_B","Defend_B","Zap","Dualcast","Ball Lightning","Self Repair+1","Sweeping Beam+1","Undo","Tempest+1","Static Discharge+1","Echo Form+1","Defragment+1","Defragment+1","Defragment+1","Coolheaded+1","Tempest+1","Coolheaded","Glacier"],"relics":["Cracked Core","PreservedInsect","Frozen Egg 2","Potion Belt","Blood Vial","MawBank","Runic Pyramid","Omamori","Thread and Needle"],"potions_floor_usage":[11,24,25,27,27,27],"damage_taken":[{"damage":0,"enemies":"Small Slimes","floor":1,"turns":3},{"damage":2,"enemies":"Jaw Worm","floor":3,"turns":4},{"damage":3,"enemies":"Cultist","floor":5,"turns":3},{"damage":35,"enemies":"3 Sentries","floor":8,"turns":6},{"damage":0,"enemies":"Gremlin Nob","floor":11,"turns":3},{"damage":5,"enemies":"Large Slime","floor":13,"turns":5},{"damage":10,"enemies":"The Guardian","floor":16,"turns":14},{"damage":42,"enemies":"2 Thieves","floor":18,"turns":5},{"damage":0,"enemies":"Chosen","floor":19,"turns":5},{"damage":24,"enemies":"3 Cultists","floor":21,"turns":4},{"damage":19,"enemies":"Snake Plant","floor":22,"turns":3},{"damage":22,"enemies":"Sentry and Sphere","floor":24,"turns":6},{"damage":22,"enemies":"Gremlin Leader","floor":25,"turns":8},{"damage":8,"enemies":"Colosseum Slavers","floor":27,"turns":6},{"damage":65,"enemies":"Colosseum Nobs","floor":27,"turns":3}],"seed_played":"4998889932934735341","potions_obtained":[{"floor":1,"key":"FocusPotion"},{"floor":8,"key":"AttackPotion"},{"floor":11,"key":"Fire Potion"},{"floor":21,"key":"AttackPotion"}],"is_trial":false,"path_per_floor":["M","?","M","?","M","?","R","E","T","$","E","R","M","T","R","B",null,"M","M","?","M","M","R","M","E","T","?"],"character_chosen":"DEFECT","items_purchased":["Potion Belt","EntropicBrew","Undo"],"campfire_rested":0,"item_purchase_floors":[10,10,10],"current_hp_per_floor":[71,60,58,58,55,55,55,30,30,30,40,40,47,47,47,49,71,51,73,73,61,44,44,44,44,44,0],"gold":443,"neow_bonus":"TEN_PERCENT_HP_BONUS","is_prod":false,"is_daily":false,"chose_seed":false,"campfire_upgraded":4,"win_rate":0,"timestamp":1546726775,"path_taken":["M","?","M","?","?","?","R","E","T","?","E","R","M","?","R","BOSS","M","M","?","?","M","R","M","E","T","?"],"build_version":"2019-01-03v4","purchased_purges":1,"victory":false,"max_hp_per_floor":[78,78,78,78,78,78,78,78,78,78,78,78,78,78,78,78,78,78,78,78,78,78,78,78,78,78,78],"card_choices":[{"not_picked":["Doom and Gloom","Gash"],"picked":"Ball Lightning","floor":1},{"not_picked":["Storm","Leap","Beam Cell"],"picked":"SKIP","floor":3},{"not_picked":["Go for the Eyes","Gash"],"picked":"Self Repair","floor":5},{"not_picked":["Reprogram","Streamline"],"picked":"Sweeping Beam","floor":8},{"not_picked":["Cold Snap","Ball Lightning"],"picked":"Tempest","floor":11},{"not_picked":["Hologram","White Noise"],"picked":"Static Discharge+1","floor":13},{"not_picked":["Amplify","Seek"],"picked":"Echo Form+1","floor":16},{"not_picked":["Turbo","Stack"],"picked":"Defragment+1","floor":18},{"not_picked":["Beam Cell","Rebound"],"picked":"Defragment+1","floor":19},{"not_picked":["White Noise","Genetic Algorithm"],"picked":"Coolheaded","floor":21},{"not_picked":["Force Field","Hologram"],"picked":"Tempest+1","floor":22},{"not_picked":["Gash","Reprogram"],"picked":"Coolheaded","floor":24},{"not_picked":["Hologram","Aggregate"],"picked":"Glacier","floor":25}],"player_experience":1768882,"relics_obtained":[{"floor":9,"key":"Frozen Egg 2"},{"floor":11,"key":"Blood Vial"},{"floor":14,"key":"MawBank"},{"floor":25,"key":"Omamori"},{"floor":26,"key":"Thread and Needle"}],"event_choices":[{"damage_healed":0,"gold_gain":0,"player_choice":"Success","damage_taken":11,"relics_obtained":["PreservedInsect"],"max_hp_gain":0,"max_hp_loss":0,"event_name":"Scrap Ooze","floor":2,"gold_loss":0},{"damage_healed":0,"gold_gain":275,"player_choice":"Desecrate","damage_taken":0,"max_hp_gain":0,"max_hp_loss":0,"event_name":"Golden Shrine","floor":4,"gold_loss":0,"cards_obtained":["Regret"]},{"cards_removed":["Regret"],"damage_healed":0,"gold_gain":0,"player_choice":"Forget","damage_taken":0,"max_hp_gain":0,"max_hp_loss":0,"event_name":"Living Wall","floor":6,"gold_loss":0},{"damage_healed":0,"gold_gain":0,"player_choice":"Copied","damage_taken":0,"max_hp_gain":0,"max_hp_loss":0,"event_name":"Duplicator","floor":20,"gold_loss":0,"cards_obtained":["Defragment"]},{"damage_healed":0,"gold_gain":0,"player_choice":"Fight","damage_taken":0,"max_hp_gain":0,"max_hp_loss":0,"event_name":"Colosseum","floor":27,"gold_loss":0},{"damage_healed":0,"gold_gain":0,"player_choice":"Fought Nobs","damage_taken":0,"max_hp_gain":0,"max_hp_loss":0,"event_name":"Colosseum","floor":27,"gold_loss":0}],"is_beta":false,"boss_relics":[{"not_picked":["Inserter","Eternal Feather"],"picked":"Runic Pyramid"}],"items_purged_floors":[10],"is_endless":false,"potions_floor_spawned":[1,8,11,21,27],"killed_by":"Colosseum Nobs","ascension_level":20}