{"gold_per_floor":[365,380,43,43,62,62,91,91,115,143,160,194,220,237,237,237],"floor_reached":16,"playtime":610,"items_purged":["Strike_B"],"score":290,"play_id":"9780e13d-25c2-42c7-81dd-1e6b680248a3","local_time":"20190218220808","is_ascension_mode":true,"campfire_choices":[{"data":"Zap","floor":6,"key":"SMITH"},{"data":"Go for the Eyes","floor":8,"key":"SMITH"},{"data":"Doom and Gloom","floor":15,"key":"SMITH"}],"neow_cost":"TEN_PERCENT_HP_LOSS","seed_source_timestamp":174675108636108,"circlet_count":0,"master_deck":["AscendersBane","Strike_B","Strike_B","Strike_B","Defend_B","Defend_B","Defend_B","Defend_B","Zap+1","Dualcast","Cold Snap","Undo","Ball Lightning","Go for the Eyes+1","Compile Driver","Doom and Gloom+1","Genetic Algorithm"],"relics":["Cracked Core","Meat on the Bone","Lantern","Vajra","Art of War","Anchor","Orichalcum"],"potions_floor_usage":[7,10],"damage_taken":[{"damage":6,"enemies":"Small Slimes","floor":1,"turns":3},{"damage":0,"enemies":"Cultist","floor":2,"turns":3},{"damage":0,"enemies":"Jaw Worm","floor":5,"turns":4},{"damage":11,"enemies":"3 Sentries","floor":7,"turns":6},{"damage":0,"enemies":"Gremlin Nob","floor":10,"turns":3},{"damage":4,"enemies":"Red Slaver","floor":11,"turns":3},{"damage":28,"enemies":"3 Sentries","floor":12,"turns":7},{"damage":0,"enemies":"Blue Slaver","floor":14,"turns":3},{"damage":39,"enemies":"Hexaghost","floor":16,"turns":9}],"seed_played":"6688512565759576087","potions_obtained":[{"floor":2,"key":"SteroidPotion"},{"floor":4,"key":"Fire Potion"},{"floor":10,"key":"Explosive Potion"}],"is_trial":false,"path_per_floor":["M","M","$","?","M","R","E","R","T","E","M","E","T","M","R","B"],"character_chosen":"DEFECT","items_purchased":["Meat on the Bone"],"campfire_rested":0,"item_purchase_floors":[3],"current_hp_per_floor":[58,58,58,58,58,58,47,47,47,47,43,27,27,39,39,0],"gold":237,"neow_bonus":"TWO_FIFTY_GOLD","is_prod":false,"is_daily":false,"chose_seed":false,"campfire_upgraded":3,"win_rate":0,"timestamp":1550524088,"path_taken":["M","M","$","?","M","R","E","R","T","E","?","E","?","?","R","BOSS"],"build_version":"2019-01-23","purchased_purges":1,"victory":false,"max_hp_per_floor":[64,64,64,64,64,64,64,64,64,64,64,64,64,64,64,64],"card_choices":[{"not_picked":["Coolheaded","Streamline"],"picked":"Cold Snap","floor":1},{"not_picked":["Stack","Barrage"],"picked":"Undo","floor":2},{"not_picked":["Heatsinks","Gash"],"picked":"Ball Lightning","floor":5},{"not_picked":["Redo","Hologram"],"picked":"Go for the Eyes","floor":7},{"not_picked":["Gash","Aggregate","Hyperbeam"],"picked":"SKIP","floor":10},{"not_picked":["Steam Power","Go for the Eyes"],"picked":"Compile Driver","floor":11},{"not_picked":["Steam","Reprogram"],"picked":"Doom and Gloom","floor":12},{"not_picked":["Self Repair","Aggregate"],"picked":"Genetic Algorithm","floor":14}],"player_experience":1911164,"relics_obtained":[{"floor":7,"key":"Lantern"},{"floor":9,"key":"Vajra"},{"floor":10,"key":"Art of War"},{"floor":12,"key":"Anchor"},{"floor":13,"key":"Orichalcum"}],"event_choices":[{"damage_healed":0,"gold_gain":0,"player_choice":"Got Potions","damage_taken":0,"max_hp_gain":0,"max_hp_loss":0,"event_name":"Lab","floor":4,"gold_loss":0}],"is_beta":false,"boss_relics":[],"items_purged_floors":[3],"is_endless":false,"potions_floor_spawned":[2,5,10],"killed_by":"Hexaghost","ascension_level":20}