{"gold_per_floor":[117,117,136,136,5,40,40,70,116,116],"floor_reached":10,"playtime":390,"items_purged":["Defend_R"],"score":148,"play_id":"4f550fd3-4f1b-4140-ad66-eb241325fdf5","local_time":"20190119010711","is_ascension_mode":true,"campfire_choices":[{"data":"Perfected Strike","floor":7,"key":"SMITH"}],"neow_cost":"NONE","seed_source_timestamp":259115772520323,"circlet_count":0,"master_deck":["AscendersBane","Strike_R","Strike_R","Strike_R","Strike_R","Defend_R","Defend_R","Defend_R","Bash+1","Cleave","Perfected Strike+1","Havoc+1"],"relics":["Burning Blood","Art of War","Toxic Egg 2","Potion Belt"],"potions_floor_usage":[6,10],"damage_taken":[{"damage":9,"enemies":"Jaw Worm","floor":1,"turns":5},{"damage":10,"enemies":"Small Slimes","floor":3,"turns":4},{"damage":30,"enemies":"3 Sentries","floor":6,"turns":7},{"damage":30,"enemies":"Gremlin Nob","floor":8,"turns":4},{"damage":28,"enemies":"Lagavulin","floor":10,"turns":3}],"seed_played":"-3590649583766237683","potions_obtained":[{"floor":3,"key":"EssenceOfSteel"}],"is_trial":false,"path_per_floor":["M","?","M","?","$","E","R","E","T","E"],"character_chosen":"IRONCLAD","items_purchased":["PowerPotion"],"campfire_rested":0,"item_purchase_floors":[5],"current_hp_per_floor":[72,65,61,61,61,37,37,13,13,0],"gold":116,"neow_bonus":"TEN_PERCENT_HP_BONUS","is_prod":false,"is_daily":false,"chose_seed":false,"campfire_upgraded":1,"win_rate":0,"timestamp":1547856431,"path_taken":["M","?","M","?","?","E","R","E","T","E"],"build_version":"2019-01-17v2","purchased_purges":1,"victory":false,"max_hp_per_floor":[82,82,82,82,82,82,82,82,82,82],"card_choices":[{"not_picked":["Body Slam","Armaments"],"picked":"Cleave","floor":1},{"not_picked":["Rage","Thunderclap"],"picked":"Perfected Strike","floor":3},{"not_picked":["Havoc","Heavy Blade","Warcry"],"picked":"SKIP","floor":6},{"not_picked":["Iron Wave","Heavy Blade"],"picked":"Havoc","floor":8}],"player_experience":1794721,"relics_obtained":[{"floor":6,"key":"Art of War"},{"floor":8,"key":"Toxic Egg 2"},{"floor":9,"key":"Potion Belt"}],"event_choices":[{"cards_removed":["Strike_R"],"damage_healed":0,"gold_gain":0,"player_choice":"Card Removal","damage_taken":7,"max_hp_gain":0,"max_hp_loss":0,"event_name":"Golden Wing","floor":2,"gold_loss":0},{"damage_healed":0,"gold_gain":0,"player_choice":"Grow","damage_taken":0,"max_hp_gain":0,"max_hp_loss":0,"event_name":"Living Wall","floor":4,"gold_loss":0,"cards_upgraded":["Bash"]}],"is_beta":false,"boss_relics":[],"items_purged_floors":[5],"is_endless":false,"potions_floor_spawned":[3],"killed_by":"Lagavulin","ascension_level":20}