{"gold_per_floor":[116,126,126,137,93,125,125,155,155,187,60,60,70,70,70,172,172,184,194,194,22,38,38,68,79,79,79,98,108,108,138,138,233,233,248,261,261,279,279,279,22,22,22,22,42,42,42,59,59,59],"floor_reached":51,"playtime":2855,"items_purged":["Defend_B","Steam"],"score":746,"play_id":"5d216ba2-fdd9-4a75-a632-6664f3e9a1b4","local_time":"20190206015100","is_ascension_mode":true,"campfire_choices":[{"floor":7,"key":"REST"},{"floor":12,"key":"REST"},{"data":"Darkness","floor":15,"key":"SMITH"},{"data":"1","floor":23,"key":"LIFT"},{"floor":27,"key":"REST"},{"floor":32,"key":"REST"},{"data":"2","floor":40,"key":"LIFT"},{"data":"3","floor":42,"key":"LIFT"},{"floor":49,"key":"REST"}],"neow_cost":"NONE","seed_source_timestamp":7297483334500,"circlet_count":0,"master_deck":["Zap+1","Dualcast+1","Capacitor+1","Darkness+1","Self Repair+1","Coolheaded+1","Cold Snap+1","Barrage+1","Cold Snap+1","Seek+1","Machine Learning+1","Defragment+1","Multi-Cast+1","Ball Lightning+1","Static Discharge+1","RitualDagger+1","Force Field+1","Sweeping Beam+1","Leap+1","Compile Driver+1","Hologram+1","Conserve Battery+1","Fission+1","Self Repair+1","Defragment+1"],"relics":["Cracked Core","War Paint","Girya","Mummified Hand","Whetstone","Vajra","Pandora\u0027s Box","Ancient Tea Set","PreservedInsect","Oddly Smooth Stone","Nuclear Battery","Mark of the Bloom","Sundial","Kunai","Cables"],"potions_floor_usage":[10,13,18,25,31,33,50],"damage_taken":[{"damage":1,"enemies":"Cultist","floor":1,"turns":4},{"damage":14,"enemies":"Small Slimes","floor":2,"turns":4},{"damage":5,"enemies":"Jaw Worm","floor":4,"turns":5},{"damage":38,"enemies":"Gremlin Nob","floor":6,"turns":4},{"damage":18,"enemies":"Lagavulin","floor":8,"turns":7},{"damage":14,"enemies":"3 Sentries","floor":10,"turns":9},{"damage":1,"enemies":"Blue Slaver","floor":13,"turns":3},{"damage":10,"enemies":"Hexaghost","floor":16,"turns":9},{"damage":30,"enemies":"2 Thieves","floor":18,"turns":4},{"damage":19,"enemies":"Shell Parasite","floor":19,"turns":4},{"damage":4,"enemies":"Snecko","floor":22,"turns":4},{"damage":30,"enemies":"Book of Stabbing","floor":24,"turns":4},{"damage":9,"enemies":"Centurion and Healer","floor":25,"turns":4},{"damage":12,"enemies":"Snake Plant","floor":28,"turns":3},{"damage":11,"enemies":"Sentry and Sphere","floor":29,"turns":4},{"damage":1,"enemies":"Slavers","floor":31,"turns":2},{"damage":45,"enemies":"Champ","floor":33,"turns":7},{"damage":8,"enemies":"Orb Walker","floor":35,"turns":2},{"damage":16,"enemies":"3 Darklings","floor":36,"turns":5},{"damage":4,"enemies":"Sphere and 2 Shapes","floor":38,"turns":4},{"damage":11,"enemies":"Jaw Worm Horde","floor":45,"turns":4},{"damage":0,"enemies":"Spire Growth","floor":48,"turns":3},{"damage":21,"enemies":"Donu and Deca","floor":50,"turns":8}],"seed_played":"-128305890449891011","potions_obtained":[{"floor":1,"key":"Swift Potion"},{"floor":8,"key":"Explosive Potion"},{"floor":13,"key":"Fire Potion"},{"floor":24,"key":"Dexterity Potion"},{"floor":25,"key":"FearPotion"},{"floor":29,"key":"AttackPotion"},{"floor":33,"key":"FocusPotion"},{"floor":36,"key":"Block Potion"},{"floor":38,"key":"Explosive Potion"},{"floor":48,"key":"Poison Potion"}],"is_trial":false,"path_per_floor":["M","M","?","M","?","E","R","E","T","E","$","R","M","T","R","B",null,"M","M","?","$","M","R","E","M","T","R","M","M","?","E","R","B",null,"M","M","?","M","?","R","$","R","T","?","M","$","?","M","R","B",null],"character_chosen":"DEFECT","items_purchased":["Barrage","Force Field","Sundial"],"campfire_rested":5,"item_purchase_floors":[11,21,41],"current_hp_per_floor":[74,60,53,48,48,10,32,21,21,14,14,36,35,35,35,32,75,52,40,34,34,37,37,14,12,12,34,29,25,25,24,46,8,75,67,58,58,54,54,54,54,54,54,54,43,43,43,43,43,22],"gold":59,"neow_bonus":"REMOVE_CARD","is_prod":false,"is_daily":false,"chose_seed":false,"campfire_upgraded":1,"win_rate":0,"timestamp":1549435860,"path_taken":["M","M","?","M","?","E","R","E","T","E","?","R","M","?","R","BOSS","M","M","?","$","M","R","E","M","T","R","M","M","?","E","R","BOSS","M","M","?","M","?","R","$","R","T","?","?","$","?","?","R","BOSS"],"build_version":"2019-01-23","purchased_purges":2,"victory":true,"max_hp_per_floor":[75,75,75,75,75,75,75,75,75,75,75,75,75,75,75,75,75,75,75,75,75,75,75,75,75,75,75,75,75,75,75,75,75,75,75,75,75,75,71,71,71,71,71,71,71,71,71,71,71,71],"card_choices":[{"not_picked":["Barrage","Coolheaded"],"picked":"Capacitor","floor":1},{"not_picked":["Stack","Hologram"],"picked":"Darkness","floor":2},{"not_picked":["Streamline","Beam Cell","Sweeping Beam"],"picked":"SKIP","floor":4},{"not_picked":["Reprogram","Leap"],"picked":"Self Repair","floor":6},{"not_picked":["Sweeping Beam","Skim"],"picked":"Coolheaded","floor":8},{"not_picked":["Meteor Strike","Ball Lightning"],"picked":"Cold Snap","floor":10},{"not_picked":["Doom and Gloom","Darkness"],"picked":"Cold Snap","floor":13},{"not_picked":["Machine Learning","Reboot"],"picked":"Seek","floor":16},{"not_picked":["Steam","Sunder","Aggregate"],"picked":"SKIP","floor":18},{"not_picked":["Cold Snap","Coolheaded"],"picked":"Static Discharge+1","floor":19},{"not_picked":["Consume","Skim"],"picked":"Sweeping Beam","floor":22},{"not_picked":["Turbo","Redo"],"picked":"Leap+1","floor":24},{"not_picked":["Ball Lightning","Tempest"],"picked":"Compile Driver","floor":25},{"not_picked":["Streamline","Ball Lightning"],"picked":"Hologram+1","floor":28},{"not_picked":["Chaos","Cold Snap"],"picked":"Conserve Battery","floor":29},{"not_picked":["Machine Learning","Steam+1","Gash+1"],"picked":"SKIP","floor":31},{"not_picked":["Biased Cognition","Core Surge"],"picked":"Fission","floor":33},{"not_picked":["Rebound","Steam","Rip and Tear+1"],"picked":"SKIP","floor":35},{"not_picked":["FTL+1","Barrage"],"picked":"Self Repair+1","floor":36},{"not_picked":["Gash","Beam Cell+1"],"picked":"Defragment+1","floor":38},{"not_picked":["Ball Lightning+1","Hologram","Compile Driver"],"picked":"SKIP","floor":45},{"not_picked":["Steam+1","Melter+1","Aggregate+1"],"picked":"SKIP","floor":48}],"player_experience":151113,"relics_obtained":[{"floor":6,"key":"War Paint"},{"floor":8,"key":"Girya"},{"floor":9,"key":"Mummified Hand"},{"floor":10,"key":"Whetstone"},{"floor":14,"key":"Vajra"},{"floor":24,"key":"Ancient Tea Set"},{"floor":26,"key":"PreservedInsect"},{"floor":31,"key":"Oddly Smooth Stone"},{"floor":43,"key":"Kunai"}],"event_choices":[{"cards_removed":["Strike_B"],"damage_healed":0,"gold_gain":0,"player_choice":"Card Removal","damage_taken":7,"max_hp_gain":0,"max_hp_loss":0,"event_name":"Golden Wing","floor":3,"gold_loss":0},{"damage_healed":0,"gold_gain":0,"player_choice":"Left Gold","damage_taken":0,"max_hp_gain":0,"max_hp_loss":0,"event_name":"World of Goop","floor":5,"gold_loss":44},{"damage_healed":0,"gold_gain":0,"player_choice":"Joined the Cult","damage_taken":6,"max_hp_gain":0,"max_hp_loss":0,"event_name":"Nest","floor":20,"gold_loss":0,"cards_obtained":["RitualDagger"]},{"damage_healed":0,"gold_gain":0,"player_choice":"Forge","damage_taken":0,"max_hp_gain":0,"max_hp_loss":0,"event_name":"Accursed Blacksmith","floor":30,"gold_loss":0,"cards_upgraded":["Defragment"]},{"damage_healed":0,"gold_gain":0,"player_choice":"Upgrade","damage_taken":0,"relics_obtained":["Mark of the Bloom"],"max_hp_gain":0,"max_hp_loss":0,"event_name":"MindBloom","floor":37,"gold_loss":0,"cards_upgraded":["Zap","Capacitor","Self Repair","Coolheaded","Cold Snap","Barrage","Cold Snap","Seek","Machine Learning","Multi-Cast","Ball Lightning","RitualDagger","Force Field","Sweeping Beam","Compile Driver","Conserve Battery","Fission"]},{"damage_healed":0,"gold_gain":0,"player_choice":"Max HP","damage_taken":0,"max_hp_gain":0,"max_hp_loss":4,"event_name":"Winding Halls","floor":39,"gold_loss":0},{"damage_healed":0,"gold_gain":0,"player_choice":"Gave Potion","damage_taken":0,"relics_obtained":["Cables"],"max_hp_gain":0,"max_hp_loss":0,"event_name":"WeMeetAgain","floor":44,"gold_loss":0},{"damage_healed":0,"gold_gain":0,"player_choice":"0 cards matched","damage_taken":0,"max_hp_gain":0,"max_hp_loss":0,"event_name":"Match and Keep!","floor":47,"gold_loss":0,"cards_obtained":[]}],"is_beta":false,"boss_relics":[{"not_picked":["Calling Bell","Cursed Key"],"picked":"Pandora\u0027s Box"},{"not_picked":["Astrolabe","Runic Dome"],"picked":"Nuclear Battery"}],"items_purged_floors":[11,21],"is_endless":false,"potions_floor_spawned":[1,8,13,24,25,29,33,36,38,48],"ascension_level":2}