{"gold_per_floor":[112,112,112,132,152,152,172,172,219,219,27,46,66,99,99,170,170,186,197,209,53,70,70,130,130,130,142,154],"floor_reached":28,"playtime":1894,"items_purged":["Strike_B","Strike_B"],"score":480,"play_id":"d84d7ce6-bb16-4a55-ab78-54d3276fc406","local_time":"20190309191211","is_ascension_mode":true,"campfire_choices":[{"data":"Coolheaded","floor":6,"key":"SMITH"},{"data":"Undo","floor":8,"key":"SMITH"},{"data":"Zap","floor":10,"key":"SMITH"},{"data":"Chaos","floor":15,"key":"SMITH"},{"data":"Capacitor","floor":23,"key":"SMITH"},{"floor":25,"key":"REST"}],"neow_cost":"NONE","seed_source_timestamp":588340037751244,"circlet_count":0,"master_deck":["AscendersBane","Defend_B","Defend_B","Defend_B","Defend_B","Zap+1","Dualcast","Coolheaded+1","Genetic Algorithm","Undo+1","Glacier","Sunder","Hologram","Chaos+1","Chill","Electrodynamics","Capacitor+1","Reinforced Body+1","Aggregate+1","Steam+1","Force Field+1"],"special_seed":0,"relics":["Cracked Core","Happy Flower","Potion Belt","Bag of Preparation","Inserter","Tiny Chest","MawBank"],"potions_floor_usage":[14,24,28],"damage_taken":[{"damage":2.0,"enemies":"Cultist","floor":1.0,"turns":4.0},{"damage":0.0,"enemies":"Small Slimes","floor":4.0,"turns":3.0},{"damage":3.0,"enemies":"Jaw Worm","floor":5.0,"turns":6.0},{"damage":1,"enemies":"2 Fungi Beasts","floor":7,"turns":4},{"damage":0,"enemies":"Looter","floor":12,"turns":4},{"damage":0,"enemies":"Exordium Wildlife","floor":13,"turns":5},{"damage":8,"enemies":"Lagavulin","floor":14,"turns":13},{"damage":27,"enemies":"The Guardian","floor":16,"turns":19},{"damage":2,"enemies":"2 Thieves","floor":18,"turns":5},{"damage":0,"enemies":"Spheric Guardian","floor":19,"turns":6},{"damage":18,"enemies":"Centurion and Healer","floor":20,"turns":11},{"damage":0,"enemies":"Snake Plant","floor":22,"turns":7},{"damage":20,"enemies":"Slavers","floor":24,"turns":3},{"damage":24,"enemies":"Book of Stabbing","floor":28,"turns":8}],"seed_played":"6716720208976154171","potions_obtained":[{"floor":4.0,"key":"Ancient Potion"},{"floor":7,"key":"PowerPotion"},{"floor":14,"key":"Explosive Potion"},{"floor":19,"key":"Dexterity Potion"}],"is_trial":false,"path_per_floor":["M","?","?","M","M","R","M","R","T","R","$","M","M","E","R","B",null,"M","M","M","$","M","R","E","R","T","?","E"],"character_chosen":"DEFECT","items_purchased":["Glacier","Sunder","PowerPotion"],"campfire_rested":1,"item_purchase_floors":[11,11,21],"current_hp_per_floor":[62,62,55,55,52,52,51,51,51,51,51,51,51,43,43,16,57,55,55,37,37,37,37,17,38,38,18,0],"gold":154,"neow_bonus":"RANDOM_COMMON_RELIC","is_prod":false,"is_daily":false,"chose_seed":false,"campfire_upgraded":5,"win_rate":0,"timestamp":1552155131,"path_taken":["M","?","?","?","M","R","M","R","T","R","$","M","M","E","R","BOSS","M","M","M","$","M","R","E","R","T","?","E"],"build_version":"2019-01-23","purchased_purges":2,"victory":false,"max_hp_per_floor":[71,71,71,71,71,71,71,71,71,71,71,71,71,71,71,71,71,71,71,71,71,71,71,71,71,71,76,76],"card_choices":[{"not_picked":["Barrage","Redo"],"picked":"Coolheaded","floor":1.0},{"not_picked":["Redo","Conserve Battery"],"picked":"Genetic Algorithm","floor":4.0},{"not_picked":["Conserve Battery","Stack"],"picked":"Undo","floor":5},{"not_picked":["Leap","Skim","Stack"],"picked":"SKIP","floor":7},{"not_picked":["Turbo","Go for the Eyes"],"picked":"Hologram","floor":12},{"not_picked":["Go for the Eyes","Cold Snap"],"picked":"Chaos","floor":13},{"not_picked":["Cold Snap","Ball Lightning"],"picked":"Chill","floor":14},{"not_picked":["Reboot","Fission"],"picked":"Electrodynamics","floor":16},{"not_picked":["Ball Lightning","Stack"],"picked":"Capacitor","floor":18},{"not_picked":["Compile Driver","Hologram"],"picked":"Reinforced Body+1","floor":19},{"not_picked":["Go for the Eyes+1","Steam"],"picked":"Aggregate+1","floor":20},{"not_picked":["Turbo","Stack"],"picked":"Steam+1","floor":22},{"not_picked":["Reinforced Body","Fusion"],"picked":"Force Field+1","floor":24}],"player_experience":1980506,"relics_obtained":[{"floor":9,"key":"Potion Belt"},{"floor":14,"key":"Bag of Preparation"},{"floor":24,"key":"Tiny Chest"},{"floor":26,"key":"MawBank"}],"event_choices":[{"cards_removed":["Strike_B"],"damage_healed":0.0,"max_hp_gain":0.0,"max_hp_loss":0.0,"gold_gain":0.0,"event_name":"Living Wall","player_choice":"Forget","floor":2.0,"gold_loss":0.0,"damage_taken":0.0},{"cards_removed":["Strike_B"],"damage_healed":0.0,"max_hp_gain":0.0,"max_hp_loss":0.0,"gold_gain":0.0,"event_name":"Golden Wing","player_choice":"Card Removal","floor":3.0,"gold_loss":0.0,"damage_taken":7.0},{"damage_healed":0,"gold_gain":0,"player_choice":"Shed Blood","damage_taken":25,"max_hp_gain":5,"max_hp_loss":0,"event_name":"Forgotten Altar","floor":27,"gold_loss":0}],"is_beta":false,"boss_relics":[{"not_picked":["Black Star","FrozenCore"],"picked":"Inserter"}],"items_purged_floors":[11,21],"is_endless":false,"potions_floor_spawned":[4,7,14,19],"killed_by":"Book of Stabbing","ascension_level":20}