{"gold_per_floor":[109,28,28,45,45,73,73,50,73,83,93,118,134,134,134,211,211,227,60,60,79,79,79,111,111,165,195,207,207,223,273,273,273],"floor_reached":33,"playtime":1348,"items_purged":["Strike_G"],"score":508,"play_id":"f1e14c18-d093-4eb1-bacf-fe1e1c97c034","local_time":"20190310005414","is_ascension_mode":true,"campfire_choices":[{"floor":7,"key":"REST"},{"data":"Bouncing Flask","floor":15,"key":"SMITH"},{"data":"Crippling Poison","floor":23,"key":"SMITH"},{"floor":25,"key":"REST"},{"floor":32,"key":"REST"}],"neow_cost":"NONE","seed_source_timestamp":54739705446600,"circlet_count":0,"master_deck":["AscendersBane","Defend_G","Defend_G","Defend_G","Defend_G","Defend_G","Strike_G","Survivor","Neutralize","Bouncing Flask+1","Footwork+1","PiercingWail","Flying Knee","Poisoned Stab","Catalyst+1","Sucker Punch","Deadly Poison","Glass Knife","Cloak And Dagger","Poisoned Stab","Crippling Poison+1","Cloak And Dagger","Footwork","Cloak And Dagger+1","Cloak And Dagger+1","Escape Plan"],"relics":["Ring of the Snake","Matryoshka","Pen Nib","Happy Flower","Smiling Mask","Orrery","Paper Crane","Anchor","Orichalcum","Tough Bandages"],"potions_floor_usage":[6,16,16,28,33],"damage_taken":[{"damage":0,"enemies":"2 Louse","floor":1,"turns":4},{"damage":0,"enemies":"Cultist","floor":4,"turns":5},{"damage":33,"enemies":"3 Sentries","floor":6,"turns":12},{"damage":0,"enemies":"Small Slimes","floor":10,"turns":4},{"damage":1,"enemies":"Red Slaver","floor":11,"turns":4},{"damage":10,"enemies":"Lagavulin","floor":12,"turns":6},{"damage":0,"enemies":"Large Slime","floor":13,"turns":5},{"damage":62,"enemies":"Slime Boss","floor":16,"turns":12},{"damage":11,"enemies":"Spheric Guardian","floor":18,"turns":3},{"damage":2,"enemies":"3 Byrds","floor":21,"turns":5},{"damage":30,"enemies":"Book of Stabbing","floor":24,"turns":7},{"damage":29,"enemies":"Gremlin Leader","floor":27,"turns":8},{"damage":2,"enemies":"3 Cultists","floor":28,"turns":6},{"damage":12,"enemies":"Shelled Parasite and Fungi","floor":30,"turns":8},{"damage":52,"enemies":"Champ","floor":33,"turns":13}],"seed_played":"4189497510579809660","potions_obtained":[{"floor":4,"key":"Swift Potion"},{"floor":11,"key":"Block Potion"},{"floor":12,"key":"Regen Potion"},{"floor":27,"key":"Regen Potion"},{"floor":30,"key":"GhostInAJar"}],"is_trial":false,"path_per_floor":["M","$","?","M","?","E","R","$","T","M","M","E","M","?","R","B",null,"M","$","?","M","?","R","E","R","T","E","M","?","M","?","R","B"],"character_chosen":"THE_SILENT","items_purchased":["Footwork","Poisoned Stab","Crippling Poison","Cloak And Dagger"],"campfire_rested":3,"item_purchase_floors":[2,8,19,19],"current_hp_per_floor":[70,70,70,70,70,37,60,60,60,60,59,49,49,49,49,2,58,47,47,47,45,45,45,15,38,38,9,22,22,10,10,33,0],"gold":273,"neow_bonus":"TEN_PERCENT_HP_BONUS","is_prod":false,"is_daily":false,"chose_seed":false,"campfire_upgraded":2,"win_rate":0,"timestamp":1552175654,"path_taken":["M","$","?","?","?","E","R","?","T","M","M","E","M","?","R","BOSS","M","$","?","?","?","R","E","R","T","E","?","?","M","?","R","BOSS"],"build_version":"2019-01-23","purchased_purges":1,"victory":false,"max_hp_per_floor":[77,77,77,77,77,77,77,77,77,77,77,77,77,77,77,77,77,77,77,77,77,77,77,77,77,77,77,77,77,77,77,77,77],"card_choices":[{"not_picked":["Quick Slash","Heel Hook"],"picked":"Bouncing Flask","floor":1},{"not_picked":["Masterful Stab","Poisoned Stab"],"picked":"PiercingWail","floor":4},{"not_picked":["Concentrate","Grand Finale"],"picked":"Flying Knee","floor":6},{"not_picked":["Backstab","Deflect"],"picked":"Catalyst","floor":10},{"not_picked":["All Out Attack","Masterful Stab"],"picked":"Sucker Punch","floor":11},{"not_picked":["Expertise","Bane","Unload"],"picked":"SKIP","floor":12},{"not_picked":["Slice","Deflect"],"picked":"Deadly Poison","floor":13},{"not_picked":["Venomology","Phantasmal Killer"],"picked":"Glass Knife","floor":16},{"not_picked":["Poisoned Stab","Backstab"],"picked":"Cloak And Dagger","floor":17},{"not_picked":["Backflip","Slice"],"picked":"Poisoned Stab","floor":18},{"not_picked":["PiercingWail","Quick Slash"],"picked":"Cloak And Dagger+1","floor":21},{"not_picked":["Sucker Punch+1","Flying Knee"],"picked":"Cloak And Dagger+1","floor":24},{"not_picked":["Cloak And Dagger","Acrobatics","Setup+1"],"picked":"SKIP","floor":27},{"not_picked":["Eviscerate","Setup","Blade Dance+1"],"picked":"SKIP","floor":28},{"not_picked":["Sucker Punch","Phantasmal Killer"],"picked":"Escape Plan","floor":30}],"player_experience":627958,"relics_obtained":[{"floor":6,"key":"Matryoshka"},{"floor":9,"key":"Pen Nib"},{"floor":9,"key":"Happy Flower"},{"floor":12,"key":"Smiling Mask"},{"floor":24,"key":"Paper Crane"},{"floor":26,"key":"Anchor"},{"floor":26,"key":"Orichalcum"},{"floor":27,"key":"Tough Bandages"}],"event_choices":[{"cards_removed":["Strike_G"],"damage_healed":0,"gold_gain":0,"player_choice":"Purged","damage_taken":0,"max_hp_gain":0,"max_hp_loss":0,"event_name":"Purifier","floor":3,"gold_loss":0},{"damage_healed":0,"gold_gain":0,"player_choice":"Upgraded","damage_taken":0,"max_hp_gain":0,"max_hp_loss":0,"event_name":"Upgrade Shrine","floor":5,"gold_loss":0,"cards_upgraded":["Footwork"]},{"damage_healed":0,"gold_gain":0,"player_choice":"Forge","damage_taken":0,"max_hp_gain":0,"max_hp_loss":0,"event_name":"Accursed Blacksmith","floor":14,"gold_loss":0,"cards_upgraded":["Catalyst"]},{"damage_healed":0,"gold_gain":0,"cards_transformed":["Strike_G"],"player_choice":"Transformed","damage_taken":0,"max_hp_gain":0,"max_hp_loss":0,"event_name":"Transmorgrifier","floor":20,"gold_loss":0,"cards_obtained":["Footwork"]},{"cards_removed":["Strike_G"],"damage_healed":0,"gold_gain":0,"player_choice":"Purged","damage_taken":0,"max_hp_gain":0,"max_hp_loss":0,"event_name":"Purifier","floor":22,"gold_loss":0},{"damage_healed":0,"gold_gain":0,"player_choice":"Ignored","damage_taken":0,"max_hp_gain":0,"max_hp_loss":0,"event_name":"Cursed Tome","floor":29,"gold_loss":0},{"damage_healed":0,"gold_gain":100,"player_choice":"Bet on Murderer","damage_taken":0,"max_hp_gain":0,"max_hp_loss":0,"event_name":"The Joust","floor":31,"gold_loss":50}],"is_beta":false,"boss_relics":[{"not_picked":["White Beast Statue","Calling Bell"],"picked":"Orrery"}],"items_purged_floors":[19],"is_endless":false,"potions_floor_spawned":[4,11,12,13,27,30],"killed_by":"Champ","ascension_level":13}