{"gold_per_floor":[364,378,42,60,135,169,180,180,180,180,192,192,224,101,101,204,204,214,62,62,51,63,63,63],"floor_reached":24,"playtime":1565,"items_purged":["Shame","Strike_R","Strike_R"],"score":288,"play_id":"8564e256-6254-45ab-87e0-6406a5693bb0","local_time":"20190223132525","is_ascension_mode":true,"campfire_choices":[{"floor":8,"key":"REST"},{"data":"Bash","floor":10,"key":"SMITH"},{"data":"Flame Barrier","floor":12,"key":"SMITH"},{"floor":15,"key":"REST"},{"floor":23,"key":"DIG"}],"neow_cost":"CURSE","seed_source_timestamp":814857185459100,"circlet_count":0,"master_deck":["Strike_R","Strike_R","Strike_R","Defend_R","Defend_R","Defend_R","Defend_R","Bash+1","Disarm","Anger","Shrug It Off","Flame Barrier+1","Headbutt+1","Impervious","Sword Boomerang+1","Clothesline+1","Shrug It Off","Corruption"],"relics":["Burning Blood","Paper Frog","Oddly Smooth Stone","Molten Egg 2","Shovel","Snecko Eye","Question Card"],"potions_floor_usage":[13,16,16,24,24],"damage_taken":[{"damage":9,"enemies":"2 Louse","floor":1,"turns":3},{"damage":12,"enemies":"Small Slimes","floor":2,"turns":5},{"damage":5,"enemies":"Jaw Worm","floor":4,"turns":4},{"damage":31,"enemies":"Lagavulin","floor":6,"turns":6},{"damage":21,"enemies":"Exordium Wildlife","floor":7,"turns":6},{"damage":12,"enemies":"Exordium Thugs","floor":11,"turns":6},{"damage":24,"enemies":"Gremlin Nob","floor":13,"turns":4},{"damage":32,"enemies":"Slime Boss","floor":16,"turns":12},{"damage":4,"enemies":"Shell Parasite","floor":18,"turns":4},{"damage":15,"enemies":"2 Thieves","floor":21,"turns":4},{"damage":12,"enemies":"Centurion and Healer","floor":22,"turns":11},{"damage":50,"enemies":"Gremlin Leader","floor":24,"turns":8}],"seed_played":"7374618471693637890","potions_obtained":[{"floor":1,"key":"SteroidPotion"},{"floor":4,"key":"SpeedPotion"},{"floor":11,"key":"Swift Potion"},{"floor":16,"key":"Explosive Potion"},{"floor":22,"key":"Explosive Potion"}],"is_trial":false,"path_per_floor":["M","M","$","M","?","E","M","R","T","R","M","R","E","$","R","B",null,"M","$","?","M","M","R","E"],"character_chosen":"IRONCLAD","items_purchased":["Paper Frog","Headbutt+1","Clothesline+1"],"campfire_rested":2,"item_purchase_floors":[3,14,19],"current_hp_per_floor":[69,63,63,64,53,28,13,37,37,37,31,31,13,13,37,11,63,65,65,65,56,50,50,0],"gold":63,"neow_bonus":"TWO_FIFTY_GOLD","is_prod":false,"is_daily":false,"chose_seed":false,"campfire_upgraded":2,"win_rate":0,"timestamp":1550946325,"path_taken":["M","M","$","M","?","E","M","R","T","R","M","R","E","$","R","BOSS","M","$","?","M","M","R","E"],"build_version":"2019-01-23","purchased_purges":3,"victory":false,"max_hp_per_floor":[80,80,80,80,80,80,80,80,80,80,80,80,80,80,80,80,80,80,80,80,80,80,80,80],"card_choices":[{"not_picked":["True Grit","Hemokinesis"],"picked":"Disarm","floor":1},{"not_picked":["True Grit","Iron Wave"],"picked":"Anger","floor":2},{"not_picked":["Cleave","Evolve","Iron Wave"],"picked":"SKIP","floor":4},{"not_picked":["Combust","Wild Strike","Thunderclap"],"picked":"SKIP","floor":6},{"not_picked":["Body Slam","Perfected Strike"],"picked":"Shrug It Off","floor":7},{"not_picked":["Power Through","Twin Strike+1"],"picked":"Flame Barrier","floor":11},{"not_picked":["Intimidate","True Grit","Dual Wield"],"picked":"SKIP","floor":13},{"not_picked":["Bludgeon+1","Limit Break"],"picked":"Impervious","floor":16},{"not_picked":["Intimidate","Rage"],"picked":"Sword Boomerang+1","floor":18},{"not_picked":["Clothesline+1","Cleave+1"],"picked":"Shrug It Off","floor":21},{"not_picked":["Sever Soul+1","Headbutt+1"],"picked":"Corruption","floor":22}],"player_experience":272564,"relics_obtained":[{"floor":6,"key":"Oddly Smooth Stone"},{"floor":9,"key":"Molten Egg 2"},{"floor":13,"key":"Shovel"},{"floor":23,"key":"Question Card"}],"event_choices":[{"damage_healed":0,"gold_gain":75,"player_choice":"Gather Gold","damage_taken":11,"max_hp_gain":0,"max_hp_loss":0,"event_name":"World of Goop","floor":5,"gold_loss":0},{"damage_healed":0,"gold_gain":0,"player_choice":"Ignored","damage_taken":0,"max_hp_gain":0,"max_hp_loss":0,"event_name":"Vampires","floor":20,"gold_loss":0}],"is_beta":false,"boss_relics":[{"not_picked":["Black Star","Philosopher\u0027s Stone"],"picked":"Snecko Eye"}],"items_purged_floors":[3,14,19],"is_endless":false,"potions_floor_spawned":[1,4,11,16,22],"killed_by":"Gremlin Leader","ascension_level":8}