{"gold_per_floor":[117,137,137,157,171,171,202,202,279,293,293,317,317,317,317,317],"floor_reached":16,"playtime":665,"items_purged":[],"score":204,"play_id":"dc61c12a-a5ca-44e2-86db-44f4bde85d14","local_time":"20181009182642","is_ascension_mode":true,"campfire_choices":[{"data":"Sunder","floor":6,"key":"SMITH"},{"floor":11,"key":"REST"},{"data":"Zap","floor":13,"key":"SMITH"},{"data":"Hologram","floor":15,"key":"SMITH"}],"neow_cost":"NONE","seed_source_timestamp":1718001712090746,"circlet_count":0,"master_deck":["Strike_B","Strike_B","Strike_B","Defend_B","Defend_B","Defend_B","Defend_B","Zap+1","Dualcast","AscendersBane","Doom and Gloom","Ball Lightning","Hologram+1","Sunder+1","Cold Snap","Sweeping Beam+1","Go for the Eyes+1"],"relics":["Cracked Core","Golden Idol","WingedGreaves","Molten Egg 2","Pen Nib"],"potions_floor_usage":[5],"damage_taken":[{"damage":2,"enemies":"Jaw Worm","floor":1,"turns":3},{"damage":3,"enemies":"Small Slimes","floor":2,"turns":4},{"damage":0,"enemies":"2 Louse","floor":4,"turns":3},{"damage":19,"enemies":"Exordium Wildlife","floor":5,"turns":4},{"damage":27,"enemies":"Lagavulin","floor":7,"turns":7},{"damage":18,"enemies":"Large Slime","floor":10,"turns":6},{"damage":2,"enemies":"Looter","floor":12,"turns":3},{"damage":25,"enemies":"The Guardian","floor":16,"turns":4}],"seed_played":"-1916781809372898308","potions_obtained":[{"floor":1,"key":"FearPotion"},{"floor":4,"key":"FairyPotion"}],"is_trial":false,"path_per_floor":["M","M","?","M","M","R","E","?","T","M","R","M","R","T","R"],"character_chosen":"DEFECT","items_purchased":[],"campfire_rested":1,"item_purchase_floors":[],"current_hp_per_floor":[62,59,59,59,40,40,13,13,13,6,25,23,23,23,23,0],"gold":317,"neow_bonus":"REMOVE_CARD","is_prod":false,"is_daily":false,"chose_seed":false,"campfire_upgraded":3,"win_rate":0,"timestamp":1539102402,"path_taken":["M","M","?","M","M","R","E","?","T","M","R","M","R","?","R","BOSS"],"build_version":"2018-10-04v2","purchased_purges":0,"victory":false,"max_hp_per_floor":[71,71,64,64,64,64,64,64,64,64,64,64,64,64,64,64],"card_choices":[{"not_picked":["BootSequence","Compile Driver"],"picked":"Doom and Gloom","floor":1},{"not_picked":["Rebound","Steam"],"picked":"Ball Lightning","floor":2},{"not_picked":["Chaos","Coolheaded"],"picked":"Hologram","floor":4},{"not_picked":["Tempest","Hologram"],"picked":"Sunder","floor":5},{"not_picked":["Conserve Battery","Steam Power"],"picked":"Cold Snap","floor":7},{"not_picked":["Stack","Turbo"],"picked":"Sweeping Beam+1","floor":10},{"not_picked":["Rebound+1","Redo"],"picked":"Go for the Eyes+1","floor":12}],"player_experience":1391003,"relics_obtained":[{"floor":7,"key":"WingedGreaves"},{"floor":9,"key":"Molten Egg 2"},{"floor":14,"key":"Pen Nib"}],"event_choices":[{"event_name":"Golden Idol","player_choice":"Lose Max HP","floor":3,"damage_taken":0},{"event_name":"Liars Game","player_choice":"disagreed","floor":8,"damage_taken":0}],"is_beta":false,"boss_relics":[],"items_purged_floors":[],"is_endless":false,"potions_floor_spawned":[1,4],"killed_by":"The Guardian","ascension_level":20}