{"gold_per_floor":[118,19,29,41,55,80,80,93,116,116,116,116,37,50,50,50],"floor_reached":16,"playtime":687,"items_purged":["Strike_B"],"score":133,"play_id":"fac6ef91-5292-48af-8b5a-458286c5d260","local_time":"20190308012639","is_ascension_mode":true,"campfire_choices":[{"data":"Go for the Eyes","floor":10,"key":"SMITH"},{"data":"Dualcast","floor":12,"key":"SMITH"},{"data":"Rip and Tear","floor":15,"key":"SMITH"}],"neow_cost":"NONE","seed_source_timestamp":47801999894691,"circlet_count":0,"master_deck":["Strike_B","Strike_B","Strike_B","Defend_B","Defend_B","Defend_B","Defend_B","Zap+1","Dualcast+1","Conserve Battery","Coolheaded","Go for the Eyes+1","Leap","Self Repair","PanicButton","Steam","Rip and Tear+1","Biased Cognition"],"relics":["Cracked Core","DataDisk","Anchor","Happy Flower"],"potions_floor_usage":[6,16],"damage_taken":[{"damage":0,"enemies":"2 Louse","floor":1,"turns":2},{"damage":0,"enemies":"Cultist","floor":3,"turns":4},{"damage":0,"enemies":"Jaw Worm","floor":4,"turns":4},{"damage":4,"enemies":"Lots of Slimes","floor":5,"turns":5},{"damage":15,"enemies":"3 Sentries","floor":6,"turns":8},{"damage":0,"enemies":"Blue Slaver","floor":8,"turns":4},{"damage":0,"enemies":"2 Fungi Beasts","floor":14,"turns":2},{"damage":52,"enemies":"Slime Boss","floor":16,"turns":12}],"seed_played":"-2483974888230924204","potions_obtained":[{"floor":1,"key":"FocusPotion"},{"floor":8,"key":"Swift Potion"}],"is_trial":false,"path_per_floor":["M","$","M","M","M","E","?","M","T","R","?","R","$","M","R","B"],"character_chosen":"DEFECT","items_purchased":["Coolheaded","Rip and Tear"],"campfire_rested":0,"item_purchase_floors":[2,13],"current_hp_per_floor":[68,68,68,68,64,49,49,49,49,49,49,49,49,56,56,4],"gold":50,"neow_bonus":"RANDOM_COMMON_RELIC","is_prod":false,"is_daily":false,"chose_seed":false,"campfire_upgraded":3,"win_rate":0,"timestamp":1552037199,"path_taken":["M","$","M","M","M","E","?","?","T","R","?","R","$","M","R","BOSS"],"build_version":"2019-01-23","purchased_purges":1,"victory":false,"max_hp_per_floor":[75,75,75,75,75,75,75,75,75,75,75,75,75,75,75,75],"card_choices":[{"not_picked":["Doom and Gloom","Loop"],"picked":"Conserve Battery","floor":1},{"not_picked":["Stack","Gash"],"picked":"Go for the Eyes","floor":3},{"not_picked":["Steam","Beam Cell"],"picked":"Leap","floor":4},{"not_picked":["Gash","Coolheaded","Double Energy"],"picked":"SKIP","floor":5},{"not_picked":["Undo","Stack"],"picked":"Self Repair","floor":6},{"not_picked":["Rebound","Turbo","Heatsinks"],"picked":"SKIP","floor":8},{"not_picked":["Hologram","Sweeping Beam"],"picked":"Biased Cognition","floor":14}],"player_experience":366546,"relics_obtained":[{"floor":6,"key":"Anchor"},{"floor":9,"key":"Happy Flower"}],"event_choices":[{"damage_healed":0,"gold_gain":0,"player_choice":"Upgraded","damage_taken":0,"max_hp_gain":0,"max_hp_loss":0,"event_name":"Upgrade Shrine","floor":7,"gold_loss":0,"cards_upgraded":["Zap"]},{"damage_healed":0,"gold_gain":0,"player_choice":"2 cards matched","damage_taken":0,"max_hp_gain":0,"max_hp_loss":0,"event_name":"Match and Keep!","floor":11,"gold_loss":0,"cards_obtained":["PanicButton","Steam"]},{"damage_healed":0,"gold_gain":0,"player_choice":"2 cards matched","damage_taken":0,"max_hp_gain":0,"max_hp_loss":0,"event_name":"Match and Keep!","floor":11,"gold_loss":0,"cards_obtained":["PanicButton","Steam"]}],"is_beta":false,"boss_relics":[],"items_purged_floors":[2],"is_endless":false,"potions_floor_spawned":[1,8],"killed_by":"Slime Boss","ascension_level":6}