{"gold_per_floor":[119,269,288,213,50,50,81,81,105,4,23,39,49,60,60,137,137,148,148,148,48,61,61,61],"floor_reached":24,"playtime":1371,"items_purged":["Defend_B","Strike_B"],"score":392,"play_id":"a9cb581d-1e8a-4bc6-b849-e24e3e319635","local_time":"20190223175832","is_ascension_mode":true,"campfire_choices":[{"data":"Electrodynamics","floor":6,"key":"SMITH"},{"data":"Go for the Eyes","floor":15,"key":"SMITH"},{"floor":23,"key":"REST"}],"neow_cost":"NONE","seed_source_timestamp":663617925096560,"circlet_count":0,"master_deck":["AscendersBane","Strike_B","Strike_B","Defend_B","Defend_B","Defend_B","Zap","Dualcast","Machine Learning","Leap","Rebound","Electrodynamics+1","Leap","Chill","Go for the Eyes+1","Creative AI","Glacier"],"relics":["Cracked Core","PreservedInsect","Blood Vial","Snecko Eye"],"potions_floor_usage":[16],"damage_taken":[{"damage":3,"enemies":"2 Louse","floor":1,"turns":3},{"damage":3,"enemies":"Jaw Worm","floor":3,"turns":4},{"damage":22,"enemies":"3 Sentries","floor":7,"turns":5},{"damage":1,"enemies":"Cultist","floor":11,"turns":3},{"damage":4,"enemies":"Looter","floor":12,"turns":3},{"damage":0,"enemies":"Blue Slaver","floor":13,"turns":3},{"damage":0,"enemies":"3 Louse","floor":14,"turns":2},{"damage":33,"enemies":"Slime Boss","floor":16,"turns":8},{"damage":18,"enemies":"2 Thieves","floor":18,"turns":3},{"damage":11,"enemies":"Colosseum Slavers","floor":20,"turns":4},{"damage":29,"enemies":"Spheric Guardian","floor":22,"turns":7},{"damage":26,"enemies":"Snake Plant","floor":24,"turns":4}],"seed_played":"3195202128739447540","potions_obtained":[{"floor":11,"key":"LiquidBronze"},{"floor":12,"key":"FearPotion"},{"floor":13,"key":"FocusPotion"},{"floor":22,"key":"Dexterity Potion"}],"is_trial":false,"path_per_floor":["M","?","M","?","$","R","E","?","T","$","M","M","M","M","R","B",null,"M","$","?","$","M","R","M"],"character_chosen":"DEFECT","items_purchased":["Electrodynamics","Leap"],"campfire_rested":1,"item_purchase_floors":[5,10],"current_hp_per_floor":[61,61,58,58,58,58,36,29,29,29,30,28,30,32,32,1,54,38,38,29,29,2,23,0],"gold":61,"neow_bonus":"ONE_RANDOM_RARE_CARD","is_prod":false,"is_daily":false,"chose_seed":false,"campfire_upgraded":2,"win_rate":0,"timestamp":1550937512,"path_taken":["M","?","M","?","$","R","E","?","T","?","?","M","M","M","R","BOSS","M","$","?","$","M","R","M"],"build_version":"2019-01-23","purchased_purges":2,"victory":false,"max_hp_per_floor":[71,71,71,71,71,71,71,71,71,71,71,71,71,71,71,71,71,71,71,71,71,71,71,71],"card_choices":[{"not_picked":["Compile Driver","Hologram"],"picked":"Leap","floor":1},{"not_picked":["Sweeping Beam","Compile Driver"],"picked":"Rebound","floor":3},{"not_picked":["Recycle","Redo","Coolheaded"],"picked":"SKIP","floor":7},{"not_picked":["Go for the Eyes","Rebound"],"picked":"Chill","floor":11},{"not_picked":["Go for the Eyes","Barrage","Reprogram"],"picked":"SKIP","floor":12},{"not_picked":["Barrage","Reprogram"],"picked":"Go for the Eyes","floor":12},{"not_picked":["All For One","Force Field","Reprogram"],"picked":"SKIP","floor":13},{"not_picked":["Barrage","Gash","Go for the Eyes"],"picked":"SKIP","floor":14},{"not_picked":["Amplify","Meteor Strike"],"picked":"Creative AI","floor":16},{"not_picked":["Ball Lightning","Gash","Sweeping Beam+1"],"picked":"SKIP","floor":18},{"not_picked":["Sweeping Beam","Beam Cell+1"],"picked":"Glacier","floor":22}],"player_experience":1548170,"relics_obtained":[{"floor":7,"key":"PreservedInsect"},{"floor":9,"key":"Blood Vial"}],"event_choices":[{"damage_healed":0,"gold_gain":150,"player_choice":"AGREE","damage_taken":0,"max_hp_gain":0,"max_hp_loss":0,"event_name":"Liars Game","floor":2,"gold_loss":0,"cards_obtained":["Doubt"]},{"cards_removed":["Doubt"],"damage_healed":0,"gold_gain":0,"player_choice":"Card Removal","damage_taken":0,"max_hp_gain":0,"max_hp_loss":0,"event_name":"The Cleric","floor":4,"gold_loss":75},{"cards_removed":["Strike_B"],"damage_healed":0,"gold_gain":0,"player_choice":"Card Removal","damage_taken":7,"max_hp_gain":0,"max_hp_loss":0,"event_name":"Golden Wing","floor":8,"gold_loss":0},{"damage_healed":0,"gold_gain":0,"player_choice":"Fight","damage_taken":0,"max_hp_gain":0,"max_hp_loss":0,"event_name":"Colosseum","floor":20,"gold_loss":0},{"damage_healed":0,"gold_gain":0,"player_choice":"Fled From Nobs","damage_taken":0,"max_hp_gain":0,"max_hp_loss":0,"event_name":"Colosseum","floor":20,"gold_loss":0}],"is_beta":false,"boss_relics":[{"not_picked":["Orrery","Inserter"],"picked":"Snecko Eye"}],"items_purged_floors":[10,21],"is_endless":false,"potions_floor_spawned":[11,12,13,22],"killed_by":"Snake Plant","ascension_level":20}