{"gold_per_floor":[112,112,62,62,75,75,110,110,110,110,110,137,137,50,50,127,127,138,10,27,27,37,37,37],"floor_reached":24,"playtime":1420,"items_purged":["Regret","Strike_B","Dualcast"],"score":400,"play_id":"87a6dda0-8c9c-4abe-8e52-ce25c7d4274c","local_time":"20190212134339","is_ascension_mode":true,"campfire_choices":[{"data":"Defragment","floor":6,"key":"SMITH"},{"data":"Zap","floor":8,"key":"SMITH"},{"floor":10,"key":"REST"},{"data":"Coolheaded","floor":13,"key":"SMITH"},{"floor":15,"key":"REST"},{"data":"Buffer","floor":23,"key":"SMITH"}],"neow_cost":"NONE","seed_source_timestamp":2377372760592496,"circlet_count":0,"master_deck":["AscendersBane","Zap+1","Defragment+1","Reinforced Body","Compile Driver","Coolheaded+1","Chill","Rainbow","FTL","Capacitor","Consume","Rip and Tear","Buffer+1","Amplify","Genetic Algorithm","Compile Driver","Defragment","Conserve Battery+1","Go for the Eyes"],"relics":["Cracked Core","Smiling Mask","Strawberry","Blood Vial","Oddly Smooth Stone","CultistMask","Girya","Pandora\u0027s Box"],"potions_floor_usage":[7,16,24],"damage_taken":[{"damage":2,"enemies":"2 Louse","floor":1,"turns":3},{"damage":2,"enemies":"Jaw Worm","floor":5,"turns":5},{"damage":50,"enemies":"3 Sentries","floor":7,"turns":7},{"damage":14,"enemies":"Lagavulin","floor":12,"turns":6},{"damage":7,"enemies":"Slime Boss","floor":16,"turns":11},{"damage":22,"enemies":"2 Thieves","floor":18,"turns":5},{"damage":17,"enemies":"3 Byrds","floor":20,"turns":5},{"damage":7,"enemies":"Sentry and Sphere","floor":22,"turns":7},{"damage":32,"enemies":"Slavers","floor":24,"turns":5}],"seed_played":"1908889032897155533","potions_obtained":[{"floor":1,"key":"Explosive Potion"},{"floor":7,"key":"PowerPotion"},{"floor":20,"key":"Energy Potion"}],"is_trial":false,"path_per_floor":["M","?","$","?","M","R","E","R","T","R","?","E","R","$","R","B",null,"M","$","M","?","M","R","E"],"character_chosen":"DEFECT","items_purchased":["Chill","Defragment"],"campfire_rested":2,"item_purchase_floors":[14,19],"current_hp_per_floor":[62,69,69,69,67,67,17,17,17,40,40,28,28,28,51,46,70,50,50,35,35,30,30,0],"gold":37,"neow_bonus":"RANDOM_COMMON_RELIC","is_prod":false,"is_daily":false,"chose_seed":false,"campfire_upgraded":4,"win_rate":0,"timestamp":1549975419,"path_taken":["M","?","$","?","M","R","E","R","T","R","?","E","R","$","R","BOSS","M","?","?","?","M","R","E"],"build_version":"2019-01-23","purchased_purges":3,"victory":false,"max_hp_per_floor":[71,78,78,78,78,78,78,78,78,78,78,78,78,78,78,78,78,78,78,78,78,78,78,78],"card_choices":[{"not_picked":["Streamline","Ball Lightning"],"picked":"Defragment","floor":1},{"not_picked":["Hologram","Streamline"],"picked":"Reinforced Body","floor":5},{"not_picked":["Conserve Battery","Sweeping Beam"],"picked":"Compile Driver","floor":7},{"not_picked":["Reinforced Body","Redo"],"picked":"Coolheaded","floor":12},{"not_picked":["Reboot","Hyperbeam"],"picked":"Rainbow","floor":16},{"not_picked":["Sunder","Redo"],"picked":"Compile Driver","floor":18},{"not_picked":["Streamline","Go for the Eyes"],"picked":"Conserve Battery+1","floor":20},{"not_picked":["Sweeping Beam","Turbo"],"picked":"Go for the Eyes","floor":22}],"player_experience":1885794,"relics_obtained":[{"floor":7,"key":"Blood Vial"},{"floor":9,"key":"Oddly Smooth Stone"},{"floor":12,"key":"Girya"}],"event_choices":[{"damage_healed":0,"gold_gain":0,"player_choice":"Box","damage_taken":0,"relics_obtained":["Strawberry"],"max_hp_gain":0,"max_hp_loss":0,"event_name":"Big Fish","floor":2,"gold_loss":0,"cards_obtained":["Regret"]},{"damage_healed":0,"gold_gain":0,"player_choice":"Ignored","damage_taken":0,"max_hp_gain":0,"max_hp_loss":0,"event_name":"Liars Game","floor":4,"gold_loss":0},{"damage_healed":0,"gold_gain":0,"player_choice":"Trade","damage_taken":0,"relics_obtained":["CultistMask"],"max_hp_gain":0,"max_hp_loss":0,"event_name":"FaceTrader","floor":11,"gold_loss":0}],"is_beta":false,"boss_relics":[{"not_picked":["Empty Cage","White Beast Statue"],"picked":"Pandora\u0027s Box"}],"items_purged_floors":[3,14,19],"is_endless":false,"potions_floor_spawned":[1,7,20],"killed_by":"Slavers","ascension_level":20}