{"gold_per_floor":[112,112,262,282,297,327,327,327,327,327,361,378,61,74,74,151,151,171,171,171,191,291,321,42,77,77,102,102,113,53,64,64,138,138,152,175,193,212,106,106,141,141,141,170,170,201,218,236,236,236,236],"floor_reached":52,"playtime":2892,"items_purged":["Doubt"],"score":1966,"play_id":"a9163652-a4a7-416a-a881-03c71c23d713","local_time":"20181105220334","is_ascension_mode":true,"campfire_choices":[{"data":"Bash","floor":8,"key":"SMITH"},{"data":"Spot Weakness","floor":10,"key":"SMITH"},{"data":"Sword Boomerang","floor":15,"key":"SMITH"},{"data":"Inflame","floor":28,"key":"SMITH"},{"data":"Battle Trance","floor":32,"key":"SMITH"},{"data":"Defend_R","floor":40,"key":"PURGE"},{"data":"Shrug It Off","floor":42,"key":"SMITH"},{"data":"Impervious","floor":45,"key":"SMITH"},{"floor":49,"key":"REST"}],"neow_cost":"NONE","seed_source_timestamp":1735807709235313,"circlet_count":0,"master_deck":["AscendersBane","Defend_R+1","Bash+1","Spot Weakness+1","Sword Boomerang+1","Headbutt","Spot Weakness+1","Cleave+1","Twin Strike+1","Heavy Blade+1","Fiend Fire+1","Bite+1","Bite+1","Bite+1","Bite+1","Bite+1","Inflame+1","Wild Strike+1","Carnage+1","Pommel Strike+1","Iron Wave+1","Battle Trance+1","Iron Wave+1","Pommel Strike+1","Impervious+1","Feed+1","Whirlwind+1","Pummel+1","Shrug It Off+1","Flame Barrier+1","Heavy Blade+1","Bludgeon+1","Clothesline+1","Heavy Blade+1"],"relics":["Burning Blood","PreservedInsect","The Courier","Molten Egg 2","Ornamental Fan","Anchor","War Paint","Orichalcum","Snecko Eye","Ginger","Frozen Egg 2","Unceasing Top","Singing Bowl","Boot","Dead Branch","Peace Pipe","Runic Dome","Potion Belt","Strawberry","Dream Catcher","Prayer Wheel","Incense Burner"],"potions_floor_usage":[41,48,51,51,51,51],"damage_taken":[{"damage":6,"enemies":"Cultist","floor":1,"turns":3},{"damage":15,"enemies":"Small Slimes","floor":4,"turns":4},{"damage":4,"enemies":"2 Louse","floor":5,"turns":4},{"damage":25,"enemies":"Lagavulin","floor":6,"turns":5},{"damage":11,"enemies":"Gremlin Nob","floor":11,"turns":3},{"damage":8,"enemies":"Blue Slaver","floor":12,"turns":4},{"damage":0,"enemies":"Large Slime","floor":14,"turns":4},{"damage":37,"enemies":"Hexaghost","floor":16,"turns":6},{"damage":5,"enemies":"2 Thieves","floor":18,"turns":3},{"damage":10,"enemies":"Shell Parasite","floor":21,"turns":3},{"damage":9,"enemies":"Colosseum Slavers","floor":22,"turns":3},{"damage":2,"enemies":"Colosseum Nobs","floor":22,"turns":3},{"damage":11,"enemies":"Book of Stabbing","floor":23,"turns":2},{"damage":4,"enemies":"Gremlin Leader","floor":25,"turns":3},{"damage":3,"enemies":"Book of Stabbing","floor":27,"turns":2},{"damage":5,"enemies":"3 Cultists","floor":29,"turns":4},{"damage":0,"enemies":"Cultist and Chosen","floor":31,"turns":2},{"damage":22,"enemies":"Collector","floor":33,"turns":3},{"damage":37,"enemies":"3 Shapes","floor":35,"turns":3},{"damage":0,"enemies":"Orb Walker","floor":37,"turns":1},{"damage":8,"enemies":"Transient","floor":38,"turns":6},{"damage":13,"enemies":"Nemesis","floor":41,"turns":4},{"damage":7,"enemies":"Giant Head","floor":44,"turns":3},{"damage":60,"enemies":"Nemesis","floor":46,"turns":7},{"damage":124,"enemies":"3 Darklings","floor":47,"turns":45},{"damage":0,"enemies":"Spire Growth","floor":48,"turns":2},{"damage":77,"enemies":"Donu and Deca","floor":50,"turns":6},{"damage":61,"enemies":"Awakened One","floor":51,"turns":8}],"seed_played":"-828167768090179802","potions_obtained":[{"floor":1,"key":"EntropicBrew"},{"floor":6,"key":"FairyPotion"},{"floor":37,"key":"BloodPotion"},{"floor":38,"key":"BloodPotion"},{"floor":46,"key":"EssenceOfSteel"}],"is_trial":false,"path_per_floor":["M","T","?","M","M","E","?","R","T","R","E","M","$","M","R","B",null,"M","?","?","M","?","E","$","E","T","E","R","M","$","M","R","B",null,"M","T","M","M","$","R","E","R","T","E","R","E","M","M","R","B","B",null],"character_chosen":"IRONCLAD","items_purchased":["War Paint","Orichalcum","Singing Bowl","Battle Trance","Iron Wave+1","Pommel Strike+1","Pummel+1","Shrug It Off"],"campfire_rested":1,"item_purchase_floors":[13,13,24,24,30,30,39,39],"current_hp_per_floor":[68,68,68,59,61,42,67,67,67,67,62,60,60,66,66,35,65,66,52,52,51,52,47,47,54,54,56,56,58,58,58,58,42,54,33,33,39,54,54,54,73,73,73,76,76,34,39,57,83,21,24],"gold":236,"neow_bonus":"RANDOM_COMMON_RELIC","is_prod":false,"is_daily":false,"chose_seed":false,"campfire_upgraded":7,"win_rate":0,"timestamp":1541451814,"path_taken":["M","?","?","M","M","E","?","R","T","R","E","M","$","M","R","BOSS","M","?","?","M","?","E","?","E","T","E","R","M","$","M","R","BOSS","M","?","M","M","$","R","E","R","T","E","R","E","M","M","R","BOSS","BOSS"],"build_version":"2018-11-01","purchased_purges":1,"victory":true,"max_hp_per_floor":[75,75,75,75,75,75,75,75,75,75,75,75,75,75,75,75,75,75,52,52,52,52,52,52,54,54,56,56,58,58,58,58,58,58,64,64,64,66,66,66,73,73,73,77,77,77,83,87,87,87,91],"card_choices":[{"not_picked":["Perfected Strike","Entrench"],"picked":"Spot Weakness","floor":1},{"not_picked":["Heavy Blade","Anger"],"picked":"Sword Boomerang","floor":4},{"not_picked":["Flex","Disarm"],"picked":"Headbutt","floor":5},{"not_picked":["Reckless Charge","Dropkick"],"picked":"Spot Weakness","floor":6},{"not_picked":["Combust","Evolve"],"picked":"Cleave+1","floor":11},{"not_picked":["Body Slam+1","Sentinel"],"picked":"Twin Strike+1","floor":12},{"not_picked":["Warcry","Pommel Strike+1"],"picked":"Heavy Blade+1","floor":14},{"not_picked":["Berserk","Barricade"],"picked":"Fiend Fire+1","floor":16},{"not_picked":["Anger+1","True Grit","Feel No Pain"],"picked":"SKIP","floor":18},{"not_picked":["Thunderclap+1","True Grit"],"picked":"Carnage+1","floor":21},{"not_picked":["Rampage+1","Rage"],"picked":"Pommel Strike+1","floor":22},{"not_picked":["Cleave+1","Sentinel"],"picked":"Iron Wave+1","floor":23},{"not_picked":["Headbutt+1","Body Slam+1","Feel No Pain+1"],"picked":"Singing Bowl","floor":25},{"not_picked":["Rupture+1","Feel No Pain+1","Corruption+1"],"picked":"Singing Bowl","floor":27},{"not_picked":["Thunderclap+1","Bloodletting","Cleave+1"],"picked":"Singing Bowl","floor":29},{"not_picked":["Bloodletting","Infernal Blade"],"picked":"Impervious","floor":31},{"not_picked":["Barricade+1","Juggernaut+1"],"picked":"Feed+1","floor":33},{"not_picked":["Iron Wave+1","Anger+1","Headbutt+1"],"picked":"Singing Bowl","floor":35},{"not_picked":["Perfected Strike+1","Twin Strike+1"],"picked":"Whirlwind+1","floor":37},{"not_picked":["Reckless Charge+1","Dual Wield+1","Wild Strike+1"],"picked":"Singing Bowl","floor":38},{"not_picked":["Shrug It Off","Warcry+1"],"picked":"Flame Barrier+1","floor":41},{"not_picked":["Havoc","Inflame+1"],"picked":"Heavy Blade+1","floor":44},{"not_picked":["Anger+1","Hemokinesis+1"],"picked":"Bludgeon+1","floor":46},{"not_picked":["Warcry","Combust+1"],"picked":"Clothesline+1","floor":47},{"not_picked":["Sever Soul+1","Havoc","Hemokinesis+1"],"picked":"Singing Bowl","floor":47},{"not_picked":["Wild Strike+1","Iron Wave+1","Perfected Strike+1"],"picked":"Singing Bowl","floor":48},{"not_picked":["Shockwave","Rupture+1","Whirlwind+1"],"picked":"Singing Bowl","floor":48},{"not_picked":["Headbutt+1","Body Slam+1"],"picked":"Heavy Blade+1","floor":49}],"player_experience":1556318,"relics_obtained":[{"floor":2,"key":"The Courier"},{"floor":6,"key":"Molten Egg 2"},{"floor":9,"key":"Ornamental Fan"},{"floor":11,"key":"Anchor"},{"floor":22,"key":"Ginger"},{"floor":22,"key":"Frozen Egg 2"},{"floor":23,"key":"Unceasing Top"},{"floor":25,"key":"Boot"},{"floor":26,"key":"Dead Branch"},{"floor":27,"key":"Peace Pipe"},{"floor":36,"key":"Potion Belt"},{"floor":41,"key":"Strawberry"},{"floor":43,"key":"Dream Catcher"},{"floor":44,"key":"Prayer Wheel"},{"floor":46,"key":"Incense Burner"}],"event_choices":[{"damage_healed":0,"gold_gain":150,"player_choice":"AGREE","damage_taken":0,"max_hp_gain":0,"max_hp_loss":0,"event_name":"Liars Game","floor":3,"gold_loss":0,"cards_obtained":["Doubt"]},{"damage_healed":25,"gold_gain":0,"player_choice":"Banana","damage_taken":0,"max_hp_gain":0,"max_hp_loss":0,"event_name":"Big Fish","floor":7,"gold_loss":0},{"damage_healed":0,"gold_gain":0,"player_choice":"Became a vampire","damage_taken":0,"max_hp_gain":0,"max_hp_loss":23,"event_name":"Vampires","floor":19,"gold_loss":0,"cards_obtained":["Bite","Bite","Bite","Bite","Bite"]},{"damage_healed":0,"gold_gain":0,"cards_transformed":["Defend_R","Defend_R"],"player_choice":"Became Test Subject","damage_taken":0,"max_hp_gain":0,"max_hp_loss":0,"event_name":"Drug Dealer","floor":20,"gold_loss":0,"cards_obtained":["Inflame","Wild Strike"]},{"damage_healed":0,"gold_gain":0,"player_choice":"Fight","damage_taken":0,"max_hp_gain":0,"max_hp_loss":0,"event_name":"Colosseum","floor":22,"gold_loss":0},{"damage_healed":0,"gold_gain":0,"player_choice":"Fought Nobs","damage_taken":0,"max_hp_gain":0,"max_hp_loss":0,"event_name":"Colosseum","floor":22,"gold_loss":0}],"is_beta":false,"boss_relics":[{"not_picked":["Black Blood","Runic Cube"],"picked":"Snecko Eye"},{"not_picked":["Empty Cage","Pandora\u0027s Box"],"picked":"Runic Dome"}],"items_purged_floors":[13],"is_endless":false,"potions_floor_spawned":[1,6,14,16,21,22,23,31,37,38,46],"ascension_level":20}