{"gold_per_floor":[117,129,141,141,151,151,180,160,160,177,191,224,244,263,263,365,365,379,179,279,279,298,325,325,354,354,374,386,412,412,446,446,544,544,556,572,11,30,0,0,26,26,52,64,89,89,107,117,117,117,117,117,12,44,44],"floor_reached":55,"playtime":3746,"items_purged":["Strike_R","Strike_R"],"score":1227,"play_id":"fb0ddd6d-92c5-49aa-bc34-894af21a2085","local_time":"20190224143329","is_ascension_mode":true,"campfire_choices":[{"data":"Bash","floor":6.0,"key":"SMITH"},{"data":"Uppercut","floor":15.0,"key":"SMITH"},{"data":"Bludgeon","floor":24,"key":"SMITH"},{"data":"Metallicize","floor":30,"key":"SMITH"},{"data":"Flex","floor":32,"key":"SMITH"},{"data":"Limit Break","floor":40,"key":"SMITH"},{"data":"Impervious","floor":42,"key":"SMITH"},{"floor":46,"key":"RECALL"},{"floor":49,"key":"REST"},{"data":"Feel No Pain","floor":52,"key":"SMITH"}],"neow_cost":"NONE","seed_source_timestamp":903049012965100,"circlet_count":0,"master_deck":["Strike_R","Strike_R","Strike_R+1","Defend_R+1","Defend_R","Defend_R+1","Defend_R","Bash+1","Impervious+1","Shrug It Off","Flex+1","Battle Trance","Carnage+1","Pommel Strike","Bludgeon+1","Body Slam","Uppercut+1","Limit Break+1","Heavy Blade","Metallicize+1","Sever Soul+1","Feel No Pain+1","Armaments+1","Shrug It Off+1","Entrench","Barricade+1","Shrug It Off+1","Flame Barrier","Inflame+1","Spot Weakness","Bludgeon+1","Battle Trance+1","Shrug It Off+1","Disarm+1","Corruption+1","Shrug It Off"],"special_seed":0,"relics":["Burning Blood","Whetstone","Strawberry","Ornamental Fan","Snecko Eye","Prayer Wheel","Darkstone Periapt","Bottled Lightning","Bronze Scales","Blue Candle","PreservedInsect","Frozen Egg 2","Sozu","Oddly Smooth Stone","DollysMirror","Red Mask","Magic Flower","Juzu Bracelet","Kunai"],"potions_floor_usage":[20,20,29,50,55],"damage_taken":[{"damage":9.0,"enemies":"Jaw Worm","floor":1.0,"turns":4.0},{"damage":3.0,"enemies":"2 Louse","floor":2.0,"turns":4.0},{"damage":8.0,"enemies":"Cultist","floor":3.0,"turns":6.0},{"damage":10.0,"enemies":"3 Louse","floor":5.0,"turns":4.0},{"damage":23.0,"enemies":"Gremlin Nob","floor":7.0,"turns":5.0},{"damage":6.0,"enemies":"Looter","floor":10.0,"turns":3.0},{"damage":6.0,"enemies":"Exordium Thugs","floor":11.0,"turns":3.0},{"damage":0.0,"enemies":"Lagavulin","floor":12.0,"turns":3.0},{"damage":5.0,"enemies":"Blue Slaver","floor":13.0,"turns":2.0},{"damage":1.0,"enemies":"2 Fungi Beasts","floor":14.0,"turns":3.0},{"damage":36.0,"enemies":"The Guardian","floor":16.0,"turns":13.0},{"damage":0.0,"enemies":"Spheric Guardian","floor":18.0,"turns":3.0},{"damage":0,"enemies":"Colosseum Slavers","floor":20,"turns":4},{"damage":18,"enemies":"Colosseum Nobs","floor":20,"turns":3},{"damage":0,"enemies":"Chosen","floor":22,"turns":3},{"damage":0,"enemies":"Slavers","floor":23,"turns":4},{"damage":10,"enemies":"Gremlin Leader","floor":25,"turns":4},{"damage":8,"enemies":"Snake Plant","floor":27,"turns":3},{"damage":0,"enemies":"Snecko","floor":28,"turns":2},{"damage":22,"enemies":"Slavers","floor":29,"turns":4},{"damage":0,"enemies":"Book of Stabbing","floor":31,"turns":3},{"damage":61,"enemies":"Automaton","floor":33,"turns":12},{"damage":20,"enemies":"3 Darklings","floor":35,"turns":6},{"damage":0,"enemies":"3 Shapes","floor":36,"turns":7},{"damage":19,"enemies":"3 Darklings","floor":38,"turns":6},{"damage":24,"enemies":"Nemesis","floor":41,"turns":7},{"damage":4,"enemies":"Spire Growth","floor":44,"turns":3},{"damage":7,"enemies":"4 Shapes","floor":47,"turns":6},{"damage":14,"enemies":"Jaw Worm Horde","floor":48,"turns":4},{"damage":41,"enemies":"Donu and Deca","floor":50,"turns":10},{"damage":35,"enemies":"Shield and Spear","floor":54,"turns":6},{"damage":48,"enemies":"The Heart","floor":55,"turns":3}],"seed_played":"7517602648923875564","potions_obtained":[{"floor":1.0,"key":"SkillPotion"},{"floor":2.0,"key":"FearPotion"},{"floor":7.0,"key":"Ancient Potion"},{"floor":8.0,"key":"PowerPotion"},{"floor":18.0,"key":"Fire Potion"},{"floor":23,"key":"SpeedPotion"},{"floor":25,"key":"Ancient Potion"},{"floor":29,"key":"Poison Potion"}],"is_trial":false,"path_per_floor":["M","M","M","?","M","R","E","?","T","M","M","E","M","M","R","B",null,"M","$","?","?","M","E","R","E","T","M","M","E","R","E","R","B",null,"M","M","$","M","?","R","E","R","T","M","T","R","M","M","R","B",null,"R","$","E","B"],"character_chosen":"IRONCLAD","items_purchased":["Metallicize","PowerPotion","Inflame+1","Oddly Smooth Stone","Spot Weakness","DollysMirror","Corruption+1","Shrug It Off"],"campfire_rested":1,"item_purchase_floors":[19,19,37,37,37,37,53,53],"current_hp_per_floor":[69,72,70,54,50,50,33,33,40,40,40,46,47,52,52,22,71,77,77,71,71,77,83,83,79,79,77,83,67,67,73,73,18,70,56,62,62,49,49,49,31,31,31,36,36,36,38,33,59,27,72,72,72,46,0],"gold":44,"neow_bonus":"ONE_RANDOM_RARE_CARD","is_prod":false,"is_daily":false,"chose_seed":false,"campfire_upgraded":8,"win_rate":0,"timestamp":1551036809,"path_taken":["M","M","M","?","M","R","E","?","T","?","M","E","M","M","R","BOSS","M","$","?","?","M","E","R","E","T","M","M","E","R","E","R","BOSS","M","M","$","M","?","R","E","R","T","M","?","R","M","M","R","BOSS","R","$","E","BOSS"],"build_version":"2019-01-23","purchased_purges":2,"victory":false,"max_hp_per_floor":[80,80,80,80,80,80,80,80,87,87,87,87,87,87,87,87,87,87,87,87,87,87,87,87,87,87,87,87,87,87,87,87,87,87,87,87,87,87,87,87,87,87,87,87,87,87,87,87,87,87,87,87,87,87,87],"card_choices":[{"not_picked":["Intimidate","Evolve","Perfected Strike"],"picked":"SKIP","floor":1.0},{"not_picked":["Twin Strike","Perfected Strike"],"picked":"Shrug It Off","floor":2.0},{"not_picked":["Twin Strike","Reckless Charge"],"picked":"Flex","floor":3.0},{"not_picked":["Iron Wave","Warcry"],"picked":"Battle Trance","floor":5.0},{"not_picked":["Headbutt","Entrench"],"picked":"Carnage","floor":7.0},{"not_picked":["Headbutt","Entrench"],"picked":"Pommel Strike","floor":10.0},{"not_picked":["Twin Strike","Flex"],"picked":"Bludgeon","floor":11.0},{"not_picked":["Burning Pact","Brutality"],"picked":"Body Slam","floor":12.0},{"not_picked":["Headbutt","Havoc","Flex"],"picked":"SKIP","floor":13.0},{"not_picked":["Clothesline","Infernal Blade"],"picked":"Uppercut","floor":14.0},{"not_picked":["Barricade","Double Tap"],"picked":"Limit Break","floor":16.0},{"not_picked":["Sentinel","Body Slam"],"picked":"Heavy Blade","floor":18.0},{"not_picked":["Warcry","Sword Boomerang"],"picked":"Sever Soul+1","floor":20},{"not_picked":["Heavy Blade","Sever Soul","Rupture"],"picked":"SKIP","floor":22},{"not_picked":["Wild Strike","Headbutt","Reckless Charge"],"picked":"SKIP","floor":22},{"not_picked":["Body Slam","Anger"],"picked":"Feel No Pain","floor":23},{"not_picked":["Clash+1","Reckless Charge","Flex"],"picked":"SKIP","floor":25},{"not_picked":["Clothesline","Sword Boomerang"],"picked":"Armaments+1","floor":27},{"not_picked":["Anger","Heavy Blade+1"],"picked":"Shrug It Off+1","floor":27},{"not_picked":["Searing Blow","Bloodletting+1"],"picked":"Entrench","floor":28},{"not_picked":["Perfected Strike","Wild Strike","Flex"],"picked":"SKIP","floor":28},{"not_picked":["Clothesline","Body Slam","Offering"],"picked":"SKIP","floor":29},{"not_picked":["Cleave","Clash","Sentinel"],"picked":"SKIP","floor":31},{"not_picked":["Dark Embrace+1","Impervious"],"picked":"Barricade+1","floor":33},{"not_picked":["Havoc+1","Ghostly Armor"],"picked":"Shrug It Off+1","floor":35},{"not_picked":["Pummel","Anger+1","Bloodletting+1"],"picked":"SKIP","floor":35},{"not_picked":["Rage","Blood for Blood"],"picked":"Flame Barrier","floor":36},{"not_picked":["True Grit+1","Perfected Strike+1","Sword Boomerang"],"picked":"SKIP","floor":36},{"not_picked":["Sever Soul","Anger+1","Headbutt+1"],"picked":"SKIP","floor":38},{"not_picked":["Anger+1","Perfected Strike+1","Pommel Strike+1"],"picked":"SKIP","floor":38},{"not_picked":["Searing Blow+1","Uppercut","Perfected Strike"],"picked":"SKIP","floor":41},{"not_picked":["Warcry+1","Headbutt+1"],"picked":"Battle Trance+1","floor":44},{"not_picked":["Anger","Cleave"],"picked":"Shrug It Off+1","floor":44},{"not_picked":["Intimidate","Shrug It Off+1"],"picked":"Disarm+1","floor":47},{"not_picked":["Havoc+1","Cleave+1","Warcry"],"picked":"SKIP","floor":47},{"not_picked":["Combust+1","Brutality+1","Heavy Blade"],"picked":"SKIP","floor":48},{"not_picked":["True Grit","Dropkick","Seeing Red+1"],"picked":"SKIP","floor":48},{"not_picked":["Havoc","Sever Soul+1","Clothesline"],"picked":"SKIP","floor":54}],"player_experience":278737,"relics_obtained":[{"floor":7.0,"key":"Whetstone"},{"floor":9.0,"key":"Strawberry"},{"floor":12.0,"key":"Ornamental Fan"},{"floor":20,"key":"Prayer Wheel"},{"floor":20,"key":"Darkstone Periapt"},{"floor":23,"key":"Bottled Lightning"},{"floor":25,"key":"Bronze Scales"},{"floor":26,"key":"Blue Candle"},{"floor":29,"key":"PreservedInsect"},{"floor":31,"key":"Frozen Egg 2"},{"floor":41,"key":"Magic Flower"},{"floor":45,"key":"Juzu Bracelet"},{"floor":54,"key":"Kunai"}],"event_choices":[{"damage_healed":0.0,"max_hp_gain":0.0,"max_hp_loss":0.0,"gold_gain":0.0,"event_name":"Shining Light","player_choice":"Entered Light","floor":4.0,"gold_loss":0.0,"damage_taken":16.0,"cards_upgraded":["Defend_R","Defend_R"]},{"damage_healed":0.0,"max_hp_gain":0.0,"max_hp_loss":0.0,"gold_gain":0.0,"event_name":"The Woman in Blue","player_choice":"Bought 1 Potion","floor":8.0,"gold_loss":0.0,"damage_taken":0.0},{"damage_healed":0,"gold_gain":0,"player_choice":"Fight","damage_taken":0,"max_hp_gain":0,"max_hp_loss":0,"event_name":"Colosseum","floor":20,"gold_loss":0},{"damage_healed":0,"gold_gain":0,"player_choice":"Fought Nobs","damage_taken":0,"max_hp_gain":0,"max_hp_loss":0,"event_name":"Colosseum","floor":20,"gold_loss":0},{"damage_healed":0,"gold_gain":0,"player_choice":"Ignored","damage_taken":0,"max_hp_gain":0,"max_hp_loss":0,"event_name":"Ghosts","floor":21,"gold_loss":0},{"damage_healed":0,"gold_gain":0,"player_choice":"Paid","damage_taken":0,"relics_obtained":["Red Mask"],"max_hp_gain":0,"max_hp_loss":0,"event_name":"Tomb of Lord Red Mask","floor":39,"gold_loss":30}],"is_beta":false,"boss_relics":[{"not_picked":["Ectoplasm","Tiny House"],"picked":"Snecko Eye"},{"not_picked":["Black Blood","Orrery"],"picked":"Sozu"}],"items_purged_floors":[19,37],"is_endless":false,"potions_floor_spawned":[1,2,7,10,18,23,25,27,28,29,35,36,38],"killed_by":"The Heart","ascension_level":8}