{"gold_per_floor":[363,37,47,47,62,62,95,121,121,21,21,49,49,63,63,140,140,159,179,179],"floor_reached":20,"playtime":950,"items_purged":["Strike_R","Strike_R"],"score":364,"play_id":"4a8ce55f-6d95-4317-af69-98254445fe89","local_time":"20181222193205","is_ascension_mode":true,"campfire_choices":[{"data":"Bash","floor":6,"key":"SMITH"},{"floor":11,"key":"REST"},{"data":"Clothesline","floor":15,"key":"SMITH"}],"neow_cost":"TEN_PERCENT_HP_LOSS","seed_source_timestamp":547658461006076,"circlet_count":0,"master_deck":["AscendersBane","Strike_R","Strike_R+1","Strike_R+1","Defend_R","Defend_R+1","Defend_R","Defend_R","Bash+1","Twin Strike","Metallicize","Disarm+1","Clothesline+1","Spot Weakness+1","Barricade","Rampage","Impervious","True Grit","Battle Trance"],"relics":["Burning Blood","OrangePellets","War Paint","Whetstone","Bottled Lightning","Bird Faced Urn","Black Star"],"potions_floor_usage":[12,18,20],"damage_taken":[{"damage":13,"enemies":"2 Louse","floor":1,"turns":3},{"damage":4,"enemies":"Jaw Worm","floor":3,"turns":5},{"damage":5,"enemies":"Small Slimes","floor":5,"turns":5},{"damage":68,"enemies":"3 Sentries","floor":7,"turns":14},{"damage":2,"enemies":"Lagavulin","floor":12,"turns":6},{"damage":8,"enemies":"Red Slaver","floor":14,"turns":4},{"damage":7,"enemies":"Hexaghost","floor":16,"turns":8},{"damage":35,"enemies":"3 Byrds","floor":18,"turns":15},{"damage":34,"enemies":"Chosen","floor":19,"turns":6},{"damage":26,"enemies":"3 Cultists","floor":20,"turns":4}],"seed_played":"8942127106785159432","potions_obtained":[{"floor":3,"key":"Weak Potion"},{"floor":12,"key":"FearPotion"},{"floor":16,"key":"Energy Potion"},{"floor":18,"key":"Dexterity Potion"}],"is_trial":false,"path_per_floor":["M","$","M","?","M","R","E","T","T","$","R","E","?","M","R","B",null,"M","M","M"],"character_chosen":"IRONCLAD","items_purchased":["OrangePellets","Metallicize"],"campfire_rested":1,"item_purchase_floors":[2,2],"current_hp_per_floor":[61,61,63,68,69,69,7,7,7,7,28,32,32,32,32,33,63,38,12,0],"gold":179,"neow_bonus":"TWO_FIFTY_GOLD","is_prod":false,"is_daily":false,"chose_seed":false,"campfire_upgraded":2,"win_rate":0,"timestamp":1545503525,"path_taken":["M","$","M","?","M","R","E","?","T","$","R","E","?","?","R","BOSS","M","?","M"],"build_version":"2018-12-20","purchased_purges":2,"victory":false,"max_hp_per_floor":[68,68,68,73,73,73,73,73,73,73,73,73,73,73,73,73,73,73,73,73],"card_choices":[{"not_picked":["Iron Wave","Wild Strike"],"picked":"Twin Strike","floor":1},{"not_picked":["Intimidate","Clash"],"picked":"Disarm","floor":3},{"not_picked":["Rupture","Thunderclap"],"picked":"Clothesline","floor":5},{"not_picked":["True Grit","Thunderclap"],"picked":"Spot Weakness","floor":7},{"not_picked":["Searing Blow","Cleave"],"picked":"Barricade","floor":12},{"not_picked":["Blood for Blood","Pommel Strike"],"picked":"Rampage","floor":14},{"not_picked":["Demon Form","Limit Break"],"picked":"Impervious","floor":16},{"not_picked":["Dropkick","Entrench"],"picked":"True Grit","floor":18},{"not_picked":["Second Wind","Headbutt+1"],"picked":"Battle Trance","floor":19}],"player_experience":1689472,"relics_obtained":[{"floor":7,"key":"War Paint"},{"floor":8,"key":"Whetstone"},{"floor":9,"key":"Bottled Lightning"},{"floor":12,"key":"Bird Faced Urn"}],"event_choices":[{"damage_healed":0,"gold_gain":0,"player_choice":"Donut","damage_taken":0,"max_hp_gain":5,"max_hp_loss":0,"event_name":"Big Fish","floor":4,"gold_loss":0},{"damage_healed":0,"gold_gain":0,"player_choice":"Forge","damage_taken":0,"max_hp_gain":0,"max_hp_loss":0,"event_name":"Accursed Blacksmith","floor":13,"gold_loss":0,"cards_upgraded":["Disarm"]}],"is_beta":false,"boss_relics":[{"not_picked":["Pandora\u0027s Box","Runic Pyramid"],"picked":"Black Star"}],"items_purged_floors":[2,10],"is_endless":false,"potions_floor_spawned":[3,12,16,18],"killed_by":"3 Cultists","ascension_level":20}