{"gold_per_floor":[111,1,1,0,16,16,46,58,58,86,86,86,106,116,116,217,217,231,156,181,192,192,192,202,202,226,226,66,66,77,89,89,191,191,208,108,127,349,5,5],"floor_reached":40,"playtime":2150,"items_purged":["Strike_B","Shame","Parasite"],"score":622,"play_id":"2d0f4c95-cd21-49df-ac1d-ab4e4b96fa43","local_time":"20190306135403","is_ascension_mode":true,"campfire_choices":[{"data":"Zap","floor":6.0,"key":"SMITH"},{"floor":12.0,"key":"REST"},{"data":"Defragment","floor":15.0,"key":"SMITH"},{"floor":23.0,"key":"REST"},{"data":"Hologram","floor":25.0,"key":"SMITH"},{"data":"Biased Cognition","floor":29.0,"key":"SMITH"},{"floor":32,"key":"REST"}],"neow_cost":"NONE","seed_source_timestamp":0,"circlet_count":0,"master_deck":["Strike_B","Defend_B+1","Defend_B","Defend_B","Defend_B+1","Zap+1","Dualcast","Defragment+1","Static Discharge+1","Consume","Leap+1","Genetic Algorithm","Biased Cognition+1","Cold Snap+1","Compile Driver+1","Buffer","Ball Lightning+1","Hologram+1","Cold Snap+1","Sweeping Beam+1","Echo Form","Rainbow","Clumsy","Coolheaded+1","Capacitor","Coolheaded","Impatience"],"special_seed":0,"relics":["Cracked Core","Blue Candle","Molten Egg 2","War Paint","Sozu","Red Mask","Oddly Smooth Stone","Calling Bell","Strawberry","Mercury Hourglass","Thread and Needle"],"potions_floor_usage":[33,40],"damage_taken":[{"damage":8.0,"enemies":"Small Slimes","floor":1.0,"turns":3.0},{"damage":2.0,"enemies":"Jaw Worm","floor":5.0,"turns":3.0},{"damage":10.0,"enemies":"Lagavulin","floor":7.0,"turns":6.0},{"damage":1.0,"enemies":"2 Louse","floor":8.0,"turns":4.0},{"damage":14.0,"enemies":"3 Sentries","floor":10.0,"turns":6.0},{"damage":2.0,"enemies":"Blue Slaver","floor":13.0,"turns":4.0},{"damage":0.0,"enemies":"Looter","floor":14.0,"turns":4.0},{"damage":0.0,"enemies":"Slime Boss","floor":16.0,"turns":10.0},{"damage":0.0,"enemies":"Chosen","floor":18.0,"turns":6.0},{"damage":48.0,"enemies":"Masked Bandits","floor":20.0,"turns":4.0},{"damage":21.0,"enemies":"2 Thieves","floor":21.0,"turns":4.0},{"damage":0.0,"enemies":"Snecko","floor":24.0,"turns":8.0},{"damage":0.0,"enemies":"Centurion and Healer","floor":30.0,"turns":8.0},{"damage":8,"enemies":"Cultist and Chosen","floor":31,"turns":5},{"damage":33,"enemies":"Collector","floor":33,"turns":9},{"damage":6,"enemies":"3 Shapes","floor":35,"turns":6},{"damage":6,"enemies":"Orb Walker","floor":37,"turns":5},{"damage":60,"enemies":"Giant Head","floor":40,"turns":8}],"seed_played":"-4432504479676751606","potions_obtained":[{"floor":5.0,"key":"PowerPotion"},{"floor":7.0,"key":"Swift Potion"},{"floor":13.0,"key":"Ancient Potion"},{"floor":16.0,"key":"Dexterity Potion"}],"is_trial":false,"path_per_floor":["M","$","?","?","M","R","E","M","T","E","?","R","M","M","R","B",null,"M","?","?","M","?","R","M","R","T","?","$","R","M","M","R","B",null,"M","$","M","?","$","E"],"character_chosen":"DEFECT","items_purchased":["Consume","Echo Form","Capacitor","Coolheaded","Impatience"],"campfire_rested":3,"item_purchase_floors":[2,28,39,39,39],"current_hp_per_floor":[60,60,45,45,43,43,33,32,32,18,23,47,45,45,45,45,71,71,71,23,2,2,26,26,26,26,26,26,26,26,18,42,9,69,63,63,57,57,57,0],"gold":5,"neow_bonus":"TRANSFORM_CARD","is_prod":false,"is_daily":false,"chose_seed":false,"campfire_upgraded":4,"win_rate":0,"timestamp":1551898443,"path_taken":["M","$","?","?","M","R","E","M","T","E","?","R","M","M","R","BOSS","M","?","?","M","?","R","M","R","T","?","$","R","M","?","R","BOSS","M","$","M","?","$","E"],"build_version":"2019-01-23","purchased_purges":3,"victory":false,"max_hp_per_floor":[75,75,75,75,75,75,75,75,75,75,80,80,80,80,80,80,80,80,80,80,80,80,80,80,80,80,80,80,80,80,80,80,80,87,87,87,87,87,84,84],"card_choices":[{"not_picked":["Rebound","Stack"],"picked":"Static Discharge","floor":1.0},{"not_picked":["Go for the Eyes","Recycle"],"picked":"Leap","floor":5.0},{"not_picked":["Scrape","Undo","Beam Cell"],"picked":"SKIP","floor":7.0},{"not_picked":["Leap","Reinforced Body"],"picked":"Genetic Algorithm","floor":8.0},{"not_picked":["Static Discharge","Steam Power"],"picked":"Biased Cognition","floor":10.0},{"not_picked":["Steam","Blizzard+1"],"picked":"Cold Snap+1","floor":13.0},{"not_picked":["Streamline+1","Go for the Eyes+1"],"picked":"Compile Driver+1","floor":14.0},{"not_picked":["Seek","Thunder Strike+1"],"picked":"Buffer","floor":16.0},{"not_picked":["Gash+1","Stack+1"],"picked":"Ball Lightning+1","floor":18.0},{"not_picked":["Turbo+1","Ball Lightning+1"],"picked":"Hologram","floor":20.0},{"not_picked":["Go for the Eyes+1","Turbo+1"],"picked":"Cold Snap+1","floor":21.0},{"not_picked":["Reprogram","Hello World","Cold Snap+1"],"picked":"SKIP","floor":24.0},{"not_picked":["Cold Snap+1","Heatsinks+1","Hologram"],"picked":"SKIP","floor":30.0},{"not_picked":["Hologram","Tempest","Go for the Eyes+1"],"picked":"SKIP","floor":31},{"not_picked":["All For One+1","Buffer"],"picked":"Rainbow","floor":33},{"not_picked":["Beam Cell+1","Rip and Tear+1"],"picked":"Coolheaded+1","floor":35},{"not_picked":["Recycle","Rebound+1","Conserve Battery"],"picked":"SKIP","floor":37}],"player_experience":351145,"relics_obtained":[{"floor":7.0,"key":"Blue Candle"},{"floor":9.0,"key":"Molten Egg 2"},{"floor":10.0,"key":"War Paint"},{"floor":20.0,"key":"Red Mask"},{"floor":26.0,"key":"Oddly Smooth Stone"},{"floor":34,"key":"Strawberry"},{"floor":34,"key":"Mercury Hourglass"},{"floor":34,"key":"Thread and Needle"}],"event_choices":[{"damage_healed":0.0,"max_hp_gain":0.0,"max_hp_loss":0.0,"gold_gain":0.0,"event_name":"Shining Light","player_choice":"Entered Light","floor":3.0,"gold_loss":0.0,"damage_taken":15.0,"cards_upgraded":["Static Discharge","Defend_B"]},{"damage_healed":0.0,"max_hp_gain":0.0,"max_hp_loss":0.0,"gold_gain":0.0,"event_name":"World of Goop","player_choice":"Left Gold","floor":4.0,"gold_loss":1.0,"damage_taken":0.0},{"damage_healed":0.0,"max_hp_gain":5.0,"max_hp_loss":0.0,"gold_gain":0.0,"event_name":"Big Fish","player_choice":"Donut","floor":11.0,"gold_loss":0.0,"damage_taken":0.0},{"cards_removed":["Strike_B"],"damage_healed":0.0,"max_hp_gain":0.0,"max_hp_loss":0.0,"gold_gain":0.0,"event_name":"Beggar","player_choice":"Gave Gold","floor":19.0,"gold_loss":75.0,"damage_taken":0.0},{"damage_healed":0.0,"max_hp_gain":0.0,"max_hp_loss":0.0,"gold_gain":0.0,"event_name":"Masked Bandits","player_choice":"Fought Bandits","floor":20.0,"gold_loss":0.0,"damage_taken":0.0},{"damage_healed":0.0,"max_hp_gain":0.0,"max_hp_loss":0.0,"gold_gain":0.0,"event_name":"Vampires","player_choice":"Ignored","floor":22.0,"gold_loss":0.0,"damage_taken":0.0},{"damage_healed":0.0,"max_hp_gain":0.0,"max_hp_loss":0.0,"gold_gain":0.0,"event_name":"The Library","player_choice":"Read","floor":27.0,"gold_loss":0.0,"damage_taken":0.0,"cards_obtained":["Sweeping Beam"]},{"damage_healed":0,"gold_gain":222,"player_choice":"Wore Mask","damage_taken":0,"max_hp_gain":0,"max_hp_loss":0,"event_name":"Tomb of Lord Red Mask","floor":38,"gold_loss":0}],"is_beta":false,"boss_relics":[{"not_picked":["Fusion Hammer","Philosopher\u0027s Stone"],"picked":"Sozu"},{"not_picked":["White Beast Statue","Runic Dome"],"picked":"Calling Bell"}],"items_purged_floors":[2,36,39],"is_endless":false,"potions_floor_spawned":[5,7,13,14,16,18,20,24,30],"killed_by":"Giant Head","ascension_level":8}