{"gold_per_floor":[13,26,40,55,70,104,29,61,61,74,88,88,88,100,100,203,203,221,241,11,11,23,23,23],"floor_reached":24,"playtime":1375,"items_purged":["Strike_G"],"score":297,"play_id":"1eb0e710-a442-4159-a63f-9977e8bbbec3","local_time":"20190222232150","is_ascension_mode":true,"campfire_choices":[{"floor":12,"key":"REST"},{"data":"Neutralize","floor":15,"key":"SMITH"},{"floor":23,"key":"REST"}],"neow_cost":"NO_GOLD","seed_source_timestamp":764431980382600,"circlet_count":0,"master_deck":["Defend_G","Defend_G","Defend_G","Defend_G","Defend_G","Strike_G","Survivor","Neutralize+1","Terror","Poisoned Stab","Deflect","Noxious Fumes","Cloak And Dagger","Corpse Explosion","Dagger Spray","Deadly Poison","PiercingWail","Malaise","Caltrops","Caltrops"],"relics":["Ring of the Snake","Mango","Pen Nib","Juzu Bracelet","Question Card","Empty Cage","PreservedInsect"],"potions_floor_usage":[8,16,18,24],"damage_taken":[{"damage":0,"enemies":"2 Louse","floor":1,"turns":4},{"damage":0,"enemies":"Jaw Worm","floor":2,"turns":3},{"damage":4,"enemies":"Cultist","floor":3,"turns":4},{"damage":3,"enemies":"Looter","floor":4,"turns":4},{"damage":16,"enemies":"Large Slime","floor":5,"turns":5},{"damage":19,"enemies":"3 Sentries","floor":6,"turns":11},{"damage":19,"enemies":"Gremlin Nob","floor":8,"turns":5},{"damage":5,"enemies":"3 Louse","floor":10,"turns":5},{"damage":0,"enemies":"Lots of Slimes","floor":11,"turns":1},{"damage":8,"enemies":"Gremlin Gang","floor":14,"turns":3},{"damage":2,"enemies":"Hexaghost","floor":16,"turns":10},{"damage":22,"enemies":"Chosen","floor":18,"turns":9},{"damage":9,"enemies":"Shell Parasite","floor":19,"turns":8},{"damage":29,"enemies":"Centurion and Healer","floor":22,"turns":8},{"damage":38,"enemies":"Slavers","floor":24,"turns":3}],"seed_played":"698749717734636216","potions_obtained":[{"floor":2,"key":"Weak Potion"},{"floor":4,"key":"LiquidBronze"},{"floor":10,"key":"Block Potion"},{"floor":14,"key":"Regen Potion"},{"floor":18,"key":"Energy Potion"},{"floor":19,"key":"GhostInAJar"}],"is_trial":false,"path_per_floor":["M","M","M","M","M","E","$","E","T","M","M","R","?","M","R","B",null,"M","M","$","?","M","R","E"],"character_chosen":"THE_SILENT","items_purchased":["Caltrops","PreservedInsect"],"campfire_rested":2,"item_purchase_floors":[20,20],"current_hp_per_floor":[77,77,73,70,54,35,35,16,16,11,11,36,29,21,21,34,72,50,41,41,41,12,37,0],"gold":23,"neow_bonus":"ONE_RARE_RELIC","is_prod":false,"is_daily":false,"chose_seed":false,"campfire_upgraded":1,"win_rate":0,"timestamp":1550895710,"path_taken":["M","M","M","M","M","E","$","E","T","M","M","R","?","M","R","BOSS","M","M","$","?","M","R","E"],"build_version":"2019-01-23","purchased_purges":1,"victory":false,"max_hp_per_floor":[84,84,84,84,84,84,84,84,84,84,84,84,84,84,84,84,84,84,84,84,84,84,84,84],"card_choices":[{"not_picked":["Slice","Reflex"],"picked":"Terror","floor":1},{"not_picked":["Flying Knee","Quick Slash"],"picked":"Poisoned Stab","floor":2},{"not_picked":["Setup","Slice"],"picked":"Deflect","floor":3},{"not_picked":["PiercingWail","Infinite Blades"],"picked":"Noxious Fumes","floor":4},{"not_picked":["Endless Agony","Underhanded Strike"],"picked":"Cloak And Dagger","floor":5},{"not_picked":["Outmaneuver","Dagger Spray"],"picked":"Corpse Explosion","floor":6},{"not_picked":["Cloak And Dagger","Outmaneuver","Flying Knee"],"picked":"SKIP","floor":8},{"not_picked":["All Out Attack","PiercingWail","Slice"],"picked":"Dagger Spray","floor":10},{"not_picked":["Calculated Gamble","Prepared","Dagger Spray"],"picked":"Deadly Poison","floor":11},{"not_picked":["Sucker Punch","Deadly Poison","Reflex"],"picked":"PiercingWail","floor":14},{"not_picked":["Night Terror","Bullet Time","Wraith Form v2"],"picked":"Malaise","floor":16},{"not_picked":["Quick Slash","All Out Attack","Prepared","Deadly Poison"],"picked":"SKIP","floor":18},{"not_picked":["Dagger Spray","Predator","Underhanded Strike","Outmaneuver"],"picked":"SKIP","floor":19},{"not_picked":["Blade Dance","Flying Knee+1","Caltrops","Expertise+1"],"picked":"SKIP","floor":22}],"player_experience":268169,"relics_obtained":[{"floor":6,"key":"Pen Nib"},{"floor":8,"key":"Juzu Bracelet"},{"floor":9,"key":"Question Card"}],"event_choices":[{"cards_removed":["Strike_G"],"damage_healed":0,"gold_gain":0,"player_choice":"Card Removal","damage_taken":7,"max_hp_gain":0,"max_hp_loss":0,"event_name":"Golden Wing","floor":13,"gold_loss":0},{"damage_healed":0,"gold_gain":0,"player_choice":"Read","damage_taken":0,"max_hp_gain":0,"max_hp_loss":0,"event_name":"The Library","floor":21,"gold_loss":0,"cards_obtained":["Caltrops"]}],"is_beta":false,"boss_relics":[{"not_picked":["Ring of the Serpent","Philosopher\u0027s Stone"],"picked":"Empty Cage"}],"items_purged_floors":[7],"is_endless":false,"potions_floor_spawned":[2,4,10,14,18,19,22],"killed_by":"Slavers","ascension_level":8}