{"gold_per_floor":[110,123,136,54,70,70,70,105,155,105,105,131,131,167,167,286,286,305,319,234,259,278,278,278,317,342,360,360,374,374,399,399,520,520,544,204,223,223,244,244,285,285,285,285,310,345,38,57,57,57],"floor_reached":51,"playtime":3530,"items_purged":[],"score":987,"play_id":"c16b27b7-1a96-4512-80a3-33d04a5fbf09","local_time":"20190309223305","is_ascension_mode":true,"campfire_choices":[{"data":"Zap","floor":6.0,"key":"SMITH"},{"data":"Creative AI","floor":11.0,"key":"SMITH"},{"floor":15.0,"key":"REST"},{"data":"Self Repair","floor":23.0,"key":"SMITH"},{"data":"Coolheaded","floor":32.0,"key":"SMITH"},{"data":"Defragment","floor":40,"key":"SMITH"},{"data":"Coolheaded","floor":42,"key":"SMITH"},{"data":"Echo Form","floor":49,"key":"SMITH"}],"neow_cost":"NONE","seed_source_timestamp":2055276369834500,"circlet_count":0,"master_deck":["Defend_B","Defend_B","Defend_B+1","Zap+1","Dualcast","White Noise","Ball Lightning","Doom and Gloom","Self Repair+1","Glacier","Creative AI+1","Coolheaded+1","Defragment+1","Echo Form+1","Double Energy+1","Turbo+1","Seek+1","Steam+1","White Noise","Hologram","Genetic Algorithm","Core Surge","Genetic Algorithm+1","Coolheaded+1","Skim+1"],"special_seed":0,"relics":["Cracked Core","Golden Idol","Bottled Tornado","Anchor","Odd Mushroom","Vajra","Astrolabe","Blue Candle","Dodecahedron","PreservedInsect","Blood Vial","NlothsMask","Cursed Key","OrangePellets","Centennial Puzzle","Omamori","Bag of Marbles","Orichalcum","Potion Belt"],"potions_floor_usage":[41],"damage_taken":[{"damage":1.0,"enemies":"Small Slimes","floor":1.0,"turns":3.0},{"damage":2.0,"enemies":"2 Louse","floor":2.0,"turns":4.0},{"damage":1.0,"enemies":"Cultist","floor":3.0,"turns":3.0},{"damage":6.0,"enemies":"Looter","floor":5.0,"turns":3.0},{"damage":14.0,"enemies":"3 Sentries","floor":8.0,"turns":7.0},{"damage":15.0,"enemies":"The Mushroom Lair","floor":12.0,"turns":5.0},{"damage":9.0,"enemies":"Lagavulin","floor":14.0,"turns":6.0},{"damage":22.0,"enemies":"Hexaghost","floor":16.0,"turns":9.0},{"damage":0.0,"enemies":"Chosen","floor":18.0,"turns":5.0},{"damage":28.0,"enemies":"3 Byrds","floor":19.0,"turns":5.0},{"damage":30.0,"enemies":"Snake Plant","floor":21.0,"turns":4.0},{"damage":6.0,"enemies":"Centurion and Healer","floor":22.0,"turns":7.0},{"damage":22.0,"enemies":"Gremlin Leader","floor":25.0,"turns":7.0},{"damage":16.0,"enemies":"Sentry and Sphere","floor":27.0,"turns":6.0},{"damage":0.0,"enemies":"Snecko","floor":29.0,"turns":5.0},{"damage":11.0,"enemies":"Centurion and Healer","floor":31.0,"turns":5.0},{"damage":42,"enemies":"Automaton","floor":33,"turns":10},{"damage":8,"enemies":"3 Shapes","floor":35,"turns":6},{"damage":1,"enemies":"Orb Walker","floor":37,"turns":4},{"damage":4,"enemies":"Maw","floor":39,"turns":6},{"damage":7,"enemies":"Nemesis","floor":41,"turns":12},{"damage":2,"enemies":"3 Darklings","floor":45,"turns":5},{"damage":4,"enemies":"Reptomancer","floor":46,"turns":6},{"damage":5,"enemies":"Sphere and 2 Shapes","floor":48,"turns":7},{"damage":17,"enemies":"Time Eater","floor":50,"turns":12}],"seed_played":"2634771677205543951","potions_obtained":[{"floor":1.0,"key":"FairyPotion"},{"floor":5.0,"key":"Energy Potion"},{"floor":12.0,"key":"LiquidBronze"},{"floor":16.0,"key":"Swift Potion"},{"floor":18.0,"key":"Explosive Potion"},{"floor":25.0,"key":"SpeedPotion"},{"floor":27.0,"key":"PowerPotion"},{"floor":33,"key":"GamblersBrew"},{"floor":41,"key":"Regen Potion"},{"floor":45,"key":"FearPotion"}],"is_trial":false,"path_per_floor":["M","M","M","$","M","R","?","E","T","?","R","?","?","E","R","B",null,"M","M","?","M","M","R","?","E","T","M","?","M","?","M","R","B",null,"M","$","M","?","M","R","E","R","T","?","M","E","$","M","R","B",null],"character_chosen":"DEFECT","items_purchased":["Self Repair","OrangePellets","Centennial Puzzle","Orichalcum","Potion Belt"],"campfire_rested":1,"item_purchase_floors":[4,36,36,47,47],"current_hp_per_floor":[67,65,64,64,65,65,65,58,58,58,58,50,36,27,47,32,60,67,53,53,37,45,45,45,43,43,27,27,49,49,60,60,40,62,69,69,68,69,65,65,69,69,69,66,64,66,66,66,66,59],"gold":57,"neow_bonus":"TRANSFORM_CARD","is_prod":false,"is_daily":false,"chose_seed":false,"campfire_upgraded":7,"win_rate":0,"timestamp":1552188785,"path_taken":["M","M","M","$","M","R","?","E","T","?","R","?","?","E","R","BOSS","M","M","?","M","M","R","?","E","T","?","?","M","?","?","R","BOSS","M","$","M","?","?","R","E","R","T","?","M","E","$","M","R","BOSS"],"build_version":"2019-01-23","purchased_purges":0,"victory":true,"max_hp_per_floor":[75,75,75,75,75,75,69,69,69,69,69,69,69,69,69,69,69,69,69,69,69,69,69,69,69,69,69,69,69,69,69,69,69,69,69,69,69,69,69,69,69,69,69,66,66,66,66,66,66,66],"card_choices":[{"not_picked":["Redo","Rebound"],"picked":"Auto Shields","floor":1.0},{"not_picked":["Melter","Sweeping Beam"],"picked":"Ball Lightning","floor":2.0},{"not_picked":["Barrage","Steam"],"picked":"Doom and Gloom","floor":3.0},{"not_picked":["Defragment","Turbo"],"picked":"Glacier","floor":5.0},{"not_picked":["Go for the Eyes","Hologram"],"picked":"Creative AI","floor":8.0},{"not_picked":["Rebound","Cold Snap"],"picked":"Coolheaded","floor":12.0},{"not_picked":["Compile Driver","Aggregate"],"picked":"Defragment","floor":14.0},{"not_picked":["Reboot","Fission"],"picked":"Echo Form","floor":16.0},{"not_picked":["Fusion","Static Discharge","Scrape"],"picked":"SKIP","floor":18.0},{"not_picked":["Skim","Lockon","Undo"],"picked":"SKIP","floor":19.0},{"not_picked":["Skim","Sweeping Beam+1","Barrage"],"picked":"SKIP","floor":21.0},{"not_picked":["Static Discharge","Redo+1"],"picked":"Steam+1","floor":22.0},{"not_picked":["Self Repair","Compile Driver","Ball Lightning+1"],"picked":"SKIP","floor":25.0},{"not_picked":["Turbo","Beam Cell+1"],"picked":"Hologram","floor":27.0},{"not_picked":["All For One","Barrage+1","Sweeping Beam"],"picked":"SKIP","floor":29.0},{"not_picked":["Coolheaded","Undo"],"picked":"Genetic Algorithm","floor":31.0},{"not_picked":["Multi-Cast","Fission"],"picked":"Core Surge","floor":33},{"not_picked":["Static Discharge","Streamline+1"],"picked":"Genetic Algorithm+1","floor":35},{"not_picked":["Leap","Streamline+1","Aggregate+1"],"picked":"SKIP","floor":37},{"not_picked":["Beam Cell","Compile Driver"],"picked":"Coolheaded","floor":39},{"not_picked":["Steam+1","Ball Lightning+1","Creative AI"],"picked":"SKIP","floor":41},{"not_picked":["Cold Snap","Beam Cell","Stack+1"],"picked":"SKIP","floor":45},{"not_picked":["Stack+1","Streamline+1"],"picked":"Skim+1","floor":46},{"not_picked":["Sweeping Beam","Gash+1","Barrage+1"],"picked":"SKIP","floor":48}],"player_experience":383115,"relics_obtained":[{"floor":8.0,"key":"Bottled Tornado"},{"floor":9.0,"key":"Anchor"},{"floor":12.0,"key":"Odd Mushroom"},{"floor":14.0,"key":"Vajra"},{"floor":25.0,"key":"Dodecahedron"},{"floor":26.0,"key":"PreservedInsect"},{"floor":41,"key":"Omamori"},{"floor":46,"key":"Bag of Marbles"}],"event_choices":[{"damage_healed":0.0,"max_hp_gain":0.0,"max_hp_loss":6.0,"gold_gain":0.0,"event_name":"Golden Idol","player_choice":"Lose Max HP","floor":7.0,"gold_loss":0.0,"damage_taken":0.0,"relics_obtained":["Golden Idol"]},{"cards_removed":["Strike_B"],"damage_healed":0.0,"max_hp_gain":0.0,"max_hp_loss":0.0,"gold_gain":0.0,"event_name":"The Cleric","player_choice":"Card Removal","floor":10.0,"gold_loss":50.0,"damage_taken":0.0},{"damage_healed":0.0,"max_hp_gain":0.0,"max_hp_loss":0.0,"gold_gain":0.0,"event_name":"Mushrooms","player_choice":"Fought Mushrooms","floor":12.0,"gold_loss":0.0,"damage_taken":0.0},{"damage_healed":0.0,"max_hp_gain":0.0,"max_hp_loss":0.0,"gold_gain":0.0,"event_name":"Shining Light","player_choice":"Entered Light","floor":13.0,"gold_loss":0.0,"damage_taken":14.0,"cards_upgraded":["Strike_B","Defend_B"]},{"damage_healed":0.0,"max_hp_gain":0.0,"max_hp_loss":0.0,"gold_gain":0.0,"event_name":"Addict","player_choice":"Obtained Relic","floor":20.0,"gold_loss":85.0,"damage_taken":0.0,"relics_obtained":["Blue Candle"]},{"damage_healed":0.0,"max_hp_gain":0.0,"max_hp_loss":0.0,"gold_gain":0.0,"cards_transformed":["Auto Shields"],"event_name":"Transmorgrifier","player_choice":"Transformed","floor":24.0,"gold_loss":0.0,"damage_taken":0.0,"cards_obtained":["White Noise"]},{"damage_healed":0.0,"max_hp_gain":0.0,"max_hp_loss":0.0,"gold_gain":0.0,"event_name":"The Mausoleum","player_choice":"Opened","floor":28.0,"gold_loss":0.0,"damage_taken":0.0,"relics_obtained":["Blood Vial"]},{"damage_healed":0.0,"max_hp_gain":0.0,"max_hp_loss":0.0,"gold_gain":0.0,"event_name":"FaceTrader","player_choice":"Trade","floor":30.0,"gold_loss":0.0,"damage_taken":0.0,"relics_obtained":["NlothsMask"]},{"damage_healed":1,"gold_gain":0,"player_choice":"Full Heal","damage_taken":0,"max_hp_gain":0,"max_hp_loss":0,"event_name":"Wheel of Change","floor":38,"gold_loss":0},{"damage_healed":0,"gold_gain":0,"player_choice":"Max HP","damage_taken":0,"max_hp_gain":0,"max_hp_loss":3,"event_name":"Winding Halls","floor":44,"gold_loss":0}],"is_beta":false,"boss_relics":[{"not_picked":["Black Star","Fusion Hammer"],"picked":"Astrolabe"},{"not_picked":["Orrery","Calling Bell"],"picked":"Cursed Key"}],"items_purged_floors":[],"is_endless":false,"potions_floor_spawned":[1,5,12,16,18,25,27,29,33,41,45,46],"ascension_level":8}