{"gold_per_floor":[109,129,129,38,38,58,83,83,83,83,97,97,22,39,39,111,111],"floor_reached":17,"playtime":559,"items_purged":["Pain"],"score":287,"play_id":"cb7bb8b6-a44f-4b18-b96e-686d86d30481","local_time":"20190309233317","is_ascension_mode":true,"campfire_choices":[{"data":"Redo","floor":8,"key":"SMITH"},{"data":"Dualcast","floor":10,"key":"SMITH"},{"data":"White Noise","floor":15,"key":"SMITH"}],"neow_cost":"NONE","seed_source_timestamp":213264337770159,"circlet_count":0,"master_deck":["AscendersBane","Strike_B","Strike_B","Strike_B","Strike_B","Defend_B","Defend_B","Defend_B","Defend_B","Zap","Dualcast+1","White Noise+1","FTL","Leap","Compile Driver","Redo+1","Leap","Go for the Eyes","Multi-Cast"],"relics":["Cracked Core","Symbiotic Virus","Dream Catcher","WarpedTongs"],"potions_floor_usage":[7,7],"damage_taken":[{"damage":4,"enemies":"Jaw Worm","floor":1,"turns":4},{"damage":0,"enemies":"Cultist","floor":2,"turns":3},{"damage":3,"enemies":"2 Louse","floor":6,"turns":4},{"damage":12,"enemies":"Lagavulin","floor":7,"turns":7},{"damage":14,"enemies":"Lots of Slimes","floor":11,"turns":4},{"damage":0,"enemies":"2 Fungi Beasts","floor":14,"turns":3},{"damage":6,"enemies":"Hexaghost","floor":16,"turns":7}],"seed_played":"9070277425930746540","potions_obtained":[{"floor":0,"key":"Fire Potion"},{"floor":0,"key":"Fire Potion"}],"is_trial":false,"path_per_floor":["?","?","M","?","$"],"character_chosen":"DEFECT","items_purchased":["FTL","Leap"],"campfire_rested":0,"item_purchase_floors":[4,4],"current_hp_per_floor":[60,60,60,60,60,57,45,45,45,45,31,31,31,31,31,25,25],"gold":111,"neow_bonus":"THREE_SMALL_POTIONS","is_prod":false,"is_daily":false,"chose_seed":false,"campfire_upgraded":3,"win_rate":0,"timestamp":1552192397,"path_taken":["M","M","?","$","?","M","E","R","T","R","?","?","?","M","R","BOSS"],"build_version":"2019-01-23","purchased_purges":1,"victory":false,"max_hp_per_floor":[71,71,71,71,71,71,71,71,71,71,71,71,71,71,71,71,71],"card_choices":[{"not_picked":["Skim","Scrape"],"picked":"White Noise","floor":1},{"not_picked":["Barrage","Steam","Hologram"],"picked":"SKIP","floor":2},{"not_picked":["Leap","Stack"],"picked":"Compile Driver","floor":6},{"not_picked":["Chaos","Double Energy"],"picked":"Redo","floor":7},{"not_picked":["Chaos","Hello World"],"picked":"Leap","floor":11},{"not_picked":["Turbo","Hologram"],"picked":"Go for the Eyes","floor":14},{"not_picked":["Thunder Strike","Fission"],"picked":"Multi-Cast","floor":16}],"player_experience":584971,"relics_obtained":[{"floor":7,"key":"Symbiotic Virus"},{"floor":9,"key":"Dream Catcher"}],"event_choices":[{"damage_healed":0,"gold_gain":0,"player_choice":"Ignored","damage_taken":0,"max_hp_gain":0,"max_hp_loss":0,"event_name":"Golden Wing","floor":3,"gold_loss":0},{"damage_healed":0,"gold_gain":0,"player_choice":"0 cards matched","damage_taken":0,"max_hp_gain":0,"max_hp_loss":0,"event_name":"Match and Keep!","floor":5,"gold_loss":0,"cards_obtained":[]},{"damage_healed":0,"gold_gain":0,"player_choice":"Rummage","damage_taken":0,"relics_obtained":["WarpedTongs"],"max_hp_gain":0,"max_hp_loss":0,"event_name":"Accursed Blacksmith","floor":12,"gold_loss":0,"cards_obtained":["Pain"]}],"is_beta":false,"boss_relics":[],"items_purged_floors":[13],"is_endless":false,"potions_floor_spawned":[2,6],"ascension_level":17}