{"gold_per_floor":[111,125,139,150,225,225,190,190,235,235,235,245,60,71,71,144,144,163,134,409,80,95,95,129,145,195,195,37,56,56,67,67,144,144,156,156,169,0,0,0,12,24,103,103,122,132,162,162],"floor_reached":48,"playtime":2281,"items_purged":["Strike_B","Regret"],"score":1002,"play_id":"1b6c2153-a88f-4b60-b6ed-970fce73baa6","local_time":"20181118152148","is_ascension_mode":true,"campfire_choices":[{"floor":6,"key":"REST"},{"data":"Streamline","floor":8,"key":"SMITH"},{"data":"Glacier","floor":11,"key":"SMITH"},{"data":"Compile Driver","floor":15,"key":"SMITH"},{"floor":23,"key":"REST"},{"floor":27,"key":"REST"},{"floor":30,"key":"REST"},{"floor":32,"key":"REST"},{"floor":40,"key":"REST"},{"floor":44,"key":"REST"}],"neow_cost":"NONE","seed_source_timestamp":246083451229684,"circlet_count":0,"master_deck":["AscendersBane","Strike_B","Strike_B","Strike_B","Defend_B","Defend_B","Defend_B","Defend_B","Zap+1","Dualcast","Streamline+1","Glacier+1","Gash","Go for the Eyes","Compile Driver+1","Undo","Seek","Hologram","Creative AI","Sweeping Beam","Compile Driver","Cold Snap","Sunder","Redo+1","Gash+1","Echo Form","Ball Lightning","Coolheaded+1","Biased Cognition","Capacitor","Reinforced Body+1","Tempest+1","Gash","Doom and Gloom","Ball Lightning+1","Double Energy","Sweeping Beam+1"],"relics":["Cracked Core","Dream Catcher","Fusion Hammer","ClockworkSouvenir","Bag of Preparation","Orichalcum","Happy Flower","Lizard Tail","Red Mask","Symbiotic Virus","Pantograph"],"potions_floor_usage":[12,12,16,24,24,37,47,47],"damage_taken":[{"damage":7,"enemies":"Jaw Worm","floor":1,"turns":3},{"damage":0,"enemies":"Small Slimes","floor":2,"turns":2},{"damage":0,"enemies":"Cultist","floor":3,"turns":3},{"damage":31,"enemies":"Gremlin Gang","floor":4,"turns":5},{"damage":0,"enemies":"Red Slaver","floor":12,"turns":4},{"damage":7,"enemies":"Exordium Wildlife","floor":14,"turns":3},{"damage":28,"enemies":"Slime Boss","floor":16,"turns":14},{"damage":6,"enemies":"Spheric Guardian","floor":18,"turns":5},{"damage":2,"enemies":"2 Thieves","floor":19,"turns":4},{"damage":13,"enemies":"Snecko","floor":22,"turns":6},{"damage":45,"enemies":"Book of Stabbing","floor":24,"turns":6},{"damage":12,"enemies":"Cultist and Chosen","floor":25,"turns":5},{"damage":0,"enemies":"Centurion and Healer","floor":29,"turns":7},{"damage":21,"enemies":"Snake Plant","floor":31,"turns":5},{"damage":13,"enemies":"Champ","floor":33,"turns":7},{"damage":5,"enemies":"Orb Walker","floor":35,"turns":5},{"damage":35,"enemies":"3 Darklings","floor":37,"turns":5},{"damage":13,"enemies":"Sphere and 2 Shapes","floor":41,"turns":6},{"damage":0,"enemies":"4 Shapes","floor":42,"turns":8},{"damage":24,"enemies":"3 Darklings","floor":45,"turns":6},{"damage":16,"enemies":"Jaw Worm Horde","floor":46,"turns":4},{"damage":60,"enemies":"Reptomancer","floor":47,"turns":4},{"damage":24,"enemies":"Maw","floor":48,"turns":2}],"seed_played":"-2236229089515216498","potions_obtained":[{"floor":2,"key":"SpeedPotion"},{"floor":4,"key":"GamblersBrew"},{"floor":14,"key":"Fire Potion"},{"floor":16,"key":"Strength Potion"},{"floor":18,"key":"PowerPotion"},{"floor":25,"key":"Swift Potion"},{"floor":29,"key":"Explosive Potion"},{"floor":37,"key":"Weak Potion"},{"floor":41,"key":"GamblersBrew"}],"is_trial":false,"path_per_floor":["M","M","M","M","?","R","?","R","T","?","R","M","$","M","R","B",null,"M","M","?","$","M","R","E","M","T","R","$","M","R","M","R","B",null,"M","?","M","?","?","R","M","M","T","R","M","M","E","M"],"character_chosen":"DEFECT","items_purchased":["FearPotion","Compile Driver","ClockworkSouvenir","Happy Flower"],"campfire_rested":7,"item_purchase_floors":[13,13,21,28],"current_hp_per_floor":[57,57,57,26,15,36,53,53,53,58,58,58,58,51,51,23,63,57,55,55,55,42,64,19,7,7,29,29,29,51,30,52,39,67,62,62,27,27,27,48,35,35,35,56,32,16,1,0],"gold":162,"neow_bonus":"UPGRADE_CARD","is_prod":false,"is_daily":false,"chose_seed":false,"campfire_upgraded":3,"win_rate":0,"timestamp":1542550908,"path_taken":["M","M","M","M","?","R","?","R","T","?","R","M","?","M","R","BOSS","M","M","?","$","?","R","E","?","T","R","?","M","R","M","R","BOSS","M","?","M","?","?","R","M","M","T","R","M","M","E","M"],"build_version":"2018-11-15","purchased_purges":2,"victory":false,"max_hp_per_floor":[71,71,71,71,71,71,71,71,71,76,76,76,76,76,76,76,76,76,76,76,76,76,76,76,76,76,76,76,76,76,76,76,76,76,76,72,72,72,72,72,72,72,72,72,72,72,72,72],"card_choices":[{"not_picked":["Steam","Leap"],"picked":"Streamline","floor":1},{"not_picked":["Beam Cell","Hologram"],"picked":"Glacier","floor":2},{"not_picked":["Double Energy","Turbo","Redo"],"picked":"SKIP","floor":3},{"not_picked":["Stack","Storm"],"picked":"Gash","floor":4},{"not_picked":["Turbo","Barrage"],"picked":"Go for the Eyes","floor":12},{"not_picked":["Go for the Eyes","Lockon"],"picked":"Undo","floor":14},{"not_picked":["Meteor Strike","Hyperbeam"],"picked":"Seek","floor":16},{"not_picked":["Compile Driver","Leap"],"picked":"Hologram","floor":18},{"not_picked":["Turbo","Coolheaded"],"picked":"Creative AI","floor":19},{"not_picked":["Turbo","Melter"],"picked":"Sweeping Beam","floor":22},{"not_picked":["Chaos","Melter"],"picked":"Compile Driver","floor":23},{"not_picked":["Steam","Chaos"],"picked":"Cold Snap","floor":24},{"not_picked":["Leap+1","Gash"],"picked":"Sunder","floor":25},{"not_picked":["Leap","Streamline"],"picked":"Redo+1","floor":27},{"not_picked":["Self Repair","Skim"],"picked":"Gash+1","floor":29},{"not_picked":["FTL","Capacitor"],"picked":"Echo Form","floor":30},{"not_picked":["Rebound","Hello World"],"picked":"Ball Lightning","floor":31},{"not_picked":["Go for the Eyes","Scrape"],"picked":"Coolheaded+1","floor":32},{"not_picked":["Amplify","Core Surge"],"picked":"Biased Cognition","floor":33},{"not_picked":["Darkness","Turbo","Barrage"],"picked":"SKIP","floor":35},{"not_picked":["Melter+1","Barrage"],"picked":"Capacitor","floor":37},{"not_picked":["Stack","Storm"],"picked":"Reinforced Body+1","floor":40},{"not_picked":["Sweeping Beam","Leap"],"picked":"Tempest+1","floor":41},{"not_picked":["Doom and Gloom","Reprogram"],"picked":"Gash","floor":42},{"not_picked":["White Noise","Skim"],"picked":"Doom and Gloom","floor":44},{"not_picked":["Gash","Compile Driver"],"picked":"Ball Lightning+1","floor":45},{"not_picked":["Hyperbeam","Coolheaded"],"picked":"Double Energy","floor":46},{"not_picked":["Leap","Reboot"],"picked":"Sweeping Beam+1","floor":47}],"player_experience":1634554,"relics_obtained":[{"floor":9,"key":"Dream Catcher"},{"floor":24,"key":"Bag of Preparation"},{"floor":26,"key":"Orichalcum"},{"floor":43,"key":"Symbiotic Virus"},{"floor":47,"key":"Pantograph"}],"event_choices":[{"damage_healed":0,"gold_gain":75,"player_choice":"Gather Gold","damage_taken":11,"max_hp_gain":0,"max_hp_loss":0,"event_name":"World of Goop","floor":5,"gold_loss":0},{"damage_healed":17,"gold_gain":0,"player_choice":"Healed","damage_taken":0,"max_hp_gain":0,"max_hp_loss":0,"event_name":"The Cleric","floor":7,"gold_loss":35},{"damage_healed":0,"gold_gain":0,"player_choice":"Donut","damage_taken":0,"max_hp_gain":5,"max_hp_loss":0,"event_name":"Big Fish","floor":10,"gold_loss":0},{"damage_healed":0,"gold_gain":275,"player_choice":"Desecrate","damage_taken":0,"max_hp_gain":0,"max_hp_loss":0,"event_name":"Golden Shrine","floor":20,"gold_loss":0,"cards_obtained":["Regret"]},{"damage_healed":0,"gold_gain":0,"player_choice":"Max HP","damage_taken":0,"max_hp_gain":0,"max_hp_loss":4,"event_name":"Winding Halls","floor":36,"gold_loss":0},{"damage_healed":0,"gold_gain":0,"player_choice":"Paid","damage_taken":0,"relics_obtained":["Red Mask"],"max_hp_gain":0,"max_hp_loss":0,"event_name":"Tomb of Lord Red Mask","floor":38,"gold_loss":169},{"damage_healed":0,"gold_gain":0,"player_choice":"Ignored","damage_taken":0,"max_hp_gain":0,"max_hp_loss":0,"event_name":"The Moai Head","floor":39,"gold_loss":0}],"is_beta":false,"boss_relics":[{"not_picked":["White Beast Statue","Eternal Feather"],"picked":"Fusion Hammer"},{"not_picked":["Orrery","Sozu"],"picked":"Lizard Tail"}],"items_purged_floors":[13,21],"is_endless":false,"potions_floor_spawned":[2,4,14,16,18,25,29,31,37,41],"killed_by":"Maw","ascension_level":20}