{"gold_per_floor":[110,126,126,126,144,174,139,164,164,264,264,298,314,343,343,440,440,456,476,276,295,295,323,335,9,9,24,38,99,99,112,112,215,215,234,246,346,361,381,381,414,414,414,414,431,107,140,152,152,152,152,152,4,30,30],"floor_reached":56,"playtime":9037,"items_purged":["Strike_G"],"score":2011,"play_id":"af23109f-0277-48db-a4ee-39c23d43caba","local_time":"20190222181032","is_ascension_mode":true,"campfire_choices":[{"data":"Choke","floor":11,"key":"SMITH"},{"data":"Skewer","floor":15,"key":"SMITH"},{"data":"After Image","floor":30,"key":"SMITH"},{"data":"Choke","floor":32,"key":"SMITH"},{"data":"After Image","floor":40,"key":"SMITH"},{"data":"Well Laid Plans","floor":42,"key":"SMITH"},{"data":"Footwork","floor":44,"key":"SMITH"},{"floor":49,"key":"RECALL"},{"data":"Well Laid Plans","floor":52,"key":"SMITH"}],"neow_cost":"NONE","seed_source_timestamp":617198839833665,"circlet_count":0,"master_deck":["Survivor","Neutralize","Skewer+1","Poisoned Stab","Choke+1","Cloak And Dagger+1","Well Laid Plans+1","Deadly Poison+1","After Image+1","Escape Plan+1","After Image+1","PiercingWail+1","Distraction+1","Escape Plan+1","Backstab","Acrobatics+1","Dagger Spray","Blur+1","Footwork+1","Deflect+1","Choke+1","Neutralize","Adrenaline+1","Calculated Gamble+1","Infinite Blades","Master of Strategy+1","Deflect+1","Escape Plan+1","Crippling Poison+1","Blade Dance+1","Adrenaline+1","Predator","Dagger Throw","Masterful Stab","PiercingWail+1","Noxious Fumes","Acrobatics+1","Terror+1","Sucker Punch","Burst+1","Expertise+1","Caltrops+1","Dodge and Roll+1","Deflect+1","Endless Agony+1","Well Laid Plans+1","Blur+1","PiercingWail+1","Bouncing Flask+1","Escape Plan+1","Panacea+1","Doppelganger+1"],"relics":["Coffee Dripper","Toxic Egg 2","Meat on the Bone","Bag of Preparation","Question Card","Pen Nib","Oddly Smooth Stone","Orrery","Bronze Scales","Membership Card","Blood Vial","Tiny Chest","Pandora\u0027s Box","Potion Belt","Kunai","Lantern","Incense Burner","Vajra","Bird Faced Urn"],"potions_floor_usage":[14,21,23,33,50,50,55,55,55],"damage_taken":[{"damage":1,"enemies":"Cultist","floor":1,"turns":5},{"damage":1,"enemies":"Small Slimes","floor":2,"turns":3},{"damage":0,"enemies":"Jaw Worm","floor":5,"turns":3},{"damage":36,"enemies":"Gremlin Nob","floor":6,"turns":4},{"damage":20,"enemies":"Lagavulin","floor":8,"turns":6},{"damage":9,"enemies":"3 Sentries","floor":12,"turns":5},{"damage":4,"enemies":"Red Slaver","floor":13,"turns":2},{"damage":0,"enemies":"Gremlin Nob","floor":14,"turns":3},{"damage":0,"enemies":"Slime Boss","floor":16,"turns":5},{"damage":0,"enemies":"2 Thieves","floor":18,"turns":3},{"damage":1,"enemies":"Chosen","floor":19,"turns":4},{"damage":18,"enemies":"Snake Plant","floor":21,"turns":3},{"damage":3,"enemies":"Book of Stabbing","floor":23,"turns":6},{"damage":0,"enemies":"Centurion and Healer","floor":24,"turns":5},{"damage":0,"enemies":"Sentry and Sphere","floor":27,"turns":5},{"damage":0,"enemies":"3 Cultists","floor":28,"turns":5},{"damage":0,"enemies":"Gremlin Leader","floor":29,"turns":4},{"damage":5,"enemies":"Snake Plant","floor":31,"turns":4},{"damage":13,"enemies":"Champ","floor":33,"turns":10},{"damage":0,"enemies":"Orb Walker","floor":35,"turns":1},{"damage":10,"enemies":"3 Darklings","floor":36,"turns":4},{"damage":18,"enemies":"Transient","floor":38,"turns":5},{"damage":14,"enemies":"Jaw Worm Horde","floor":39,"turns":3},{"damage":0,"enemies":"Giant Head","floor":41,"turns":6},{"damage":1,"enemies":"4 Shapes","floor":45,"turns":3},{"damage":0,"enemies":"Reptomancer","floor":47,"turns":4},{"damage":2,"enemies":"Spire Growth","floor":48,"turns":4},{"damage":0,"enemies":"Time Eater","floor":50,"turns":9},{"damage":0,"enemies":"Shield and Spear","floor":54,"turns":6},{"damage":1,"enemies":"The Heart","floor":55,"turns":9}],"seed_played":"1301707429377658766","potions_obtained":[{"floor":6,"key":"Energy Potion"},{"floor":12,"key":"Dexterity Potion"},{"floor":16,"key":"SkillPotion"},{"floor":18,"key":"Explosive Potion"},{"floor":21,"key":"SpeedPotion"},{"floor":24,"key":"AttackPotion"},{"floor":29,"key":"Energy Potion"},{"floor":35,"key":"SteroidPotion"},{"floor":47,"key":"Energy Potion"}],"is_trial":false,"path_per_floor":["M","M","?","?","M","E","?","E","T","?","R","E","M","E","R","B",null,"M","M","$","M","?","E","M","$","T","M","M","E","R","M","R","B",null,"M","M","?","M","M","R","E","R","T","R","M","$","E","M","R","B",null,"R","$","E","B",null],"character_chosen":"THE_SILENT","items_purchased":["Footwork","Deflect+1","Membership Card","Infinite Blades","Master of Strategy+1","Deflect+1","Kunai","Lantern","Well Laid Plans","Blur+1","PowerPotion","PiercingWail+1","Vajra","Escape Plan+1","Panacea+1"],"campfire_rested":0,"item_purchase_floors":[20,20,25,25,25,25,46,46,46,46,46,46,53,53,53],"current_hp_per_floor":[62,61,66,48,48,12,30,22,22,22,22,25,33,45,45,45,68,68,67,67,49,49,46,46,46,46,48,50,52,52,49,49,38,66,68,60,60,44,44,44,46,46,46,46,47,47,49,49,49,51,69,69,69,71,75],"gold":30,"neow_bonus":"BOSS_RELIC","is_prod":false,"is_daily":false,"chose_seed":false,"campfire_upgraded":8,"win_rate":0,"timestamp":1550877032,"path_taken":["M","M","?","?","M","E","?","E","T","?","R","E","M","E","R","BOSS","M","M","$","M","?","E","M","$","T","M","M","E","R","M","R","BOSS","M","?","?","M","M","R","E","R","T","R","?","$","E","M","R","BOSS","R","$","E","BOSS"],"build_version":"2019-01-23","purchased_purges":1,"victory":true,"max_hp_per_floor":[70,70,75,75,75,75,75,75,75,75,75,75,75,75,75,75,75,75,75,75,75,75,75,75,75,75,75,75,75,75,75,75,75,75,75,75,75,75,75,75,75,75,75,75,75,75,75,75,75,75,75,75,75,75,75],"card_choices":[{"not_picked":["Deflect","Slice"],"picked":"Skewer","floor":1},{"not_picked":["Caltrops","Sucker Punch"],"picked":"Poisoned Stab","floor":2},{"not_picked":["Blade Dance+1","PiercingWail+1"],"picked":"Choke","floor":5},{"not_picked":["Venomology+1","Bouncing Flask+1"],"picked":"Cloak And Dagger+1","floor":6},{"not_picked":["Noxious Fumes","Terror+1"],"picked":"Well Laid Plans","floor":8},{"not_picked":["Concentrate+1","Slice","Accuracy"],"picked":"Deadly Poison+1","floor":12},{"not_picked":["PiercingWail+1","Dagger Spray","Quick Slash"],"picked":"After Image","floor":13},{"not_picked":["Underhanded Strike","Endless Agony","Slice"],"picked":"Escape Plan+1","floor":14},{"not_picked":["Storm of Steel+1","Burst+1","Die Die Die"],"picked":"After Image","floor":16},{"not_picked":["Masterful Stab","Crippling Poison+1","Expertise+1"],"picked":"PiercingWail+1","floor":17},{"not_picked":["Tactician+1","Phantasmal Killer+1","Prepared+1"],"picked":"Distraction+1","floor":17},{"not_picked":["Tactician+1","Deadly Poison+1","Underhanded Strike"],"picked":"Escape Plan+1","floor":17},{"not_picked":["Predator","Acrobatics+1","Sucker Punch"],"picked":"Backstab","floor":17},{"not_picked":["Deflect+1","Quick Slash","Bouncing Flask+1"],"picked":"Acrobatics+1","floor":17},{"not_picked":["Dagger Throw+1","Predator+1","Bouncing Flask+1"],"picked":"Dagger Spray","floor":18},{"not_picked":["Catalyst+1","Bane","Dagger Spray"],"picked":"Blur+1","floor":19},{"not_picked":["Quick Slash","Slice","Leg Sweep+1"],"picked":"Choke","floor":21},{"not_picked":["Endless Agony","Infinite Blades","Deflect+1"],"picked":"Adrenaline+1","floor":23},{"not_picked":["Dodge and Roll+1","Bane","Dagger Throw"],"picked":"Calculated Gamble+1","floor":24},{"not_picked":["Dodge and Roll+1","Blade Dance+1","Tactician+1"],"picked":"Escape Plan+1","floor":27},{"not_picked":["Flying Knee+1","All Out Attack+1","Accuracy","Outmaneuver+1"],"picked":"SKIP","floor":28},{"not_picked":["Concentrate+1","Venomology+1","PiercingWail+1"],"picked":"Crippling Poison+1","floor":29},{"not_picked":["Deflect+1","Slice","Prepared+1"],"picked":"Blade Dance+1","floor":31},{"not_picked":["Wraith Form v2","Venomology+1","Die Die Die"],"picked":"Adrenaline+1","floor":33},{"not_picked":["Bane+1","Dash+1","Backflip+1"],"picked":"Expertise+1","floor":35},{"not_picked":["Poisoned Stab+1","Dagger Spray+1","Footwork"],"picked":"Caltrops+1","floor":36},{"not_picked":["Underhanded Strike","Backflip+1","Deadly Poison+1"],"picked":"Dodge and Roll+1","floor":38},{"not_picked":["Dagger Spray","Dagger Throw","Poisoned Stab"],"picked":"Deflect+1","floor":39},{"not_picked":["Caltrops+1","Dash","Flechettes"],"picked":"Endless Agony+1","floor":41},{"not_picked":["Slice","Catalyst+1","Crippling Poison+1","Poisoned Stab"],"picked":"SKIP","floor":45},{"not_picked":["Caltrops","Quick Slash+1","Leg Sweep+1"],"picked":"Bouncing Flask+1","floor":47},{"not_picked":["Outmaneuver+1","Noxious Fumes+1","Bane","Predator+1"],"picked":"SKIP","floor":48},{"not_picked":["Finisher+1","Backflip+1","Catalyst+1"],"picked":"Doppelganger+1","floor":54}],"player_experience":1628733,"relics_obtained":[{"floor":6,"key":"Meat on the Bone"},{"floor":8,"key":"Bag of Preparation"},{"floor":9,"key":"Question Card"},{"floor":12,"key":"Pen Nib"},{"floor":14,"key":"Oddly Smooth Stone"},{"floor":23,"key":"Bronze Scales"},{"floor":26,"key":"Blood Vial"},{"floor":29,"key":"Tiny Chest"},{"floor":41,"key":"Potion Belt"},{"floor":47,"key":"Incense Burner"},{"floor":54,"key":"Bird Faced Urn"}],"event_choices":[{"damage_healed":0,"gold_gain":0,"player_choice":"Donut","damage_taken":0,"max_hp_gain":5,"max_hp_loss":0,"event_name":"Big Fish","floor":3,"gold_loss":0},{"damage_healed":0,"gold_gain":0,"player_choice":"Success","damage_taken":18,"relics_obtained":["Toxic Egg 2"],"max_hp_gain":0,"max_hp_loss":0,"event_name":"Scrap Ooze","floor":4,"gold_loss":0},{"damage_healed":18,"gold_gain":0,"player_choice":"Healed","damage_taken":0,"max_hp_gain":0,"max_hp_loss":0,"event_name":"The Cleric","floor":7,"gold_loss":35},{"damage_healed":0,"gold_gain":100,"player_choice":"Gold","damage_taken":0,"max_hp_gain":0,"max_hp_loss":0,"event_name":"Wheel of Change","floor":10,"gold_loss":0},{"damage_healed":0,"gold_gain":0,"player_choice":"1 cards matched","damage_taken":0,"max_hp_gain":0,"max_hp_loss":0,"event_name":"Match and Keep!","floor":22,"gold_loss":0,"cards_obtained":["Neutralize"]},{"damage_healed":0,"gold_gain":100,"player_choice":"Pray","damage_taken":0,"max_hp_gain":0,"max_hp_loss":0,"event_name":"Golden Shrine","floor":37,"gold_loss":0}],"is_beta":false,"boss_relics":[{"not_picked":["Fusion Hammer","Runic Dome"],"picked":"Orrery"},{"not_picked":["Sozu","White Beast Statue"],"picked":"Pandora\u0027s Box"}],"items_purged_floors":[20],"is_endless":false,"potions_floor_spawned":[6,12,16,18,21,24,28,29,35,38,47,48],"ascension_level":8}