{"gold_per_floor":[110,260,260,3,15,15,43,43,43,69,69,82,107,120,120,194,194,205,223,223,97,108,108,133,133,133,133,133,163,78,94,94,169,169,183,202,212,230,241,241,272,272,347,347,367,400,413,423,423,423],"floor_reached":51,"playtime":3318,"items_purged":["Doubt","Strike_G"],"score":1431,"play_id":"9fbebb17-f9d4-4596-ad4a-4a2016957e6b","local_time":"20180926223944","is_ascension_mode":true,"campfire_choices":[{"data":"Dash","floor":6,"key":"SMITH"},{"data":"Dagger Spray","floor":15,"key":"SMITH"},{"floor":23,"key":"REST"},{"data":"Cloak And Dagger","floor":25,"key":"SMITH"},{"data":"Cloak And Dagger","floor":27,"key":"SMITH"},{"data":"Cloak And Dagger","floor":32,"key":"SMITH"},{"data":"Dodge and Roll","floor":40,"key":"SMITH"},{"data":"Malaise","floor":42,"key":"SMITH"},{"data":"Skewer","floor":49,"key":"SMITH"}],"neow_cost":"PERCENT_DAMAGE","seed_source_timestamp":607179340194935,"circlet_count":0,"master_deck":["Defend_G","Defend_G","Defend_G","Defend_G","Defend_G","Survivor","Neutralize+1","AscendersBane","Dagger Spray+1","Dash+1","Well Laid Plans","Dodge and Roll+1","Predator","A Thousand Cuts+1","Skewer+1","Endless Agony","Malaise+1","Escape Plan","Cloak And Dagger+1","Cloak And Dagger+1","Cloak And Dagger+1","Bite","Bite","Bite","Bite","Bite","Backflip+1","Escape Plan+1","Leg Sweep+1","Footwork+1","A Thousand Cuts+1","Noxious Fumes+1"],"relics":["Ring of the Snake","PreservedInsect","Frozen Egg 2","Shuriken","StoneCalendar","Ginger","Runic Dome","Enchiridion","Bottled Flame","Thread and Needle","Incense Burner","Centennial Puzzle","Coffee Dripper","Pen Nib","Singing Bowl","Bag of Marbles","Peace Pipe"],"potions_floor_usage":[16,18,22,50,50],"damage_taken":[{"damage":22,"enemies":"Cultist","floor":1,"turns":9},{"damage":0,"enemies":"2 Louse","floor":5,"turns":2},{"damage":14,"enemies":"Lagavulin","floor":7,"turns":13},{"damage":5,"enemies":"Gremlin Nob","floor":10,"turns":4},{"damage":7,"enemies":"Small Slimes","floor":12,"turns":3},{"damage":5,"enemies":"3 Sentries","floor":13,"turns":4},{"damage":8,"enemies":"Blue Slaver","floor":14,"turns":4},{"damage":2,"enemies":"Hexaghost","floor":16,"turns":8},{"damage":7,"enemies":"Shell Parasite","floor":18,"turns":6},{"damage":0,"enemies":"Spheric Guardian","floor":19,"turns":3},{"damage":21,"enemies":"Snake Plant","floor":22,"turns":4},{"damage":9,"enemies":"Slavers","floor":24,"turns":5},{"damage":1,"enemies":"Gremlin Leader","floor":29,"turns":4},{"damage":4,"enemies":"Centurion and Healer","floor":31,"turns":5},{"damage":53,"enemies":"Champ","floor":33,"turns":9},{"damage":0,"enemies":"Orb Walker","floor":35,"turns":4},{"damage":0,"enemies":"3 Darklings","floor":36,"turns":5},{"damage":0,"enemies":"Sphere and 2 Shapes","floor":37,"turns":3},{"damage":0,"enemies":"4 Shapes","floor":38,"turns":4},{"damage":5,"enemies":"Maw","floor":39,"turns":7},{"damage":6,"enemies":"2 Orb Walkers","floor":41,"turns":3},{"damage":0,"enemies":"Reptomancer","floor":45,"turns":4},{"damage":14,"enemies":"Nemesis","floor":46,"turns":7},{"damage":5,"enemies":"3 Darklings","floor":47,"turns":6},{"damage":6,"enemies":"Spire Growth","floor":48,"turns":4},{"damage":0,"enemies":"Time Eater","floor":50,"turns":12}],"seed_played":"-5558811016134662069","potions_obtained":[{"floor":10,"key":"SneckoOil"},{"floor":12,"key":"SpeedPotion"},{"floor":13,"key":"LiquidBronze"},{"floor":16,"key":"AttackPotion"},{"floor":19,"key":"SpeedPotion"},{"floor":24,"key":"Strength Potion"},{"floor":33,"key":"Fire Potion"},{"floor":36,"key":"Block Potion"},{"floor":45,"key":"Swift Potion"},{"floor":47,"key":"Energy Potion"},{"floor":48,"key":"LiquidBronze"}],"is_trial":false,"path_per_floor":["M","?","?","$","M","R","E","T","T","E","?","M","E","M","R","B",null,"M","M","?","$","M","R","E","R","T","R","?","E","?","M","R","B",null,"M","M","M","M","M","R","E","R","T","?","M","E","M","M","R","B"],"character_chosen":"THE_SILENT","items_purchased":["Dash","Well Laid Plans","Cloak And Dagger"],"campfire_rested":1,"item_purchase_floors":[4,4,21],"current_hp_per_floor":[28,28,54,54,54,54,40,40,40,35,35,28,23,15,15,13,62,55,55,34,34,13,36,27,27,27,27,27,36,36,48,48,4,42,48,54,54,54,53,53,51,51,51,51,53,46,58,56,56,60],"gold":423,"neow_bonus":"TWENTY_PERCENT_HP_BONUS","is_prod":false,"is_daily":false,"chose_seed":false,"campfire_upgraded":8,"win_rate":0,"timestamp":1537994384,"path_taken":["M","?","?","$","?","R","E","?","T","E","?","M","E","M","R","BOSS","M","?","?","$","?","R","E","R","T","R","?","E","?","?","R","BOSS","M","M","M","M","M","R","E","R","T","?","M","E","M","M","R","BOSS"],"build_version":"2018-09-20","purchased_purges":2,"victory":true,"max_hp_per_floor":[78,78,78,78,78,78,78,78,78,78,78,78,78,78,78,78,78,78,78,78,78,78,78,78,78,78,78,54,54,54,54,54,54,54,54,54,54,54,54,54,54,54,54,54,54,56,58,60,60,60],"card_choices":[{"not_picked":["Deflect","Backflip"],"picked":"Dagger Spray","floor":1},{"not_picked":["Setup","Deflect"],"picked":"Dodge and Roll","floor":5},{"not_picked":["Backflip","Heel Hook"],"picked":"Predator","floor":7},{"not_picked":["Dagger Spray","Calculated Gamble"],"picked":"A Thousand Cuts+1","floor":10},{"not_picked":["Deadly Poison","Deflect"],"picked":"Skewer","floor":12},{"not_picked":["Well Laid Plans+1","All Out Attack"],"picked":"Endless Agony","floor":13},{"not_picked":["Dagger Throw","Poisoned Stab","Eviscerate"],"picked":"SKIP","floor":14},{"not_picked":["Doppelganger","Corpse Explosion"],"picked":"Malaise","floor":16},{"not_picked":["Masterful Stab","Slice"],"picked":"Escape Plan","floor":18},{"not_picked":["Flying Knee","Dodge and Roll"],"picked":"Cloak And Dagger","floor":19},{"not_picked":["Finisher","Dagger Spray"],"picked":"Cloak And Dagger","floor":22},{"not_picked":["Prepared","Acrobatics+1","Dodge and Roll"],"picked":"SKIP","floor":24},{"not_picked":["Quick Slash","Masterful Stab"],"picked":"Backflip+1","floor":29},{"not_picked":["Outmaneuver","Deadly Poison"],"picked":"Escape Plan+1","floor":31},{"not_picked":["Deadly Poison","Endless Agony"],"picked":"Leg Sweep+1","floor":35},{"not_picked":["Catalyst","Outmaneuver","Deadly Poison"],"picked":"SKIP","floor":36},{"not_picked":["Dagger Spray","Dagger Throw","Deflect"],"picked":"SKIP","floor":37},{"not_picked":["Blade Dance","Deadly Poison+1"],"picked":"Footwork+1","floor":38},{"not_picked":["Deadly Poison","Dodge and Roll"],"picked":"A Thousand Cuts+1","floor":39},{"not_picked":["Deflect","Skewer","Eviscerate"],"picked":"SKIP","floor":41},{"not_picked":["Backflip+1","Poisoned Stab"],"picked":"Noxious Fumes+1","floor":45},{"not_picked":["Escape Plan","Riddle With Holes+1","Acrobatics"],"picked":"Singing Bowl","floor":46},{"not_picked":["Eviscerate","Prepared","Dagger Throw"],"picked":"Singing Bowl","floor":47},{"not_picked":["Choke","Unload","Prepared"],"picked":"Singing Bowl","floor":48}],"player_experience":1251793,"relics_obtained":[{"floor":7,"key":"PreservedInsect"},{"floor":8,"key":"Frozen Egg 2"},{"floor":9,"key":"Shuriken"},{"floor":10,"key":"StoneCalendar"},{"floor":13,"key":"Ginger"},{"floor":20,"key":"Enchiridion"},{"floor":24,"key":"Bottled Flame"},{"floor":26,"key":"Thread and Needle"},{"floor":29,"key":"Incense Burner"},{"floor":41,"key":"Pen Nib"},{"floor":43,"key":"Singing Bowl"},{"floor":46,"key":"Peace Pipe"}],"event_choices":[{"event_name":"Liars Game","player_choice":"agreed","floor":2,"damage_taken":0},{"event_name":"Big Fish","player_choice":"Banana","floor":3,"damage_taken":0},{"event_name":"Living Wall","player_choice":"Grow","floor":11,"damage_taken":0},{"event_name":"Cursed Tome","player_choice":"Obtained Book","floor":20,"damage_taken":0},{"event_name":"Vampires","player_choice":"Became a vampire","floor":28,"damage_taken":0},{"event_name":"Addict","player_choice":"Obtained Relic","floor":30,"damage_taken":0},{"event_name":"WeMeetAgain","player_choice":"Potion","floor":44,"damage_taken":0}],"is_beta":false,"boss_relics":[{"not_picked":["Calling Bell","Snecko Eye"],"picked":"Runic Dome"},{"not_picked":["Velvet Choker","HoveringKite"],"picked":"Coffee Dripper"}],"items_purged_floors":[4,21],"is_endless":false,"potions_floor_spawned":[10,12,13,16,19,24,29,33,35,36,45,47,48],"ascension_level":16}