{"gold_per_floor":[111,126,140,157,167,167,231,231,258,278,311,368,368,368,368,471,471,485,485,133,151,163,194,194,225,251,251,268,279,306,306,306,306],"floor_reached":33,"playtime":1917,"items_purged":[],"score":459,"play_id":"9a9645cd-0d92-4340-bdc9-41aa82025ff2","local_time":"20190210001346","is_ascension_mode":true,"campfire_choices":[{"data":"Bash","floor":6.0,"key":"SMITH"},{"data":"Shrug It Off","floor":8.0,"key":"SMITH"},{"data":"Inflame","floor":13.0,"key":"SMITH"},{"data":"Anger","floor":15.0,"key":"SMITH"},{"data":"True Grit","floor":24.0,"key":"SMITH"},{"floor":27.0,"key":"REST"},{"data":"Shrug It Off","floor":32,"key":"SMITH"}],"neow_cost":"NONE","seed_source_timestamp":347881176774000,"circlet_count":0,"master_deck":["Bash+1","Shrug It Off+1","Dropkick","Anger+1","Thunderclap","Cleave","Inflame+1","Impervious","Immolate","Shrug It Off","Spot Weakness","Shrug It Off+1","Pommel Strike","Evolve","True Grit+1","Feel No Pain","Seeing Red","Rampage","Flame Barrier","Shockwave+1","Clothesline","Warcry","Heavy Blade"],"special_seed":0,"relics":["Burning Blood","Tiny Chest","Bag of Marbles","Oddly Smooth Stone","Pandora\u0027s Box","Kunai","Blood Vial","Meat on the Bone","Anchor","Bottled Flame","SsserpentHead"],"potions_floor_usage":[],"damage_taken":[{"damage":0.0,"enemies":"Small Slimes","floor":1.0,"turns":3.0},{"damage":1.0,"enemies":"2 Louse","floor":2.0,"turns":3.0},{"damage":10.0,"enemies":"Cultist","floor":3.0,"turns":5.0},{"damage":13.0,"enemies":"Large Slime","floor":4.0,"turns":7.0},{"damage":19.0,"enemies":"Lots of Slimes","floor":5.0,"turns":5.0},{"damage":28.0,"enemies":"Lagavulin","floor":7.0,"turns":7.0},{"damage":11.0,"enemies":"Blue Slaver","floor":10.0,"turns":4.0},{"damage":10.0,"enemies":"3 Sentries","floor":11.0,"turns":4.0},{"damage":0.0,"enemies":"Slime Boss","floor":16.0,"turns":7.0},{"damage":3.0,"enemies":"Chosen","floor":18.0,"turns":3.0},{"damage":18.0,"enemies":"2 Thieves","floor":21.0,"turns":3.0},{"damage":17.0,"enemies":"Snake Plant","floor":22.0,"turns":5.0},{"damage":9.0,"enemies":"Book of Stabbing","floor":23.0,"turns":6.0},{"damage":28.0,"enemies":"Slavers","floor":25.0,"turns":4.0},{"damage":8.0,"enemies":"Centurion and Healer","floor":28.0,"turns":7.0},{"damage":15.0,"enemies":"Cultist and Chosen","floor":29.0,"turns":6.0},{"damage":23,"enemies":"Gremlin Leader","floor":30,"turns":5},{"damage":64,"enemies":"Automaton","floor":33,"turns":6}],"seed_played":"922187107209065474","potions_obtained":[{"floor":3.0,"key":"Block Potion"},{"floor":5.0,"key":"PowerPotion"},{"floor":10.0,"key":"SkillPotion"},{"floor":11.0,"key":"PowerPotion"},{"floor":18.0,"key":"Swift Potion"},{"floor":23.0,"key":"PowerPotion"},{"floor":25.0,"key":"Ancient Potion"}],"is_trial":false,"path_per_floor":["M","M","M","M","M","R","E","R","T","M","E","?","R","?","R","B",null,"M","?","$","M","M","E","R","E","T","R","M","M","E","?","R","B"],"character_chosen":"IRONCLAD","items_purchased":["Kunai","Seeing Red","Rampage"],"campfire_rested":1,"item_purchase_floors":[20,20,20],"current_hp_per_floor":[88,88,84,77,64,64,42,42,42,37,33,33,33,33,33,39,76,79,79,79,67,56,53,53,33,33,59,59,52,49,49,49,0],"gold":306,"neow_bonus":"TEN_PERCENT_HP_BONUS","is_prod":false,"is_daily":false,"chose_seed":false,"campfire_upgraded":6,"win_rate":0,"timestamp":1549775626,"path_taken":["M","M","M","M","M","R","E","R","T","M","E","?","R","?","R","BOSS","M","?","$","M","M","E","R","E","T","R","M","?","E","?","R","BOSS"],"build_version":"2019-01-23","purchased_purges":0,"victory":false,"max_hp_per_floor":[88,88,88,88,88,88,88,88,88,88,88,88,88,88,88,88,88,88,88,88,88,88,88,88,88,88,88,88,88,88,88,88,88],"card_choices":[{"not_picked":["Searing Blow","True Grit"],"picked":"Shrug It Off","floor":1.0},{"not_picked":["Thunderclap","Heavy Blade","Corruption"],"picked":"SKIP","floor":2.0},{"not_picked":["Entrench","Havoc"],"picked":"Dropkick","floor":3.0},{"not_picked":["Shockwave","Dropkick"],"picked":"Anger","floor":4.0},{"not_picked":["Demon Form","Entrench"],"picked":"Thunderclap","floor":5.0},{"not_picked":["Flex","Carnage"],"picked":"Cleave","floor":7.0},{"not_picked":["Perfected Strike","Thunderclap","Wild Strike"],"picked":"SKIP","floor":10.0},{"not_picked":["Clash","Intimidate"],"picked":"Inflame","floor":11.0},{"not_picked":["Barricade","Limit Break"],"picked":"Impervious","floor":16.0},{"not_picked":["Second Wind+1","Spot Weakness"],"picked":"Feel No Pain","floor":18.0},{"not_picked":["Whirlwind+1","Disarm"],"picked":"Flame Barrier","floor":21.0},{"not_picked":["Body Slam+1","Sentinel+1"],"picked":"Shockwave+1","floor":22.0},{"not_picked":["Flame Barrier","Iron Wave"],"picked":"Clothesline","floor":23.0},{"not_picked":["Searing Blow+1","True Grit","Perfected Strike+1"],"picked":"SKIP","floor":25.0},{"not_picked":["Perfected Strike","Body Slam"],"picked":"Warcry","floor":28.0},{"not_picked":["Ghostly Armor","Battle Trance"],"picked":"Heavy Blade","floor":29.0},{"not_picked":["Twin Strike","Anger","Fire Breathing+1"],"picked":"SKIP","floor":30}],"player_experience":187817,"relics_obtained":[{"floor":7.0,"key":"Tiny Chest"},{"floor":9.0,"key":"Bag of Marbles"},{"floor":11.0,"key":"Oddly Smooth Stone"},{"floor":23.0,"key":"Blood Vial"},{"floor":25.0,"key":"Meat on the Bone"},{"floor":26.0,"key":"Anchor"},{"floor":30,"key":"Bottled Flame"}],"event_choices":[{"damage_healed":0.0,"max_hp_gain":0.0,"max_hp_loss":0.0,"gold_gain":57.0,"event_name":"Golden Wing","player_choice":"Gained Gold","floor":12.0,"gold_loss":0.0,"damage_taken":0.0},{"cards_removed":["Strike_R"],"damage_healed":0.0,"max_hp_gain":0.0,"max_hp_loss":0.0,"gold_gain":0.0,"event_name":"Living Wall","player_choice":"Forget","floor":14.0,"gold_loss":0.0,"damage_taken":0.0},{"cards_removed":["Fire Breathing"],"damage_healed":0.0,"max_hp_gain":0.0,"max_hp_loss":0.0,"gold_gain":0.0,"event_name":"Wheel of Change","player_choice":"Card Removal","floor":19.0,"gold_loss":0.0,"damage_taken":0.0},{"damage_healed":0,"gold_gain":0,"player_choice":"Trade","damage_taken":0,"relics_obtained":["SsserpentHead"],"max_hp_gain":0,"max_hp_loss":0,"event_name":"FaceTrader","floor":31,"gold_loss":0}],"is_beta":false,"boss_relics":[{"not_picked":["Runic Dome","Orrery"],"picked":"Pandora\u0027s Box"}],"items_purged_floors":[],"is_endless":false,"potions_floor_spawned":[3,5,10,11,18,23,25],"killed_by":"Automaton","ascension_level":5}