{"gold_per_floor":[115,115,10,26,26,26,52,52,102,102,43,3,3,18,18,93,93,105,105,125,75,75,75,87,87,87,37,54,54],"floor_reached":29,"playtime":779,"items_purged":["Strike_B","Strike_B"],"score":538,"play_id":"d2ed211f-ea90-43c2-bec5-9a9a65f63155","local_time":"20190123200716","is_ascension_mode":true,"campfire_choices":[{"data":"Gash","floor":6,"key":"SMITH"},{"floor":8,"key":"REST"},{"data":"Static Discharge","floor":13,"key":"SMITH"},{"data":"Gash","floor":15,"key":"SMITH"},{"data":"Defragment","floor":23,"key":"SMITH"},{"data":"Electrodynamics","floor":25,"key":"SMITH"}],"neow_cost":"NONE","seed_source_timestamp":81010762804954,"circlet_count":0,"master_deck":["AscendersBane","Strike_B","Defend_B","Defend_B","Defend_B","Defend_B","Zap","Dualcast","Sweeping Beam","Genetic Algorithm","Ball Lightning+1","Gash+1","Gash+1","White Noise","Static Discharge+1","Rebound","Electrodynamics+1","Defragment+1","Core Surge","Leap","Ball Lightning+1"],"relics":["Cracked Core","Anchor","Smiling Mask","Sozu","Molten Egg 2"],"potions_floor_usage":[16,29],"damage_taken":[{"damage":1,"enemies":"Cultist","floor":1,"turns":3},{"damage":3,"enemies":"Jaw Worm","floor":4,"turns":3},{"damage":25,"enemies":"Lagavulin","floor":7,"turns":6},{"damage":2,"enemies":"2 Louse","floor":14,"turns":2},{"damage":0,"enemies":"Slime Boss","floor":16,"turns":5},{"damage":21,"enemies":"Shell Parasite","floor":18,"turns":4},{"damage":6,"enemies":"Chosen","floor":20,"turns":3},{"damage":12,"enemies":"Sentry and Sphere","floor":24,"turns":3},{"damage":27,"enemies":"Snecko","floor":28,"turns":4},{"damage":13,"enemies":"Cultist and Chosen","floor":29,"turns":3}],"seed_played":"-4458923568076996361","potions_obtained":[{"floor":1,"key":"Fire Potion"},{"floor":16,"key":"Fire Potion"}],"is_trial":false,"path_per_floor":["?","?","?","?","$","?","?","M"],"character_chosen":"DEFECT","items_purchased":["Ball Lightning","Gash","Static Discharge"],"campfire_rested":1,"item_purchase_floors":[3,3,12],"current_hp_per_floor":[63,56,56,53,53,53,28,49,49,49,49,49,49,47,47,47,65,44,58,52,52,52,52,40,40,40,40,13,0],"gold":54,"neow_bonus":"THREE_CARDS","is_prod":false,"is_daily":false,"chose_seed":false,"campfire_upgraded":5,"win_rate":0,"timestamp":1548266836,"path_taken":["M","?","$","M","?","R","E","R","T","?","?","?","R","M","R","BOSS","M","?","M","$","?","R","M","R","T","$","?","M"],"build_version":"2019-01-23","purchased_purges":2,"victory":false,"max_hp_per_floor":[71,71,71,71,71,71,71,71,71,71,71,71,71,71,71,71,71,71,71,71,71,71,71,71,71,71,71,71,71],"card_choices":[{"not_picked":["Heatsinks","Steam"],"picked":"Sweeping Beam","floor":0},{"not_picked":["BootSequence","Sunder"],"picked":"Genetic Algorithm","floor":1},{"not_picked":["Go for the Eyes","Steam"],"picked":"Gash","floor":4},{"not_picked":["Rebound","Fusion"],"picked":"White Noise","floor":7},{"not_picked":["Redo","Defragment"],"picked":"Rebound","floor":14},{"not_picked":["Machine Learning","Hyperbeam"],"picked":"Electrodynamics","floor":16},{"not_picked":["Sunder","Capacitor+1"],"picked":"Defragment","floor":18},{"not_picked":["Reprogram","Rebound","Stack"],"picked":"SKIP","floor":20},{"not_picked":["Sweeping Beam","Redo"],"picked":"Leap","floor":24},{"not_picked":["Sweeping Beam+1","Hologram"],"picked":"Ball Lightning+1","floor":28}],"player_experience":1479744,"relics_obtained":[{"floor":7,"key":"Anchor"},{"floor":9,"key":"Smiling Mask"},{"floor":26,"key":"Molten Egg 2"}],"event_choices":[{"cards_removed":["Strike_B"],"damage_healed":0,"gold_gain":0,"player_choice":"Card Removal","damage_taken":7,"max_hp_gain":0,"max_hp_loss":0,"event_name":"Golden Wing","floor":2,"gold_loss":0},{"damage_healed":0,"gold_gain":0,"player_choice":"Grow","damage_taken":0,"max_hp_gain":0,"max_hp_loss":0,"event_name":"Living Wall","floor":5,"gold_loss":0,"cards_upgraded":["Ball Lightning"]},{"damage_healed":0,"gold_gain":0,"player_choice":"Fled","damage_taken":0,"max_hp_gain":0,"max_hp_loss":0,"event_name":"Scrap Ooze","floor":10,"gold_loss":0},{"damage_healed":0,"gold_gain":0,"player_choice":"Left Gold","damage_taken":0,"max_hp_gain":0,"max_hp_loss":0,"event_name":"World of Goop","floor":11,"gold_loss":59},{"damage_healed":14,"gold_gain":0,"player_choice":"Heal","damage_taken":0,"max_hp_gain":0,"max_hp_loss":0,"event_name":"The Library","floor":19,"gold_loss":0},{"damage_healed":0,"gold_gain":0,"player_choice":"1 cards matched","damage_taken":0,"max_hp_gain":0,"max_hp_loss":0,"event_name":"Match and Keep!","floor":22,"gold_loss":0,"cards_obtained":["Core Surge"]}],"is_beta":false,"boss_relics":[{"not_picked":["White Beast Statue","Snecko Eye"],"picked":"Sozu"}],"items_purged_floors":[21,27],"is_endless":false,"potions_floor_spawned":[1,16,18],"killed_by":"Cultist and Chosen","ascension_level":20}