{"gold_per_floor":[112,127,142,154,167,195,195,209,209,209,240,240,270,270,270,270],"floor_reached":16,"playtime":830,"items_purged":[],"score":244,"play_id":"394fb210-d7f0-4d98-9dd3-1fb2d33e8583","local_time":"20190220202911","is_ascension_mode":true,"campfire_choices":[{"data":"Spot Weakness","floor":7,"key":"SMITH"},{"data":"Bash","floor":12,"key":"SMITH"},{"data":"Whirlwind","floor":15,"key":"SMITH"}],"neow_cost":"NONE","seed_source_timestamp":341347978958953,"circlet_count":0,"master_deck":["AscendersBane","Strike_R","Strike_R","Strike_R","Strike_R","Defend_R","Defend_R","Defend_R","Defend_R","Bash+1","Carnage","Power Through","Body Slam","Whirlwind+1","Anger","Spot Weakness+1","Carnage","Flame Barrier+1"],"relics":["Burning Blood","Charon\u0027s Ashes","Toxic Egg 2","Potion Belt","Singing Bowl"],"potions_floor_usage":[6,6,6,11,16],"damage_taken":[{"damage":2,"enemies":"Cultist","floor":1,"turns":4},{"damage":4,"enemies":"Small Slimes","floor":2,"turns":4},{"damage":0,"enemies":"Jaw Worm","floor":3,"turns":3},{"damage":10,"enemies":"Looter","floor":4,"turns":4},{"damage":11,"enemies":"Blue Slaver","floor":5,"turns":7},{"damage":24,"enemies":"Gremlin Nob","floor":6,"turns":4},{"damage":13,"enemies":"3 Louse","floor":8,"turns":2},{"damage":25,"enemies":"Lagavulin","floor":11,"turns":6},{"damage":8,"enemies":"Gremlin Nob","floor":13,"turns":3},{"damage":33,"enemies":"Hexaghost","floor":16,"turns":9}],"seed_played":"5900681132188298567","potions_obtained":[{"floor":1,"key":"Regen Potion"},{"floor":3,"key":"EntropicBrew"},{"floor":4,"key":"Poison Potion"},{"floor":5,"key":"PowerPotion"},{"floor":8,"key":"Swift Potion"}],"is_trial":false,"path_per_floor":["M","M","M","M","M","E","R","M","T","T","E","R","E","?","R","B"],"character_chosen":"IRONCLAD","items_purchased":[],"campfire_rested":0,"item_purchase_floors":[],"current_hp_per_floor":[79,81,82,78,73,55,55,48,48,48,29,29,29,29,29,0],"gold":270,"neow_bonus":"TEN_PERCENT_HP_BONUS","is_prod":false,"is_daily":false,"chose_seed":false,"campfire_upgraded":3,"win_rate":0,"timestamp":1550690951,"path_taken":["M","?","M","?","?","E","R","M","T","?","E","R","E","?","R","BOSS"],"build_version":"2019-01-23","purchased_purges":0,"victory":false,"max_hp_per_floor":[82,82,82,82,82,82,82,82,82,82,82,82,84,84,84,84],"card_choices":[{"not_picked":["Pommel Strike","Rampage"],"picked":"Carnage","floor":1},{"not_picked":["Burning Pact","Body Slam"],"picked":"Power Through","floor":2},{"not_picked":["Entrench","Flex"],"picked":"Body Slam","floor":3},{"not_picked":["Fire Breathing","Twin Strike"],"picked":"Whirlwind","floor":4},{"not_picked":["Wild Strike","Heavy Blade"],"picked":"Anger","floor":5},{"not_picked":["Fire Breathing","Cleave"],"picked":"Spot Weakness","floor":6},{"not_picked":["Evolve","Warcry"],"picked":"Carnage","floor":8},{"not_picked":["Rage+1","Intimidate+1"],"picked":"Flame Barrier+1","floor":11},{"not_picked":["Brutality","Evolve","Wild Strike"],"picked":"Singing Bowl","floor":13}],"player_experience":1916194,"relics_obtained":[{"floor":6,"key":"Charon\u0027s Ashes"},{"floor":10,"key":"Toxic Egg 2"},{"floor":11,"key":"Potion Belt"},{"floor":13,"key":"Singing Bowl"}],"event_choices":[{"cards_removed":["Strike_R"],"damage_healed":0,"gold_gain":0,"player_choice":"Purged","damage_taken":0,"max_hp_gain":0,"max_hp_loss":0,"event_name":"Purifier","floor":14,"gold_loss":0}],"is_beta":false,"boss_relics":[],"items_purged_floors":[],"is_endless":false,"potions_floor_spawned":[1,3,4,5,8],"killed_by":"Hexaghost","ascension_level":20}