{"gold_per_floor":[110,110,35,48,48,48,81,81,81,113,13,13,29,43,43,115,115,126,140,151,26,26],"floor_reached":22,"playtime":1006,"items_purged":["Strike_B","Strike_B","Zap"],"score":388,"play_id":"2ccc25bd-f9cc-475c-9b4d-b112a9aa4ec0","local_time":"20190203022752","is_ascension_mode":true,"campfire_choices":[{"data":"Cold Snap","floor":6,"key":"SMITH"},{"floor":8,"key":"REST"},{"data":"Blizzard","floor":12,"key":"SMITH"},{"floor":15,"key":"REST"}],"neow_cost":"NONE","seed_source_timestamp":1559495919826450,"circlet_count":0,"master_deck":["AscendersBane","Defend_B","Defend_B","Defend_B","Defend_B","Dualcast","Glacier","Cold Snap+1","Coolheaded","Blizzard+1","Hologram","Echo Form+1","Rebound","Recycle"],"relics":["Cracked Core","Frozen Egg 2","Regal Pillow","Inserter"],"potions_floor_usage":[7,19,19],"damage_taken":[{"damage":3,"enemies":"Small Slimes","floor":1,"turns":3},{"damage":0,"enemies":"Cultist","floor":4,"turns":4},{"damage":52,"enemies":"Gremlin Nob","floor":7,"turns":7},{"damage":8,"enemies":"Lagavulin","floor":10,"turns":12},{"damage":0,"enemies":"Jaw Worm","floor":13,"turns":5},{"damage":6,"enemies":"Large Slime","floor":14,"turns":9},{"damage":23,"enemies":"The Guardian","floor":16,"turns":13},{"damage":20,"enemies":"Chosen","floor":18,"turns":7},{"damage":9,"enemies":"3 Byrds","floor":19,"turns":3},{"damage":20,"enemies":"Sentry and Sphere","floor":20,"turns":11},{"damage":15,"enemies":"Cultist and Chosen","floor":22,"turns":3}],"seed_played":"2532937514908107824","potions_obtained":[{"floor":4,"key":"GamblersBrew"},{"floor":10,"key":"LiquidBronze"},{"floor":14,"key":"Explosive Potion"},{"floor":19,"key":"Dexterity Potion"}],"is_trial":false,"path_per_floor":["M","?","$","M","$","R","E","R","T","E","$","R","M","M","R","B",null,"M","M","M","$","M"],"character_chosen":"DEFECT","items_purchased":[],"campfire_rested":2,"item_purchase_floors":[],"current_hp_per_floor":[61,61,61,61,61,61,9,30,30,22,22,22,22,16,52,29,61,41,32,12,12,0],"gold":26,"neow_bonus":"REMOVE_CARD","is_prod":false,"is_daily":false,"chose_seed":false,"campfire_upgraded":2,"win_rate":0,"timestamp":1549157272,"path_taken":["M","?","?","M","$","R","E","R","T","E","$","R","M","M","R","BOSS","M","M","M","$","?"],"build_version":"2019-01-23","purchased_purges":3,"victory":false,"max_hp_per_floor":[71,71,71,71,71,71,71,71,71,71,71,71,71,71,71,71,71,71,71,71,71,71],"card_choices":[{"not_picked":["Rebound","Compile Driver"],"picked":"Glacier","floor":1},{"not_picked":["Conserve Battery","Scrape"],"picked":"Coolheaded","floor":4},{"not_picked":["Hologram","Chaos"],"picked":"Blizzard","floor":7},{"not_picked":["Thunder Strike","Gash","Chaos"],"picked":"SKIP","floor":10},{"not_picked":["Streamline","Steam","Conserve Battery"],"picked":"SKIP","floor":13},{"not_picked":["FTL","Auto Shields"],"picked":"Hologram","floor":14},{"not_picked":["Thunder Strike","Biased Cognition+1"],"picked":"Echo Form+1","floor":16},{"not_picked":["Streamline","Leap"],"picked":"Rebound","floor":18},{"not_picked":["Steam","Compile Driver+1","Leap"],"picked":"SKIP","floor":19},{"not_picked":["Thunder Strike","Force Field"],"picked":"Recycle","floor":20}],"player_experience":1846546,"relics_obtained":[{"floor":7,"key":"Frozen Egg 2"},{"floor":10,"key":"Regal Pillow"}],"event_choices":[{"damage_healed":0,"gold_gain":0,"cards_transformed":["Strike_B"],"player_choice":"Transformed","damage_taken":0,"max_hp_gain":0,"max_hp_loss":0,"event_name":"Transmorgrifier","floor":2,"gold_loss":0,"cards_obtained":["Cold Snap"]}],"is_beta":false,"boss_relics":[{"not_picked":["Eternal Feather","Tiny House"],"picked":"Inserter"}],"items_purged_floors":[3,11,21],"is_endless":false,"potions_floor_spawned":[4,10,14,18,19],"killed_by":"Cultist and Chosen","ascension_level":20}