{"gold_per_floor":[117,135,135,150,165,193,193,193,193,205,130,143,163,189,189,261,261,261,176,176,176,176,176,176,176,176,176,76,76,76,76,76,76,76,76,76,76,3,3,3,3,3,3,3,3,3,3,3,3,3],"floor_reached":50,"playtime":3392,"items_purged":["Strike_G","Strike_G"],"score":961,"play_id":"27606003-107a-4f01-b60d-7e6f9fd9d1e2","local_time":"20180923032529","is_ascension_mode":true,"campfire_choices":[{"floor":8,"key":"REST"},{"data":"Dash","floor":15,"key":"SMITH"},{"data":"Footwork","floor":24,"key":"SMITH"},{"floor":27,"key":"REST"},{"floor":32,"key":"REST"},{"floor":41,"key":"REST"},{"floor":45,"key":"REST"},{"floor":47,"key":"REST"},{"floor":49,"key":"REST"}],"neow_cost":"NONE","seed_source_timestamp":278643452601711,"circlet_count":0,"master_deck":["Defend_G","Defend_G","Defend_G","Defend_G","Defend_G","Survivor","Neutralize+1","AscendersBane","Endless Agony","All Out Attack","Backflip","Adrenaline","Dash+1","PiercingWail","Glass Knife","PiercingWail+1","Footwork+1","Corpse Explosion","Endless Agony","Venomology","Dodge and Roll+1","Setup+1","Catalyst+1","Normality","Normality","PiercingWail+1","Well Laid Plans","Backflip+1"],"relics":["Ring of the Snake","Mercury Hourglass","Oddly Smooth Stone","Happy Flower","Singing Bowl","Boot","Ectoplasm","Ginger","Enchiridion","Kunai","Gremlin Horn","Potion Belt","Astrolabe","Anchor","Regal Pillow","Smiling Mask"],"potions_floor_usage":[16,33,40,40,42,42,42,50,50,50,50,50],"damage_taken":[{"damage":0,"enemies":"Jaw Worm","floor":1,"turns":5},{"damage":0,"enemies":"Cultist","floor":2,"turns":5},{"damage":0,"enemies":"Small Slimes","floor":4,"turns":2},{"damage":4,"enemies":"Blue Slaver","floor":5,"turns":3},{"damage":20,"enemies":"Gremlin Nob","floor":6,"turns":4},{"damage":10,"enemies":"Exordium Thugs","floor":10,"turns":4},{"damage":0,"enemies":"3 Louse","floor":12,"turns":2},{"damage":0,"enemies":"Blue Slaver","floor":13,"turns":3},{"damage":2,"enemies":"Lagavulin","floor":14,"turns":7},{"damage":19,"enemies":"Slime Boss","floor":16,"turns":11},{"damage":0,"enemies":"Spheric Guardian","floor":18,"turns":3},{"damage":0,"enemies":"Chosen","floor":20,"turns":4},{"damage":0,"enemies":"Snake Plant","floor":21,"turns":4},{"damage":5,"enemies":"Slavers","floor":23,"turns":6},{"damage":0,"enemies":"Chosen and Byrds","floor":25,"turns":5},{"damage":0,"enemies":"Cultist and Chosen","floor":29,"turns":4},{"damage":0,"enemies":"Gremlin Leader","floor":30,"turns":5},{"damage":69,"enemies":"Champ","floor":33,"turns":27},{"damage":7,"enemies":"3 Shapes","floor":35,"turns":7},{"damage":11,"enemies":"3 Darklings","floor":37,"turns":7},{"damage":21,"enemies":"Nemesis","floor":40,"turns":13},{"damage":57,"enemies":"Transient","floor":42,"turns":5},{"damage":0,"enemies":"Spire Growth","floor":46,"turns":10},{"damage":16,"enemies":"Sphere and 2 Shapes","floor":48,"turns":7},{"damage":112,"enemies":"Time Eater","floor":50,"turns":19}],"seed_played":"-152092983130355931","potions_obtained":[{"floor":1,"key":"Dexterity Potion"},{"floor":4,"key":"GhostInAJar"},{"floor":13,"key":"AttackPotion"},{"floor":16,"key":"Weak Potion"},{"floor":20,"key":"Fire Potion"},{"floor":37,"key":"EssenceOfSteel"},{"floor":46,"key":"Ancient Potion"},{"floor":48,"key":"Block Potion"}],"is_trial":false,"path_per_floor":["M","M","?","M","M","E","?","R","T","M","$","M","M","E","R","B",null,"M","?","M","M","?","E","R","M","T","R","$","M","E","?","R","B",null,"M","?","M","$","T","E","R","M","T","?","R","M","R","M","R"],"character_chosen":"THE_SILENT","items_purchased":["Well Laid Plans"],"campfire_rested":7,"item_purchase_floors":[38],"current_hp_per_floor":[59,59,59,59,55,35,17,36,36,28,28,30,30,28,28,9,55,55,55,55,57,36,31,31,33,33,55,55,55,57,57,76,7,59,52,52,41,41,41,20,57,7,7,7,45,47,80,66,82,0],"gold":3,"neow_bonus":"UPGRADE_CARD","is_prod":false,"is_daily":false,"chose_seed":false,"campfire_upgraded":2,"win_rate":0,"timestamp":1537665929,"path_taken":["M","M","?","M","M","E","?","R","T","?","$","M","M","E","R","BOSS","M","?","M","?","?","E","R","?","T","R","$","M","E","?","R","BOSS","M","?","M","$","?","E","R","?","T","?","R","?","R","M","R","BOSS"],"build_version":"2018-09-20","purchased_purges":2,"victory":false,"max_hp_per_floor":[66,66,66,66,66,66,66,66,66,68,68,70,70,70,70,70,70,70,70,70,72,72,72,72,74,74,74,74,74,76,76,76,76,76,76,76,76,76,76,76,76,78,78,78,78,80,80,82,82,82],"card_choices":[{"not_picked":["Infinite Blades","Deflect"],"picked":"Endless Agony","floor":1},{"not_picked":["Deadly Poison","Setup"],"picked":"Leg Sweep","floor":2},{"not_picked":["Escape Plan","Backflip"],"picked":"All Out Attack","floor":4},{"not_picked":["Tactician","Riddle With Holes"],"picked":"Backflip","floor":5},{"not_picked":["Prepared","Dagger Spray"],"picked":"Adrenaline","floor":6},{"not_picked":["Accuracy","Heel Hook","Blade Dance"],"picked":"Singing Bowl","floor":10},{"not_picked":["Deflect","Flying Knee","Choke"],"picked":"Singing Bowl","floor":12},{"not_picked":["Acrobatics","Quick Slash"],"picked":"Dash","floor":13},{"not_picked":["Dagger Throw","Blade Dance"],"picked":"PiercingWail","floor":14},{"not_picked":["Phantasmal Killer","Grand Finale"],"picked":"Glass Knife","floor":16},{"not_picked":["Slice+1","Bane+1"],"picked":"PiercingWail+1","floor":18},{"not_picked":["Sucker Punch","All Out Attack"],"picked":"Footwork","floor":20},{"not_picked":["Prepared","Dagger Throw","Backflip"],"picked":"Singing Bowl","floor":21},{"not_picked":["Underhanded Strike","Dodge and Roll"],"picked":"Corpse Explosion","floor":23},{"not_picked":["Bouncing Flask","Bane+1","Eviscerate"],"picked":"Singing Bowl","floor":25},{"not_picked":["Sucker Punch","Flying Knee"],"picked":"Endless Agony","floor":29},{"not_picked":["Backflip","Bouncing Flask","Sucker Punch"],"picked":"Singing Bowl","floor":30},{"not_picked":["Burst","Bullet Time"],"picked":"Venomology","floor":33},{"not_picked":["Slice","Poisoned Stab"],"picked":"Catalyst+1","floor":35},{"not_picked":["Deadly Poison","Terror"],"picked":"PiercingWail+1","floor":37},{"not_picked":["Distraction","Prepared+1"],"picked":"Backflip+1","floor":40},{"not_picked":["Cloak And Dagger","Bane","Prepared+1"],"picked":"Singing Bowl","floor":42},{"not_picked":["Sucker Punch","Backstab","Infinite Blades"],"picked":"Singing Bowl","floor":46},{"not_picked":["Finisher","Acrobatics","Backflip"],"picked":"Singing Bowl","floor":48}],"player_experience":1213928,"relics_obtained":[{"floor":6,"key":"Oddly Smooth Stone"},{"floor":9,"key":"Singing Bowl"},{"floor":14,"key":"Boot"},{"floor":22,"key":"Enchiridion"},{"floor":23,"key":"Kunai"},{"floor":26,"key":"Gremlin Horn"},{"floor":30,"key":"Potion Belt"},{"floor":39,"key":"Anchor"},{"floor":40,"key":"Regal Pillow"},{"floor":43,"key":"Smiling Mask"}],"event_choices":[{"event_name":"WeMeetAgain","player_choice":"Card","floor":3,"damage_taken":0},{"event_name":"Scrap Ooze","player_choice":"success","floor":7,"damage_taken":18},{"event_name":"Addict","player_choice":"Obtained Relic","floor":19,"damage_taken":0},{"event_name":"Cursed Tome","player_choice":"Obtained Book","floor":22,"damage_taken":0},{"event_name":"The Mausoleum","player_choice":"No","floor":31,"damage_taken":0},{"event_name":"MindBloom","player_choice":"Gold","floor":36,"damage_taken":0},{"event_name":"Falling","player_choice":"Removed Attack","floor":44,"damage_taken":0}],"is_beta":false,"boss_relics":[{"not_picked":["HoveringKite","Coffee Dripper"],"picked":"Ectoplasm"},{"not_picked":["Sozu","Snecko Eye"],"picked":"Astrolabe"}],"items_purged_floors":[11,28],"is_endless":false,"potions_floor_spawned":[1,4,6,13,16,20,21,23,29,37,46,48],"killed_by":"Time Eater","ascension_level":15}