{"gold_per_floor":[119,119,139,60,75,75,87,119,119,119,135,155,230,230,230,326,326,338,338,263,275,294,294,2,31,57,57,57,57,74,74,74,74],"floor_reached":33,"playtime":1520,"items_purged":[],"score":330,"play_id":"20c89ddc-736b-4719-91ca-49f2513f1f45","local_time":"20190310233632","is_ascension_mode":true,"campfire_choices":[{"data":"Body Slam","floor":6.0,"key":"SMITH"},{"data":"Entrench","floor":10.0,"key":"SMITH"},{"data":"Reaper","floor":15.0,"key":"SMITH"},{"floor":23.0,"key":"REST"},{"floor":28.0,"key":"REST"},{"floor":32.0,"key":"REST"}],"neow_cost":"NONE","seed_source_timestamp":45144789182652,"circlet_count":0,"master_deck":["Strike_R","Strike_R","Strike_R","Strike_R","Defend_R+1","Defend_R+1","Defend_R","Defend_R","Bash","Body Slam+1","Entrench+1","Ghostly Armor","Impervious","Thunderclap","Reaper+1","Whirlwind","Offering","Evolve+1","Shrug It Off+1","Metallicize+1","Ghostly Armor","Ghostly","Ghostly","Ghostly","Ghostly","Ghostly","Entrench","Flame Barrier"],"special_seed":0,"relics":["Philosopher\u0027s Stone","Boot","Frozen Egg 2","Ancient Tea Set","Fusion Hammer","Dodecahedron","Turnip","Bronze Scales","Pen Nib"],"potions_floor_usage":[33,33,33,33,33,33],"damage_taken":[{"damage":5.0,"enemies":"Jaw Worm","floor":1.0,"turns":4.0},{"damage":3.0,"enemies":"Small Slimes","floor":3.0,"turns":3.0},{"damage":0.0,"enemies":"2 Louse","floor":5.0,"turns":2.0},{"damage":12.0,"enemies":"Looter","floor":7.0,"turns":3.0},{"damage":24.0,"enemies":"3 Sentries","floor":8.0,"turns":6.0},{"damage":0.0,"enemies":"3 Louse","floor":11.0,"turns":1.0},{"damage":0.0,"enemies":"Large Slime","floor":12.0,"turns":5.0},{"damage":1.0,"enemies":"Slime Boss","floor":16.0,"turns":8.0},{"damage":19.0,"enemies":"Spheric Guardian","floor":18.0,"turns":4.0},{"damage":6.0,"enemies":"Chosen","floor":21.0,"turns":4.0},{"damage":10.0,"enemies":"Snake Plant","floor":22.0,"turns":3.0},{"damage":42.0,"enemies":"Gremlin Leader","floor":25.0,"turns":8.0},{"damage":6.0,"enemies":"Centurion and Healer","floor":30.0,"turns":7.0},{"damage":57,"enemies":"Champ","floor":33,"turns":16}],"seed_played":"-2366824468714046498","potions_obtained":[{"floor":3.0,"key":"BloodPotion"},{"floor":7.0,"key":"SteroidPotion"},{"floor":11.0,"key":"Weak Potion"},{"floor":16.0,"key":"Swift Potion"},{"floor":18.0,"key":"FearPotion"},{"floor":21.0,"key":"EntropicBrew"},{"floor":25.0,"key":"SteroidPotion"}],"is_trial":false,"path_per_floor":["M","?","M","$","M","R","M","E","T","R","M","M","?","?","R","B",null,"M","?","?","M","M","R","$","E","T","?","R","?","M","?","R","B"],"character_chosen":"IRONCLAD","items_purchased":["Ghostly Armor","Turnip"],"campfire_rested":3,"item_purchase_floors":[4,24],"current_hp_per_floor":[75,72,69,69,69,69,65,41,41,41,51,61,50,34,34,33,80,62,62,62,61,51,75,75,45,45,40,40,40,40,35,45,0],"gold":74,"neow_bonus":"BOSS_RELIC","is_prod":false,"is_daily":false,"chose_seed":false,"campfire_upgraded":3,"win_rate":0,"timestamp":1552228592,"path_taken":["M","?","M","$","M","R","M","E","T","R","M","M","?","?","R","BOSS","M","?","?","M","M","R","$","E","T","?","R","?","M","?","R","BOSS"],"build_version":"2019-01-23","purchased_purges":0,"victory":false,"max_hp_per_floor":[80,80,80,80,80,80,80,80,80,80,80,80,80,80,80,80,80,80,80,80,80,80,80,80,80,80,40,40,40,40,45,45,45],"card_choices":[{"not_picked":["Heavy Blade","Clash"],"picked":"Body Slam","floor":1.0},{"not_picked":["Cleave","Sword Boomerang"],"picked":"Entrench","floor":3.0},{"not_picked":["Warcry","Thunderclap"],"picked":"Impervious","floor":5.0},{"not_picked":["Combust","Perfected Strike"],"picked":"Thunderclap","floor":7.0},{"not_picked":["Rampage","Anger"],"picked":"Reaper","floor":8.0},{"not_picked":["Thunderclap","Clothesline"],"picked":"Whirlwind","floor":11.0},{"not_picked":["Rupture+1","Clothesline","Hemokinesis"],"picked":"SKIP","floor":12.0},{"not_picked":["Reaper","Berserk+1"],"picked":"Offering","floor":16.0},{"not_picked":["Dropkick","Headbutt"],"picked":"Evolve+1","floor":18.0},{"not_picked":["Headbutt","Sword Boomerang+1"],"picked":"Shrug It Off+1","floor":21.0},{"not_picked":["Infernal Blade","Armaments"],"picked":"Metallicize+1","floor":22.0},{"not_picked":["True Grit","Uppercut"],"picked":"Ghostly Armor","floor":25.0},{"not_picked":["Burning Pact","Warcry+1"],"picked":"Flame Barrier","floor":30.0}],"player_experience":289427,"relics_obtained":[{"floor":8.0,"key":"Frozen Egg 2"},{"floor":9.0,"key":"Ancient Tea Set"},{"floor":25.0,"key":"Bronze Scales"},{"floor":26.0,"key":"Pen Nib"}],"event_choices":[{"damage_healed":0.0,"max_hp_gain":0.0,"max_hp_loss":0.0,"gold_gain":0.0,"event_name":"Scrap Ooze","player_choice":"Success","floor":2.0,"gold_loss":0.0,"damage_taken":3.0,"relics_obtained":["Boot"]},{"damage_healed":0.0,"max_hp_gain":0.0,"max_hp_loss":0.0,"gold_gain":75.0,"event_name":"World of Goop","player_choice":"Gather Gold","floor":13.0,"gold_loss":0.0,"damage_taken":11.0},{"damage_healed":0.0,"max_hp_gain":0.0,"max_hp_loss":0.0,"gold_gain":0.0,"event_name":"Shining Light","player_choice":"Entered Light","floor":14.0,"gold_loss":0.0,"damage_taken":16.0,"cards_upgraded":["Defend_R","Defend_R"]},{"damage_healed":0.0,"max_hp_gain":0.0,"max_hp_loss":0.0,"gold_gain":0.0,"event_name":"The Mausoleum","player_choice":"Opened","floor":19.0,"gold_loss":0.0,"damage_taken":0.0,"relics_obtained":["Dodecahedron"]},{"cards_removed":["Strike_R"],"damage_healed":0.0,"max_hp_gain":0.0,"max_hp_loss":0.0,"gold_gain":0.0,"event_name":"Beggar","player_choice":"Gave Gold","floor":20.0,"gold_loss":75.0,"damage_taken":0.0},{"damage_healed":0.0,"max_hp_gain":0.0,"max_hp_loss":40.0,"gold_gain":0.0,"event_name":"Ghosts","player_choice":"Became a Ghost","floor":27.0,"gold_loss":0.0,"damage_taken":0.0,"cards_obtained":["Ghostly","Ghostly","Ghostly","Ghostly","Ghostly"]},{"damage_healed":0.0,"max_hp_gain":0.0,"max_hp_loss":0.0,"gold_gain":0.0,"event_name":"The Library","player_choice":"Read","floor":29.0,"gold_loss":0.0,"damage_taken":0.0,"cards_obtained":["Entrench"]},{"damage_healed":0.0,"max_hp_gain":5.0,"max_hp_loss":0.0,"gold_gain":0.0,"event_name":"Forgotten Altar","player_choice":"Shed Blood","floor":31.0,"gold_loss":0.0,"damage_taken":10.0}],"is_beta":false,"boss_relics":[{"not_picked":["Runic Cube","White Beast Statue"],"picked":"Fusion Hammer"}],"items_purged_floors":[],"is_endless":false,"potions_floor_spawned":[3,7,11,16,18,21,25],"killed_by":"Champ","ascension_level":3}