{"gold_per_floor":[115,131,131,206,217,217,229,229,275,303,316,350,132,149,149,227,227,247,259,274,288,102,102,43,73,120,131,163,163,163,198,198,198],"floor_reached":33,"playtime":2362,"items_purged":["Strike_R","Defend_R"],"score":634,"play_id":"93417bb5-703d-42c9-8dd7-3d7e386d76f2","local_time":"20181010145322","is_ascension_mode":true,"campfire_choices":[{"data":"Bash","floor":6,"key":"SMITH"},{"data":"Whirlwind","floor":8,"key":"SMITH"},{"data":"Fiend Fire","floor":15,"key":"SMITH"},{"data":"Uppercut","floor":23,"key":"SMITH"},{"floor":30,"key":"REST"},{"data":"Corruption","floor":32,"key":"SMITH"}],"neow_cost":"NONE","seed_source_timestamp":3066681270982,"circlet_count":0,"master_deck":["Strike_R+1","Strike_R+1","Strike_R+1","Defend_R+1","Defend_R+1","Defend_R+1","Bash+1","AscendersBane","Whirlwind+1","Dropkick","Headbutt","Disarm","True Grit+1","Fiend Fire+1","True Grit+1","Offering+1","Feed","Anger","Ghostly Armor+1","Entrench+1","Uppercut+1","Inflame","Shrug It Off+1","Shrug It Off+1","Inflame","Corruption+1"],"relics":["Burning Blood","Strawberry","Happy Flower","Omamori","Toxic Egg 2","Runic Cube","Pantograph","Anchor","Oddly Smooth Stone","Juzu Bracelet"],"potions_floor_usage":[10,10,21,27,33],"damage_taken":[{"damage":1,"enemies":"Cultist","floor":1,"turns":3},{"damage":29,"enemies":"Jaw Worm","floor":2,"turns":7},{"damage":4,"enemies":"Small Slimes","floor":5,"turns":3},{"damage":8,"enemies":"Exordium Wildlife","floor":7,"turns":5},{"damage":15,"enemies":"Lagavulin","floor":10,"turns":6},{"damage":21,"enemies":"Large Slime","floor":11,"turns":5},{"damage":15,"enemies":"3 Sentries","floor":12,"turns":4},{"damage":3,"enemies":"Lots of Slimes","floor":14,"turns":2},{"damage":11,"enemies":"The Guardian","floor":16,"turns":16},{"damage":6,"enemies":"Spheric Guardian","floor":18,"turns":2},{"damage":0,"enemies":"3 Byrds","floor":19,"turns":6},{"damage":27,"enemies":"Snake Plant","floor":20,"turns":9},{"damage":9,"enemies":"Cultist and Chosen","floor":21,"turns":6},{"damage":37,"enemies":"Slavers","floor":25,"turns":6},{"damage":15,"enemies":"Shelled Parasite and Fungi","floor":27,"turns":11},{"damage":19,"enemies":"Book of Stabbing","floor":28,"turns":5},{"damage":23,"enemies":"Slavers","floor":31,"turns":4},{"damage":72,"enemies":"Champ","floor":33,"turns":10}],"seed_played":"-5822495637498764456","potions_obtained":[{"floor":5,"key":"Block Potion"},{"floor":7,"key":"SpeedPotion"},{"floor":11,"key":"Dexterity Potion"},{"floor":16,"key":"FearPotion"},{"floor":18,"key":"Regen Potion"},{"floor":19,"key":"Fire Potion"},{"floor":31,"key":"Strength Potion"}],"is_trial":false,"path_per_floor":["M","M","?","?","M","R","M","R","T","E","M","E","$","M","R","B",null,"M","M","M","M","$","R","$","E","T","M","E","?","R","E","R"],"character_chosen":"IRONCLAD","items_purchased":["Fiend Fire","True Grit+1","Inflame","Shrug It Off+1"],"campfire_rested":1,"item_purchase_floors":[13,13,22,24],"current_hp_per_floor":[73,50,57,46,48,48,46,46,46,37,22,13,13,16,16,11,64,64,73,52,67,67,67,67,36,36,30,17,17,44,30,30,0],"gold":198,"neow_bonus":"REMOVE_CARD","is_prod":false,"is_daily":false,"chose_seed":false,"campfire_upgraded":5,"win_rate":0,"timestamp":1539176002,"path_taken":["M","M","?","?","M","R","M","R","T","E","?","E","$","M","R","BOSS","M","?","M","M","?","R","$","E","T","?","E","?","R","E","R","BOSS"],"build_version":"2018-10-04v2","purchased_purges":2,"victory":false,"max_hp_per_floor":[75,75,82,82,82,82,82,82,82,82,82,82,82,82,82,82,82,82,85,85,88,88,88,88,88,88,91,91,91,91,94,94,94],"card_choices":[{"not_picked":["Pommel Strike","Warcry"],"picked":"Shrug It Off","floor":1},{"not_picked":["Entrench","Shrug It Off"],"picked":"Whirlwind","floor":2},{"not_picked":["Pummel","Combust"],"picked":"Dropkick","floor":5},{"not_picked":["Twin Strike","Flex","Warcry"],"picked":"SKIP","floor":7},{"not_picked":["Entrench","Ghostly Armor"],"picked":"Headbutt","floor":10},{"not_picked":["Rage","Iron Wave"],"picked":"Disarm","floor":11},{"not_picked":["Dropkick","Flex"],"picked":"True Grit","floor":12},{"not_picked":["Warcry+1","Evolve"],"picked":"Offering+1","floor":14},{"not_picked":["Double Tap+1","Limit Break+1"],"picked":"Feed","floor":16},{"not_picked":["True Grit+1","Iron Wave"],"picked":"Anger","floor":18},{"not_picked":["Armaments+1","Searing Blow+1"],"picked":"Ghostly Armor+1","floor":19},{"not_picked":["Heavy Blade+1","Sever Soul+1","Entrench+1"],"picked":"SKIP","floor":20},{"not_picked":["Heavy Blade+1","Sever Soul+1"],"picked":"Entrench+1","floor":20},{"not_picked":["Pommel Strike","Reckless Charge+1"],"picked":"Uppercut","floor":21},{"not_picked":["Sentinel+1","Twin Strike","Clash"],"picked":"SKIP","floor":25},{"not_picked":["Wild Strike","Heavy Blade"],"picked":"Shrug It Off+1","floor":27},{"not_picked":["Shrug It Off+1","Feel No Pain"],"picked":"Inflame","floor":28},{"not_picked":["Sword Boomerang","Metallicize"],"picked":"Corruption","floor":31}],"player_experience":1402150,"relics_obtained":[{"floor":9,"key":"Happy Flower"},{"floor":10,"key":"Omamori"},{"floor":12,"key":"Toxic Egg 2"},{"floor":25,"key":"Pantograph"},{"floor":26,"key":"Anchor"},{"floor":28,"key":"Oddly Smooth Stone"},{"floor":31,"key":"Juzu Bracelet"}],"event_choices":[{"event_name":"WeMeetAgain","player_choice":"Card","floor":3,"damage_taken":0},{"event_name":"World of Goop","player_choice":"Gather Gold","floor":4,"damage_taken":0},{"event_name":"Back to Basics","player_choice":"Simplicity","floor":29,"damage_taken":0}],"is_beta":false,"boss_relics":[{"not_picked":["Lizard Tail","Black Blood"],"picked":"Runic Cube"}],"items_purged_floors":[13,22],"is_endless":false,"potions_floor_spawned":[5,7,11,16,18,19,31],"killed_by":"Champ","ascension_level":20}