{"gold_per_floor":[116,116,116,191,201,230,230,258,258,285,18,18,45,78,78,154,154,166,166,181,181,181],"floor_reached":22,"playtime":1046,"items_purged":[],"score":516,"play_id":"3255330e-446f-4d08-b658-b1d5de698222","local_time":"20181117150406","is_ascension_mode":true,"campfire_choices":[{"floor":7,"key":"REST"},{"floor":12,"key":"REST"},{"data":"Biased Cognition","floor":15,"key":"SMITH"}],"neow_cost":"NONE","seed_source_timestamp":159854977226243,"circlet_count":0,"master_deck":["AscendersBane","Strike_B","Strike_B","Strike_B","Strike_B","Defend_B","Defend_B","Defend_B","Zap+1","Dualcast","Sweeping Beam","Ball Lightning","Rebound","Biased Cognition+1","Consume","Sunder+1","Ball Lightning+1","Electrodynamics","Compile Driver+1","Steam"],"relics":["Cracked Core","Mummified Hand","Molten Egg 2","Pen Nib","Bottled Tornado","Vajra","Pantograph","Omamori","Smiling Mask","Inserter","The Courier"],"potions_floor_usage":[6,18],"damage_taken":[{"damage":13,"enemies":"2 Louse","floor":1,"turns":2},{"damage":2,"enemies":"Jaw Worm","floor":5,"turns":3},{"damage":8,"enemies":"Gremlin Nob","floor":6,"turns":3},{"damage":25,"enemies":"3 Sentries","floor":8,"turns":4},{"damage":6,"enemies":"Gremlin Nob","floor":10,"turns":3},{"damage":15,"enemies":"Lagavulin","floor":14,"turns":5},{"damage":0,"enemies":"Slime Boss","floor":16,"turns":6},{"damage":0,"enemies":"Chosen","floor":18,"turns":2},{"damage":26,"enemies":"3 Byrds","floor":20,"turns":4},{"damage":22,"enemies":"Centurion and Healer","floor":22,"turns":2}],"seed_played":"6732955211907894235","potions_obtained":[{"floor":1,"key":"Strength Potion"},{"floor":10,"key":"FearPotion"},{"floor":14,"key":"LiquidBronze"},{"floor":16,"key":"Explosive Potion"}],"is_trial":false,"path_per_floor":["M","?","?","?","M","E","R","E","T","E","$","R","T","E","R","B",null,"M","?","M","?","M"],"character_chosen":"DEFECT","items_purchased":["Pantograph"],"campfire_rested":2,"item_purchase_floors":[11],"current_hp_per_floor":[51,46,46,35,33,25,46,21,21,15,15,36,36,21,21,46,65,65,45,19,19,0],"gold":181,"neow_bonus":"TRANSFORM_CARD","is_prod":false,"is_daily":false,"chose_seed":false,"campfire_upgraded":1,"win_rate":0,"timestamp":1542463446,"path_taken":["M","?","?","?","M","E","R","E","T","E","$","R","?","E","R","BOSS","M","?","M","?","M"],"build_version":"2018-11-15","purchased_purges":0,"victory":false,"max_hp_per_floor":[71,71,71,71,71,71,71,71,71,71,71,71,71,71,71,71,71,71,76,76,76,76],"card_choices":[{"not_picked":["Stack","Streamline"],"picked":"Ball Lightning","floor":1},{"not_picked":["Hello World","Stack"],"picked":"Rebound","floor":5},{"not_picked":["Double Energy","Auto Shields"],"picked":"Biased Cognition","floor":6},{"not_picked":["Steam Power","Hello World"],"picked":"Consume","floor":8},{"not_picked":["Scrape+1","Sweeping Beam+1"],"picked":"Sunder+1","floor":10},{"not_picked":["Reprogram","Stack"],"picked":"Ball Lightning+1","floor":14},{"not_picked":["Hyperbeam+1","Thunder Strike+1"],"picked":"Electrodynamics","floor":16},{"not_picked":["Heatsinks","Beam Cell+1"],"picked":"Compile Driver+1","floor":18},{"not_picked":["Hello World","Gash+1"],"picked":"Steam","floor":20}],"player_experience":1620607,"relics_obtained":[{"floor":6,"key":"Molten Egg 2"},{"floor":8,"key":"Pen Nib"},{"floor":9,"key":"Bottled Tornado"},{"floor":10,"key":"Vajra"},{"floor":13,"key":"Omamori"},{"floor":14,"key":"Smiling Mask"}],"event_choices":[{"damage_healed":0,"gold_gain":0,"player_choice":"Success","damage_taken":5,"relics_obtained":["Mummified Hand"],"max_hp_gain":0,"max_hp_loss":0,"event_name":"Scrap Ooze","floor":2,"gold_loss":0},{"damage_healed":0,"gold_gain":0,"player_choice":"Grow","damage_taken":0,"max_hp_gain":0,"max_hp_loss":0,"event_name":"Living Wall","floor":3,"gold_loss":0,"cards_upgraded":["Zap"]},{"damage_healed":0,"gold_gain":75,"player_choice":"Gather Gold","damage_taken":11,"max_hp_gain":0,"max_hp_loss":0,"event_name":"World of Goop","floor":4,"gold_loss":0},{"damage_healed":0,"gold_gain":0,"player_choice":"Shed Blood","damage_taken":25,"max_hp_gain":5,"max_hp_loss":0,"event_name":"Forgotten Altar","floor":19,"gold_loss":0},{"damage_healed":0,"gold_gain":0,"player_choice":"Stole Relic","damage_taken":0,"relics_obtained":["The Courier"],"max_hp_gain":0,"max_hp_loss":0,"event_name":"Addict","floor":21,"gold_loss":0,"cards_obtained":["Shame"]}],"is_beta":false,"boss_relics":[{"not_picked":["Coffee Dripper","Busted Crown"],"picked":"Inserter"}],"items_purged_floors":[],"is_endless":false,"potions_floor_spawned":[1,10,14,16],"killed_by":"Centurion and Healer","ascension_level":20}