{"gold_per_floor":[361,286,298,298,63,63,88,88,88,123,141,153,179,198,198,274,274,287,300,350,361,261,261,272,301,301,301,301,334,348,93,93,167,167,181,192,192,27,72,72,72],"floor_reached":41,"playtime":2119,"items_purged":["Strike_B","Strike_B","Strike_B"],"score":898,"play_id":"87199991-0589-45ac-be12-6317bec4ddbe","local_time":"20190306203848","is_ascension_mode":true,"campfire_choices":[{"data":"Darkness","floor":6,"key":"SMITH"},{"data":"Sunder","floor":8,"key":"SMITH"},{"data":"Darkness","floor":15,"key":"SMITH"},{"data":"Buffer","floor":23,"key":"SMITH"},{"floor":28,"key":"REST"},{"data":"Coolheaded","floor":32,"key":"SMITH"},{"floor":40,"key":"REST"}],"neow_cost":"CURSE","seed_source_timestamp":334074078993076,"circlet_count":0,"master_deck":["AscendersBane","Defend_B","Defend_B","Defend_B","Defend_B","Zap","Dualcast","BootSequence","Darkness+1","Self Repair","Sunder+1","Darkness+1","Darkness","Buffer+1","Undo","Coolheaded+1","Capacitor","Echo Form","Genetic Algorithm","Chill"],"relics":["Cracked Core","Bag of Marbles","Gremlin Horn","StoneCalendar","Symbiotic Virus","Nuclear Battery","Centennial Puzzle","Anchor","Torii","Shuriken","Tiny Chest","Cursed Key","Bag of Preparation","Du-Vu Doll"],"potions_floor_usage":[7,13,21,25,29,39,39],"damage_taken":[{"damage":5,"enemies":"2 Louse","floor":1,"turns":3},{"damage":1,"enemies":"Cultist","floor":3,"turns":5},{"damage":11,"enemies":"Gremlin Nob","floor":7,"turns":3},{"damage":15,"enemies":"Lagavulin","floor":10,"turns":7},{"damage":4,"enemies":"Small Slimes","floor":11,"turns":3},{"damage":0,"enemies":"Blue Slaver","floor":12,"turns":1},{"damage":15,"enemies":"3 Sentries","floor":13,"turns":5},{"damage":0,"enemies":"Red Slaver","floor":14,"turns":3},{"damage":15,"enemies":"Slime Boss","floor":16,"turns":6},{"damage":11,"enemies":"Spheric Guardian","floor":18,"turns":4},{"damage":9,"enemies":"Chosen","floor":19,"turns":4},{"damage":18,"enemies":"Shelled Parasite and Fungi","floor":21,"turns":3},{"damage":0,"enemies":"Snecko","floor":24,"turns":4},{"damage":33,"enemies":"Gremlin Leader","floor":25,"turns":7},{"damage":1,"enemies":"Book of Stabbing","floor":29,"turns":4},{"damage":16,"enemies":"Snake Plant","floor":30,"turns":5},{"damage":18,"enemies":"Champ","floor":33,"turns":11},{"damage":9,"enemies":"3 Darklings","floor":35,"turns":6},{"damage":0,"enemies":"3 Shapes","floor":36,"turns":5},{"damage":67,"enemies":"2 Orb Walkers","floor":39,"turns":5},{"damage":35,"enemies":"Giant Head","floor":41,"turns":7}],"seed_played":"-8279468601078753926","potions_obtained":[{"floor":3,"key":"Dexterity Potion"},{"floor":12,"key":"Strength Potion"},{"floor":18,"key":"SkillPotion"},{"floor":21,"key":"Dexterity Potion"},{"floor":25,"key":"Fire Potion"},{"floor":30,"key":"SpeedPotion"}],"is_trial":false,"path_per_floor":["M","?","M","?","$","R","E","R","T","E","M","M","E","M","R","B",null,"M","M","?","M","$","R","M","E","T","?","R","E","M","$","R","B",null,"M","M","?","$","?","R","E"],"character_chosen":"DEFECT","items_purchased":["Self Repair","FocusPotion","Tiny Chest","Bag of Preparation"],"campfire_rested":2,"item_purchase_floors":[5,5,31,38],"current_hp_per_floor":[59,59,58,58,58,58,54,54,54,46,49,49,34,41,41,33,62,58,56,56,45,45,45,52,26,26,26,47,46,37,37,37,26,60,58,71,71,71,11,32,0],"gold":72,"neow_bonus":"TWO_FIFTY_GOLD","is_prod":false,"is_daily":false,"chose_seed":false,"campfire_upgraded":5,"win_rate":0,"timestamp":1551901128,"path_taken":["M","?","M","?","$","R","E","R","T","E","M","?","E","M","R","BOSS","M","M","?","M","$","R","M","E","T","?","R","E","?","$","R","BOSS","M","M","?","$","?","R","E"],"build_version":"2019-01-23","purchased_purges":3,"victory":false,"max_hp_per_floor":[71,71,71,71,71,71,71,71,71,71,71,71,71,71,71,71,71,71,71,71,71,71,71,71,71,71,71,71,71,71,71,71,71,71,71,71,71,71,71,71,71],"card_choices":[{"not_picked":["Chaos","Stack"],"picked":"BootSequence","floor":1},{"not_picked":["Conserve Battery","Gash"],"picked":"Darkness","floor":3},{"not_picked":["Turbo","Skim"],"picked":"Sunder","floor":7},{"not_picked":["Cold Snap","Conserve Battery"],"picked":"Darkness","floor":10},{"not_picked":["Skim","Hello World"],"picked":"Darkness","floor":11},{"not_picked":["Turbo","Go for the Eyes","Beam Cell"],"picked":"SKIP","floor":12},{"not_picked":["Sunder","Force Field"],"picked":"Hologram","floor":13},{"not_picked":["Cold Snap","Force Field","Go for the Eyes"],"picked":"SKIP","floor":14},{"not_picked":["Reboot","Meteor Strike"],"picked":"Buffer","floor":16},{"not_picked":["Rebound","Barrage","Conserve Battery"],"picked":"SKIP","floor":18},{"not_picked":["Sunder","Conserve Battery"],"picked":"Undo","floor":19},{"not_picked":["Chill","Darkness"],"picked":"Coolheaded","floor":21},{"not_picked":["Sweeping Beam","Ball Lightning"],"picked":"Hologram","floor":24},{"not_picked":["Redo","Ball Lightning","Skim"],"picked":"SKIP","floor":25},{"not_picked":["Sweeping Beam","Thunder Strike"],"picked":"Capacitor","floor":29},{"not_picked":["Darkness","Reprogram","Rebound"],"picked":"SKIP","floor":30},{"not_picked":["Meteor Strike","Thunder Strike"],"picked":"Echo Form","floor":33},{"not_picked":["Hologram","Darkness"],"picked":"Genetic Algorithm","floor":35},{"not_picked":["Sweeping Beam+1","Conserve Battery","Hologram"],"picked":"SKIP","floor":36},{"not_picked":["Compile Driver","Rebound"],"picked":"Chill","floor":39}],"player_experience":1976012,"relics_obtained":[{"floor":7,"key":"Bag of Marbles"},{"floor":9,"key":"Gremlin Horn"},{"floor":10,"key":"StoneCalendar"},{"floor":13,"key":"Symbiotic Virus"},{"floor":25,"key":"Centennial Puzzle"},{"floor":26,"key":"Anchor"},{"floor":29,"key":"Shuriken"},{"floor":39,"key":"Du-Vu Doll"}],"event_choices":[{"cards_removed":["Pain"],"damage_healed":0,"gold_gain":0,"player_choice":"Card Removal","damage_taken":0,"max_hp_gain":0,"max_hp_loss":0,"event_name":"The Cleric","floor":2,"gold_loss":75},{"cards_removed":["Strike_B"],"damage_healed":0,"gold_gain":0,"player_choice":"Purged","damage_taken":0,"max_hp_gain":0,"max_hp_loss":0,"event_name":"Purifier","floor":4,"gold_loss":0},{"damage_healed":0,"gold_gain":50,"player_choice":"Stole From Cult","damage_taken":0,"max_hp_gain":0,"max_hp_loss":0,"event_name":"Nest","floor":20,"gold_loss":0},{"cards_removed":["Hologram"],"damage_healed":0,"gold_gain":0,"player_choice":"Gave Card","damage_taken":0,"relics_obtained":["Torii"],"max_hp_gain":0,"max_hp_loss":0,"event_name":"WeMeetAgain","floor":27,"gold_loss":0},{"cards_removed":["Hologram"],"damage_healed":0,"gold_gain":0,"player_choice":"Removed Skill","damage_taken":0,"max_hp_gain":0,"max_hp_loss":0,"event_name":"Falling","floor":37,"gold_loss":0},{"damage_healed":0,"gold_gain":0,"player_choice":"Fight","damage_taken":0,"max_hp_gain":0,"max_hp_loss":0,"event_name":"Mysterious Sphere","floor":39,"gold_loss":0}],"is_beta":false,"boss_relics":[{"not_picked":["Runic Dome","Tiny House"],"picked":"Nuclear Battery"},{"not_picked":["White Beast Statue","Orrery"],"picked":"Cursed Key"}],"items_purged_floors":[5,22,31],"is_endless":false,"potions_floor_spawned":[3,12,18,21,25,30],"killed_by":"Giant Head","ascension_level":20}