{"gold_per_floor":[110,121,134,154,167,167,198,210,210,225,225,225,225],"floor_reached":13,"playtime":664,"items_purged":[],"score":165,"play_id":"de66664b-858a-4d29-bd4b-a0e06a681216","local_time":"20180927230200","is_ascension_mode":true,"campfire_choices":[{"floor":6,"key":"REST"},{"floor":12,"key":"REST"}],"neow_cost":"NONE","seed_source_timestamp":697607573033309,"circlet_count":0,"master_deck":["Defend_G","Defend_G","Defend_G","Defend_G","Defend_G","Strike_G","Strike_G","Strike_G","Strike_G","Survivor","Neutralize","AscendersBane","Distraction","Slice","Dagger Spray","Crippling Poison","Backstab","Skewer"],"relics":["Ring of the Snake","Darkstone Periapt","Singing Bowl","Golden Idol"],"potions_floor_usage":[10,13,13],"damage_taken":[{"damage":0,"enemies":"2 Louse","floor":1,"turns":4},{"damage":4,"enemies":"Jaw Worm","floor":2,"turns":8},{"damage":1,"enemies":"Cultist","floor":3,"turns":3},{"damage":1,"enemies":"2 Fungi Beasts","floor":4,"turns":3},{"damage":26,"enemies":"Gremlin Gang","floor":5,"turns":5},{"damage":22,"enemies":"3 Sentries","floor":7,"turns":10},{"damage":0,"enemies":"3 Louse","floor":8,"turns":3},{"damage":23,"enemies":"Exordium Thugs","floor":10,"turns":6},{"damage":35,"enemies":"Gremlin Nob","floor":13,"turns":4}],"seed_played":"357573949552280697","potions_obtained":[{"floor":4,"key":"SpeedPotion"},{"floor":8,"key":"Swift Potion"},{"floor":10,"key":"Regen Potion"}],"is_trial":false,"path_per_floor":["M","M","M","M","M","R","E","M","T","M","?","R"],"character_chosen":"THE_SILENT","items_purchased":[],"campfire_rested":2,"item_purchase_floors":[],"current_hp_per_floor":[59,55,54,53,27,46,24,24,24,3,3,21,0],"gold":225,"neow_bonus":"TRANSFORM_CARD","is_prod":false,"is_daily":false,"chose_seed":false,"campfire_upgraded":0,"win_rate":0,"timestamp":1538082120,"path_taken":["M","M","M","M","M","R","E","M","T","M","?","R","E"],"build_version":"2018-09-20","purchased_purges":0,"victory":false,"max_hp_per_floor":[66,66,66,66,66,66,66,66,66,68,62,62,62],"card_choices":[{"not_picked":["Deadly Poison","Backflip"],"picked":"Slice","floor":1},{"not_picked":["Wraith Form v2","Bouncing Flask"],"picked":"Dagger Spray","floor":2},{"not_picked":["Bane","Reflex"],"picked":"Crippling Poison","floor":3},{"not_picked":["Dodge and Roll","Outmaneuver"],"picked":"Backstab","floor":4},{"not_picked":["Underhanded Strike","Deflect","Quick Slash"],"picked":"SKIP","floor":5},{"not_picked":["Distraction","Finisher"],"picked":"Skewer","floor":7},{"not_picked":["Accuracy","Poisoned Stab","Riddle With Holes"],"picked":"SKIP","floor":8},{"not_picked":["Terror","Prepared","Cloak And Dagger"],"picked":"Singing Bowl","floor":10}],"player_experience":1261607,"relics_obtained":[{"floor":7,"key":"Darkstone Periapt"},{"floor":9,"key":"Singing Bowl"}],"event_choices":[{"event_name":"Golden Idol","player_choice":"Lose Max HP","floor":11,"damage_taken":0}],"is_beta":false,"boss_relics":[],"items_purged_floors":[],"is_endless":false,"potions_floor_spawned":[4,8,10],"killed_by":"Gremlin Nob","ascension_level":17}