{"gold_per_floor":[216,216,25,43,53,53,83,39,39,58,92,92,92,105,105,176,176,190,208,208,218,228,228,260,260,260,260],"floor_reached":27,"playtime":1247,"items_purged":[],"score":586,"play_id":"c1051307-62ff-4eb8-a755-dda816bc3154","local_time":"20190123202816","is_ascension_mode":true,"campfire_choices":[{"data":"Ball Lightning","floor":6,"key":"SMITH"},{"floor":12,"key":"REST"},{"floor":15,"key":"REST"},{"floor":23,"key":"REST"},{"floor":25,"key":"REST"}],"neow_cost":"NONE","seed_source_timestamp":81803404808159,"circlet_count":0,"master_deck":["AscendersBane","Strike_B","Strike_B","Strike_B","Defend_B","Defend_B","Defend_B","Defend_B","Zap","Dualcast","Self Repair","Ball Lightning+1","Sunder","Skim","Genetic Algorithm","Rebound","Electrodynamics","BootSequence","Cold Snap","Sweeping Beam","Biased Cognition","Loop","Leap","Double Energy"],"relics":["Cracked Core","Singing Bowl","Strawberry","FossilizedHelix","Sozu","Sundial","Dream Catcher"],"potions_floor_usage":[7,7,7,7,14,19],"damage_taken":[{"damage":7,"enemies":"Small Slimes","floor":1,"turns":3},{"damage":1,"enemies":"Cultist","floor":4,"turns":3},{"damage":11,"enemies":"Jaw Worm","floor":5,"turns":3},{"damage":22,"enemies":"3 Sentries","floor":7,"turns":4},{"damage":0,"enemies":"Gremlin Gang","floor":10,"turns":3},{"damage":47,"enemies":"Gremlin Nob","floor":11,"turns":5},{"damage":8,"enemies":"Exordium Thugs","floor":14,"turns":4},{"damage":0,"enemies":"Slime Boss","floor":16,"turns":8},{"damage":25,"enemies":"Spheric Guardian","floor":18,"turns":6},{"damage":16,"enemies":"Shell Parasite","floor":19,"turns":5},{"damage":9,"enemies":"Chosen and Byrds","floor":21,"turns":5},{"damage":5,"enemies":"Centurion and Healer","floor":22,"turns":7},{"damage":49,"enemies":"Slavers","floor":24,"turns":4},{"damage":39,"enemies":"Book of Stabbing","floor":27,"turns":5}],"seed_played":"-1065923828554697399","potions_obtained":[{"floor":1,"key":"FocusPotion"},{"floor":5,"key":"EntropicBrew"},{"floor":11,"key":"Block Potion"},{"floor":14,"key":"Weak Potion"}],"is_trial":false,"path_per_floor":["?","?","?","M"],"character_chosen":"DEFECT","items_purchased":["Ball Lightning","Sunder","Skim","BootSequence"],"campfire_rested":4,"item_purchase_floors":[3,3,3,8],"current_hp_per_floor":[57,57,57,63,59,59,44,44,51,51,4,27,27,21,45,52,73,57,41,41,32,36,61,12,37,37,0],"gold":260,"neow_bonus":"HUNDRED_GOLD","is_prod":false,"is_daily":false,"chose_seed":false,"campfire_upgraded":1,"win_rate":0,"timestamp":1548268096,"path_taken":["M","?","$","M","M","R","E","$","T","M","E","R","?","M","R","BOSS","M","M","?","M","?","R","E","R","T","E"],"build_version":"2019-01-23","purchased_purges":0,"victory":false,"max_hp_per_floor":[71,71,71,71,71,71,71,71,78,78,78,78,78,80,80,80,80,82,82,82,82,84,84,84,84,84,84],"card_choices":[{"not_picked":["Scrape","Go for the Eyes"],"picked":"Self Repair","floor":1},{"not_picked":["Redo","Undo"],"picked":"Genetic Algorithm","floor":4},{"not_picked":["Blizzard","Steam Power"],"picked":"Rebound","floor":5},{"not_picked":["Beam Cell","Sweeping Beam"],"picked":"Electrodynamics","floor":7},{"not_picked":["Reprogram","Compile Driver"],"picked":"Cold Snap","floor":10},{"not_picked":["Compile Driver","Steam"],"picked":"Sweeping Beam","floor":11},{"not_picked":["Steam","Doom and Gloom","Genetic Algorithm"],"picked":"Singing Bowl","floor":14},{"not_picked":["Amplify","Core Surge"],"picked":"Biased Cognition","floor":16},{"not_picked":["Go for the Eyes","Recycle","Streamline"],"picked":"Singing Bowl","floor":18},{"not_picked":["Capacitor","Go for the Eyes"],"picked":"Loop","floor":19},{"not_picked":["Barrage+1","Rip and Tear"],"picked":"Leap","floor":21},{"not_picked":["BootSequence+1","Stack","Blizzard"],"picked":"Singing Bowl","floor":22},{"not_picked":["Stack","Blizzard"],"picked":"Double Energy","floor":24}],"player_experience":1480523,"relics_obtained":[{"floor":7,"key":"Singing Bowl"},{"floor":9,"key":"Strawberry"},{"floor":11,"key":"FossilizedHelix"},{"floor":24,"key":"Sundial"},{"floor":26,"key":"Dream Catcher"}],"event_choices":[{"damage_healed":0,"gold_gain":0,"player_choice":"Fled","damage_taken":0,"max_hp_gain":0,"max_hp_loss":0,"event_name":"Scrap Ooze","floor":2,"gold_loss":0},{"damage_healed":0,"gold_gain":0,"player_choice":"Searched \u00271\u0027 times","damage_taken":0,"max_hp_gain":0,"max_hp_loss":0,"event_name":"Dead Adventurer","floor":13,"gold_loss":0},{"cards_removed":["Strike_B"],"damage_healed":0,"gold_gain":0,"player_choice":"Purged","damage_taken":0,"max_hp_gain":0,"max_hp_loss":0,"event_name":"Purifier","floor":20,"gold_loss":0}],"is_beta":false,"boss_relics":[{"not_picked":["White Beast Statue","Philosopher\u0027s Stone"],"picked":"Sozu"}],"items_purged_floors":[],"is_endless":false,"potions_floor_spawned":[1,5,11,14,18,19,24],"killed_by":"Book of Stabbing","ascension_level":20}