{"gold_per_floor":[118,132,6,21,33,33,62,62,62,62,87,97,97,113,113,192,192,206,131,144,160,160,160,160],"floor_reached":24,"playtime":875,"items_purged":[],"score":416,"play_id":"a8f5c269-6eac-41cd-b074-d081ce1abcff","local_time":"20190224221519","is_ascension_mode":true,"campfire_choices":[{"data":"Sunder","floor":6,"key":"SMITH"},{"data":"Loop","floor":8,"key":"SMITH"},{"data":"Self Repair","floor":13,"key":"SMITH"},{"data":"Static Discharge","floor":15,"key":"SMITH"},{"data":"Go for the Eyes","floor":23,"key":"SMITH"}],"neow_cost":"TEN_PERCENT_HP_LOSS","seed_source_timestamp":693313173082799,"circlet_count":0,"master_deck":["AscendersBane","Strike_B","Strike_B","Strike_B","Defend_B","Defend_B","Defend_B","Defend_B","Zap","Dualcast","Go for the Eyes+1","Conserve Battery","Sunder+1","Doom and Gloom","Loop+1","Static Discharge+1","Double Energy","Self Repair+1","Biased Cognition","Reinforced Body","Stack+1","Biased Cognition"],"relics":["Cracked Core","Unceasing Top","Anchor","Peace Pipe","Bag of Preparation","Velvet Choker"],"potions_floor_usage":[7,21,24],"damage_taken":[{"damage":0,"enemies":"Cultist","floor":1,"turns":4},{"damage":2,"enemies":"Small Slimes","floor":2,"turns":3},{"damage":0,"enemies":"Jaw Worm","floor":4,"turns":2},{"damage":6,"enemies":"Lots of Slimes","floor":5,"turns":2},{"damage":22,"enemies":"Lagavulin","floor":7,"turns":7},{"damage":25,"enemies":"3 Sentries","floor":11,"turns":5},{"damage":0,"enemies":"Exordium Wildlife","floor":12,"turns":3},{"damage":0,"enemies":"Red Slaver","floor":14,"turns":3},{"damage":9,"enemies":"Hexaghost","floor":16,"turns":6},{"damage":11,"enemies":"Spheric Guardian","floor":18,"turns":3},{"damage":11,"enemies":"Shell Parasite","floor":20,"turns":4},{"damage":4,"enemies":"Centurion and Healer","floor":21,"turns":6},{"damage":63,"enemies":"Gremlin Leader","floor":24,"turns":4}],"seed_played":"-3303021903201415236","potions_obtained":[{"floor":2,"key":"SkillPotion"},{"floor":12,"key":"Swift Potion"},{"floor":20,"key":"Dexterity Potion"}],"is_trial":false,"path_per_floor":["M","M","$","M","M","R","E","R","T","?","E","M","R","M","R","B",null,"M","?","M","M","?","R","E"],"character_chosen":"DEFECT","items_purchased":["Sunder","Doom and Gloom"],"campfire_rested":0,"item_purchase_floors":[3,3],"current_hp_per_floor":[64,62,62,62,56,56,34,34,34,34,9,9,9,19,19,20,53,52,52,51,57,57,57,0],"gold":160,"neow_bonus":"ONE_RARE_RELIC","is_prod":false,"is_daily":false,"chose_seed":false,"campfire_upgraded":5,"win_rate":0,"timestamp":1551042919,"path_taken":["M","?","$","M","M","R","E","R","T","?","E","M","R","M","R","BOSS","M","?","M","M","?","R","E"],"build_version":"2019-01-23","purchased_purges":0,"victory":false,"max_hp_per_floor":[64,64,64,64,64,64,64,64,64,64,64,64,64,64,64,64,64,64,64,64,64,64,64,64],"card_choices":[{"not_picked":["Skim","Gash"],"picked":"Go for the Eyes","floor":1},{"not_picked":["Skim","Stack"],"picked":"Conserve Battery","floor":2},{"not_picked":["Beam Cell","Turbo","Reprogram"],"picked":"SKIP","floor":4},{"not_picked":["Heatsinks","Self Repair"],"picked":"Loop","floor":5},{"not_picked":["Force Field","Beam Cell"],"picked":"Static Discharge","floor":7},{"not_picked":["Gash","Thunder Strike"],"picked":"Double Energy","floor":11},{"not_picked":["Gash","Stack"],"picked":"Self Repair","floor":12},{"not_picked":["Double Energy","Beam Cell","Steam Power"],"picked":"SKIP","floor":14},{"not_picked":["Core Surge","Multi-Cast"],"picked":"Biased Cognition","floor":16},{"not_picked":["Turbo","Beam Cell"],"picked":"Reinforced Body","floor":18},{"not_picked":["Reprogram","Gash+1","Redo"],"picked":"SKIP","floor":20},{"not_picked":["Gash","Leap"],"picked":"Stack+1","floor":21}],"player_experience":1930306,"relics_obtained":[{"floor":7,"key":"Anchor"},{"floor":11,"key":"Bag of Preparation"}],"event_choices":[{"damage_healed":0,"gold_gain":0,"player_choice":"Searched \u00271\u0027 times","damage_taken":0,"relics_obtained":["Peace Pipe"],"max_hp_gain":0,"max_hp_loss":0,"event_name":"Dead Adventurer","floor":10,"gold_loss":0},{"cards_removed":["Strike_B"],"damage_healed":0,"gold_gain":0,"player_choice":"Gave Gold","damage_taken":0,"max_hp_gain":0,"max_hp_loss":0,"event_name":"Beggar","floor":19,"gold_loss":75},{"damage_healed":0,"gold_gain":0,"player_choice":"Copied","damage_taken":0,"max_hp_gain":0,"max_hp_loss":0,"event_name":"Duplicator","floor":22,"gold_loss":0,"cards_obtained":["Biased Cognition"]}],"is_beta":false,"boss_relics":[{"not_picked":["Eternal Feather","Tiny House"],"picked":"Velvet Choker"}],"items_purged_floors":[],"is_endless":false,"potions_floor_spawned":[2,12,20],"killed_by":"Gremlin Leader","ascension_level":20}