{"gold_per_floor":[116,135,135,135,148,181,181,181,208,219,253,253,265,296,296,374,374,386,43,43,55,55,90,90,102,128,128,128,159,31,58,58,129,129,148,61,61,75,85,85,120,134,160,193,211,226,226,243,243,243,243,243,243,41,69,69],"floor_reached":57,"playtime":5522,"items_purged":["Strike_B"],"score":2930,"play_id":"e6091980-19e3-4ef4-b8f2-bb8010590319","local_time":"20190226144943","is_ascension_mode":true,"campfire_choices":[{"data":"Fission","floor":7.0,"key":"SMITH"},{"floor":12.0,"key":"REST"},{"data":"Coolheaded","floor":15.0,"key":"SMITH"},{"data":"Hologram","floor":24.0,"key":"SMITH"},{"floor":27.0,"key":"REST"},{"data":"Coolheaded","floor":32.0,"key":"SMITH"},{"data":"Fission","floor":40.0,"key":"SMITH"},{"floor":47,"key":"RECALL"},{"data":"Conserve Battery","floor":49,"key":"SMITH"},{"data":"Hologram","floor":53,"key":"SMITH"}],"neow_cost":"NONE","seed_source_timestamp":834526341776935,"circlet_count":0,"master_deck":["AscendersBane","Strike_B","Defend_B","Defend_B+1","Defend_B","Defend_B","Zap+1","Dualcast","Lockon+1","Ball Lightning","Conserve Battery+1","Fission+1","Echo Form","Hologram+1","Doom and Gloom","Coolheaded+1","Loop+1","Fission+1","Coolheaded+1","BootSequence+1","Fission+1","Capacitor+1","Core Surge","Echo Form+1","Undo+1","Defragment+1","Self Repair+1","Conserve Battery+1","Capacitor+1","White Noise+1","Hologram+1","Loop+1","Echo Form+1"],"special_seed":0,"relics":["Cracked Core","PreservedInsect","Dream Catcher","Ancient Tea Set","Frozen Egg 2","Runic Pyramid","Mercury Hourglass","Strawberry","Lantern","DataDisk","Art of War","Nuclear Battery","FossilizedHelix","Anchor","War Paint","Unceasing Top"],"potions_floor_usage":[55,56,56],"damage_taken":[{"damage":2.0,"enemies":"Small Slimes","floor":1.0,"turns":3.0},{"damage":7.0,"enemies":"Jaw Worm","floor":2.0,"turns":2.0},{"damage":0.0,"enemies":"Cultist","floor":5.0,"turns":3.0},{"damage":31.0,"enemies":"3 Sentries","floor":6.0,"turns":8.0},{"damage":0.0,"enemies":"2 Fungi Beasts","floor":10.0,"turns":2.0},{"damage":11.0,"enemies":"Gremlin Nob","floor":11.0,"turns":3.0},{"damage":1.0,"enemies":"Blue Slaver","floor":13.0,"turns":2.0},{"damage":5.0,"enemies":"Lagavulin","floor":14.0,"turns":4.0},{"damage":20.0,"enemies":"Slime Boss","floor":16.0,"turns":6.0},{"damage":15.0,"enemies":"Shell Parasite","floor":18.0,"turns":5.0},{"damage":2.0,"enemies":"3 Byrds","floor":21.0,"turns":4.0},{"damage":10.0,"enemies":"Gremlin Leader","floor":23.0,"turns":4.0},{"damage":0.0,"enemies":"Centurion and Healer","floor":25.0,"turns":3.0},{"damage":0.0,"enemies":"Slavers","floor":29.0,"turns":2.0},{"damage":3.0,"enemies":"Gremlin Leader","floor":31.0,"turns":3.0},{"damage":0.0,"enemies":"Champ","floor":33.0,"turns":9.0},{"damage":0.0,"enemies":"3 Shapes","floor":35.0,"turns":3.0},{"damage":1.0,"enemies":"Orb Walker","floor":38.0,"turns":4.0},{"damage":38.0,"enemies":"Spire Growth","floor":39.0,"turns":6.0},{"damage":8.0,"enemies":"Nemesis","floor":41.0,"turns":7.0},{"damage":0.0,"enemies":"Sphere and 2 Shapes","floor":42.0,"turns":6.0},{"damage":0,"enemies":"Giant Head","floor":44,"turns":8},{"damage":0,"enemies":"Transient","floor":45,"turns":6},{"damage":0,"enemies":"Writhing Mass","floor":46,"turns":6},{"damage":0,"enemies":"Sphere and 2 Shapes","floor":48,"turns":4},{"damage":4,"enemies":"Donu and Deca","floor":50,"turns":11},{"damage":22,"enemies":"Awakened One","floor":51,"turns":16},{"damage":12,"enemies":"Shield and Spear","floor":55,"turns":12},{"damage":67,"enemies":"The Heart","floor":56,"turns":11}],"seed_played":"8950108161423212914","potions_obtained":[{"floor":1.0,"key":"Swift Potion"},{"floor":5.0,"key":"FearPotion"},{"floor":6.0,"key":"Explosive Potion"},{"floor":13.0,"key":"Weak Potion"},{"floor":16.0,"key":"Dexterity Potion"},{"floor":18.0,"key":"Swift Potion"},{"floor":21.0,"key":"Regen Potion"},{"floor":33.0,"key":"Weak Potion"},{"floor":35.0,"key":"SkillPotion"},{"floor":38.0,"key":"SkillPotion"},{"floor":39.0,"key":"LiquidBronze"},{"floor":55,"key":"Strength Potion"}],"is_trial":false,"path_per_floor":["M","M","?","?","M","E","R","?","T","M","E","R","M","E","R","B",null,"M","$","?","M","?","E","R","M","T","R","?","E","$","E","R","B",null,"M","$","$","M","M","R","E","M","T","E","M","M","R","M","R","B","B",null,"R","$","E","B",null],"character_chosen":"DEFECT","items_purchased":["Mercury Hourglass","Capacitor+1","Fire Potion","Defragment+1","Loop+1","War Paint"],"campfire_rested":2,"item_purchase_floors":[19,30,30,36,54,54],"current_hp_per_floor":[62,55,48,48,48,17,17,17,17,17,6,27,26,21,21,1,54,39,39,39,37,37,34,34,39,39,62,62,62,62,59,59,59,73,73,73,73,72,54,54,66,78,78,78,78,78,78,78,78,78,76,78,78,78,78,21],"gold":69,"neow_bonus":"TRANSFORM_CARD","is_prod":false,"is_daily":false,"chose_seed":false,"campfire_upgraded":7,"win_rate":0,"timestamp":1551188983,"path_taken":["M","M","?","?","M","E","R","?","T","M","E","R","?","E","R","BOSS","M","$","?","M","?","E","R","M","T","R","?","E","$","E","R","BOSS","M","?","$","M","M","R","E","M","T","E","M","M","R","M","R","BOSS","BOSS","R","$","E","BOSS"],"build_version":"2019-01-23","purchased_purges":1,"victory":true,"max_hp_per_floor":[71,71,71,71,71,71,71,71,71,71,71,71,71,71,71,71,71,71,71,71,71,71,78,78,78,78,78,78,78,78,78,78,78,78,78,78,78,78,78,78,78,78,78,78,78,78,78,78,78,78,78,78,78,78,78,78],"card_choices":[{"not_picked":["Auto Shields","Force Field"],"picked":"Ball Lightning","floor":1.0},{"not_picked":["Steam","Barrage"],"picked":"Conserve Battery","floor":2.0},{"not_picked":["Stack","Compile Driver"],"picked":"Fission","floor":5.0},{"not_picked":["Reprogram","Stack"],"picked":"Echo Form","floor":6.0},{"not_picked":["Storm","Go for the Eyes","Gash"],"picked":"SKIP","floor":10.0},{"not_picked":["Stack","Sweeping Beam"],"picked":"Hologram","floor":11.0},{"not_picked":["Turbo","Sunder"],"picked":"Doom and Gloom","floor":12.0},{"not_picked":["Redo","Reprogram"],"picked":"Coolheaded","floor":13.0},{"not_picked":["Barrage","Sweeping Beam"],"picked":"Loop","floor":14.0},{"not_picked":["Amplify","Hyperbeam"],"picked":"Fission","floor":16.0},{"not_picked":["Sweeping Beam","Go for the Eyes"],"picked":"Coolheaded","floor":18.0},{"not_picked":["Streamline","Cold Snap","Sweeping Beam+1"],"picked":"SKIP","floor":21.0},{"not_picked":["Force Field","Gash","Steam Power"],"picked":"SKIP","floor":23.0},{"not_picked":["Force Field","Gash","Steam Power"],"picked":"SKIP","floor":23.0},{"not_picked":["Steam","Leap","Gash"],"picked":"SKIP","floor":25.0},{"not_picked":["Ball Lightning+1","Blizzard"],"picked":"BootSequence","floor":27.0},{"not_picked":["Darkness","Cold Snap","Gash"],"picked":"SKIP","floor":29.0},{"not_picked":["Melter","Fusion"],"picked":"Core Surge","floor":31.0},{"not_picked":["Core Surge","Machine Learning+1"],"picked":"Echo Form+1","floor":33.0},{"not_picked":["Hologram","Streamline"],"picked":"Undo+1","floor":35.0},{"not_picked":["Go for the Eyes","Sunder"],"picked":"Self Repair+1","floor":38.0},{"not_picked":["Compile Driver+1","Steam+1"],"picked":"Conserve Battery+1","floor":39.0},{"not_picked":["Cold Snap","Beam Cell","Darkness+1"],"picked":"SKIP","floor":41.0},{"not_picked":["Leap","Reprogram"],"picked":"Capacitor+1","floor":42.0},{"not_picked":["Gash","Beam Cell+1","Genetic Algorithm"],"picked":"SKIP","floor":44},{"not_picked":["FTL+1","Gash"],"picked":"White Noise+1","floor":45},{"not_picked":["Stack+1","Double Energy+1"],"picked":"Hologram","floor":46},{"not_picked":["Hologram","Gash+1","Chaos"],"picked":"SKIP","floor":48},{"not_picked":["Cold Snap","Double Energy"],"picked":"Echo Form+1","floor":55}],"player_experience":1939898,"relics_obtained":[{"floor":6.0,"key":"PreservedInsect"},{"floor":9.0,"key":"Dream Catcher"},{"floor":11.0,"key":"Ancient Tea Set"},{"floor":14.0,"key":"Frozen Egg 2"},{"floor":23.0,"key":"Strawberry"},{"floor":26.0,"key":"Lantern"},{"floor":29.0,"key":"DataDisk"},{"floor":31.0,"key":"Art of War"},{"floor":41.0,"key":"FossilizedHelix"},{"floor":44,"key":"Anchor"},{"floor":55,"key":"Unceasing Top"}],"event_choices":[{"cards_removed":["Strike_B"],"damage_healed":0.0,"max_hp_gain":0.0,"max_hp_loss":0.0,"gold_gain":0.0,"event_name":"Golden Wing","player_choice":"Card Removal","floor":3.0,"gold_loss":0.0,"damage_taken":7.0},{"damage_healed":0.0,"max_hp_gain":0.0,"max_hp_loss":0.0,"gold_gain":0.0,"event_name":"Living Wall","player_choice":"Grow","floor":4.0,"gold_loss":0.0,"damage_taken":0.0,"cards_upgraded":["Lockon"]},{"damage_healed":0.0,"max_hp_gain":0.0,"max_hp_loss":0.0,"gold_gain":0.0,"event_name":"Accursed Blacksmith","player_choice":"Forge","floor":8.0,"gold_loss":0.0,"damage_taken":0.0,"cards_upgraded":["Zap"]},{"damage_healed":0.0,"max_hp_gain":0.0,"max_hp_loss":0.0,"gold_gain":0.0,"event_name":"Vampires","player_choice":"Ignored","floor":20.0,"gold_loss":0.0,"damage_taken":0.0},{"damage_healed":0.0,"max_hp_gain":0.0,"max_hp_loss":0.0,"gold_gain":0.0,"event_name":"Duplicator","player_choice":"Copied","floor":28.0,"gold_loss":0.0,"damage_taken":0.0,"cards_obtained":["Fission"]}],"is_beta":false,"boss_relics":[{"not_picked":["Orrery","Snecko Eye"],"picked":"Runic Pyramid"},{"not_picked":["Empty Cage","White Beast Statue"],"picked":"Nuclear Battery"}],"items_purged_floors":[19],"is_endless":false,"potions_floor_spawned":[1,5,6,13,16,18,21,33,35,38,39,46,55],"ascension_level":20}