{"gold_per_floor":[116,126,126,16,40,40,73,73,73,93,124,124,159,0,0,95,95,118,118,133,147,72,72,72],"floor_reached":24,"playtime":1532,"items_purged":["Strike_G"],"score":428,"play_id":"6f5927ca-400b-48da-b9ab-58bd4c7feee3","local_time":"20190212131925","is_ascension_mode":true,"campfire_choices":[{"data":"Skewer","floor":6,"key":"SMITH"},{"data":"Backstab","floor":8,"key":"SMITH"},{"data":"Noxious Fumes","floor":12,"key":"SMITH"},{"data":"Footwork","floor":15,"key":"SMITH"},{"data":"Night Terror","floor":23,"key":"SMITH"}],"neow_cost":"NONE","seed_source_timestamp":2375776951966783,"circlet_count":0,"master_deck":["AscendersBane","Defend_G","Defend_G","Defend_G","Defend_G","Defend_G","Strike_G","Strike_G","Strike_G","Survivor","Neutralize","Skewer+1","Backstab+1","Noxious Fumes","PiercingWail","Footwork+1","Noxious Fumes+1","Night Terror+1","Die Die Die","Backflip","Blur","PiercingWail"],"relics":["Ring of the Snake","Omamori","Golden Idol","Thread and Needle","Nunchaku","Lantern","MawBank","Art of War","Philosopher\u0027s Stone"],"potions_floor_usage":[7,11,16,21,24],"damage_taken":[{"damage":0,"enemies":"2 Louse","floor":1,"turns":4},{"damage":0,"enemies":"Jaw Worm","floor":2,"turns":5},{"damage":0,"enemies":"Cultist","floor":5,"turns":4},{"damage":14,"enemies":"Lagavulin","floor":7,"turns":6},{"damage":0,"enemies":"Looter","floor":10,"turns":3},{"damage":15,"enemies":"Gremlin Nob","floor":11,"turns":4},{"damage":1,"enemies":"3 Sentries","floor":13,"turns":7},{"damage":11,"enemies":"The Guardian","floor":16,"turns":11},{"damage":15,"enemies":"Chosen","floor":18,"turns":6},{"damage":3,"enemies":"Shell Parasite","floor":20,"turns":7},{"damage":10,"enemies":"Centurion and Healer","floor":21,"turns":8},{"damage":30,"enemies":"Book of Stabbing","floor":24,"turns":7}],"seed_played":"8894913824644480052","potions_obtained":[{"floor":1,"key":"Poison Potion"},{"floor":5,"key":"PowerPotion"},{"floor":10,"key":"SneckoOil"},{"floor":18,"key":"Fire Potion"},{"floor":20,"key":"GamblersBrew"}],"is_trial":false,"path_per_floor":["M","M","?","$","M","R","E","R","T","M","E","R","E","$","R","B",null,"M","?","M","M","$","R","E"],"character_chosen":"THE_SILENT","items_purchased":["Noxious Fumes","PiercingWail","Art of War"],"campfire_rested":0,"item_purchase_floors":[4,4,14],"current_hp_per_floor":[59,59,59,59,59,59,45,45,45,45,30,30,29,29,29,18,54,39,39,36,26,26,26,0],"gold":72,"neow_bonus":"RANDOM_COMMON_RELIC","is_prod":false,"is_daily":false,"chose_seed":false,"campfire_upgraded":5,"win_rate":0,"timestamp":1549973965,"path_taken":["M","M","?","?","M","R","E","R","T","M","E","R","E","$","R","BOSS","M","?","M","M","$","R","E"],"build_version":"2019-01-23","purchased_purges":1,"victory":false,"max_hp_per_floor":[66,66,66,66,66,66,66,66,66,66,66,66,66,66,66,66,66,66,66,66,66,66,66,66],"card_choices":[{"not_picked":["Bane","PiercingWail"],"picked":"Skewer","floor":1},{"not_picked":["Quick Slash","Cloak And Dagger"],"picked":"Backstab","floor":2},{"not_picked":["Heel Hook","Sucker Punch","Skewer"],"picked":"SKIP","floor":5},{"not_picked":["Dagger Spray","Acrobatics"],"picked":"Footwork","floor":7},{"not_picked":["Flying Knee","Finisher"],"picked":"Noxious Fumes","floor":10},{"not_picked":["Concentrate","All Out Attack"],"picked":"Night Terror","floor":11},{"not_picked":["Setup","Outmaneuver","Blade Dance"],"picked":"SKIP","floor":13},{"not_picked":["Doppelganger","Unload"],"picked":"Die Die Die","floor":16},{"not_picked":["Blade Dance","Infinite Blades"],"picked":"Backflip","floor":18},{"not_picked":["Sucker Punch","Blade Dance"],"picked":"Blur","floor":20},{"not_picked":["Dagger Throw","Underhanded Strike"],"picked":"PiercingWail","floor":21}],"player_experience":1884262,"relics_obtained":[{"floor":7,"key":"Thread and Needle"},{"floor":9,"key":"Nunchaku"},{"floor":11,"key":"Lantern"},{"floor":13,"key":"MawBank"}],"event_choices":[{"damage_healed":0,"gold_gain":0,"player_choice":"Take Wound","damage_taken":0,"relics_obtained":["Golden Idol"],"max_hp_gain":0,"max_hp_loss":0,"event_name":"Golden Idol","floor":3,"gold_loss":0,"cards_obtained":["Injury"]},{"cards_removed":["Strike_G"],"damage_healed":0,"gold_gain":0,"player_choice":"Purged","damage_taken":0,"max_hp_gain":0,"max_hp_loss":0,"event_name":"Purifier","floor":19,"gold_loss":0}],"is_beta":false,"boss_relics":[{"not_picked":["Snecko Eye","Fusion Hammer"],"picked":"Philosopher\u0027s Stone"}],"items_purged_floors":[22],"is_endless":false,"potions_floor_spawned":[1,5,10,18,20],"killed_by":"Book of Stabbing","ascension_level":20}