{"gold_per_floor":[111,386,397,414,414,414,453,453,453,492,239,239],"floor_reached":12,"playtime":337,"items_purged":["Regret"],"score":172,"play_id":"c050871a-0426-4762-84d9-af83a47cbc81","local_time":"20190119221736","is_ascension_mode":true,"campfire_choices":[{"data":"Twin Strike","floor":6,"key":"SMITH"},{"floor":8,"key":"REST"}],"neow_cost":"NONE","seed_source_timestamp":335402735330713,"circlet_count":0,"master_deck":["AscendersBane","Strike_R","Strike_R","Strike_R","Strike_R","Strike_R","Defend_R","Defend_R","Defend_R","Defend_R","Bash+1","Twin Strike+1","Shrug It Off","Corruption","Fiend Fire","Master of Strategy"],"relics":["Burning Blood","Golden Idol","Matryoshka","Dream Catcher","Omamori","Oddly Smooth Stone"],"potions_floor_usage":[10,12,12],"damage_taken":[{"damage":7,"enemies":"Small Slimes","floor":1,"turns":4},{"damage":3,"enemies":"Cultist","floor":3,"turns":3},{"damage":15,"enemies":"Jaw Worm","floor":4,"turns":3},{"damage":30,"enemies":"Gremlin Nob","floor":7,"turns":4},{"damage":43,"enemies":"Lagavulin","floor":10,"turns":6},{"damage":26,"enemies":"3 Sentries","floor":12,"turns":6}],"seed_played":"-1365664927951298899","potions_obtained":[{"floor":1,"key":"BloodPotion"},{"floor":7,"key":"Fire Potion"},{"floor":10,"key":"Dexterity Potion"}],"is_trial":false,"path_per_floor":["M","?","M","M","?","R","E","R","T","E","$","E"],"character_chosen":"IRONCLAD","items_purchased":["Master of Strategy"],"campfire_rested":1,"item_purchase_floors":[11],"current_hp_per_floor":[67,67,70,61,61,61,37,57,57,20,20,0],"gold":239,"neow_bonus":"UPGRADE_CARD","is_prod":false,"is_daily":false,"chose_seed":false,"campfire_upgraded":1,"win_rate":0,"timestamp":1547932656,"path_taken":["M","?","?","M","?","R","E","R","T","E","?","E"],"build_version":"2019-01-17v2","purchased_purges":1,"victory":false,"max_hp_per_floor":[75,75,75,75,68,68,68,68,68,68,68,68],"card_choices":[{"not_picked":["Clash","Warcry"],"picked":"Twin Strike","floor":1},{"not_picked":["Burning Pact","Havoc","Armaments"],"picked":"SKIP","floor":3},{"not_picked":["Feel No Pain","Clash"],"picked":"Shrug It Off","floor":4},{"not_picked":["Burning Pact","Warcry"],"picked":"Corruption","floor":7},{"not_picked":["Warcry","Perfected Strike"],"picked":"Fiend Fire","floor":10}],"player_experience":1798452,"relics_obtained":[{"floor":7,"key":"Matryoshka"},{"floor":9,"key":"Dream Catcher"},{"floor":9,"key":"Omamori"},{"floor":10,"key":"Oddly Smooth Stone"}],"event_choices":[{"damage_healed":0,"gold_gain":275,"player_choice":"Desecrate","damage_taken":0,"max_hp_gain":0,"max_hp_loss":0,"event_name":"Golden Shrine","floor":2,"gold_loss":0,"cards_obtained":["Regret"]},{"damage_healed":0,"gold_gain":0,"player_choice":"Lose Max HP","damage_taken":0,"relics_obtained":["Golden Idol"],"max_hp_gain":0,"max_hp_loss":7,"event_name":"Golden Idol","floor":5,"gold_loss":0}],"is_beta":false,"boss_relics":[],"items_purged_floors":[11],"is_endless":false,"potions_floor_spawned":[1,7,10],"killed_by":"3 Sentries","ascension_level":20}