{"gold_per_floor":[114,114,114,132,148,148,181,181,204,233,233,79,112,125,125,204,204,217,167,178,78,93,93,4,4],"floor_reached":25,"playtime":1075,"items_purged":["Strike_B","Strike_B"],"score":438,"play_id":"dd995a95-b2ee-4836-8e30-fb1f1bda27b6","local_time":"20181117201856","is_ascension_mode":true,"campfire_choices":[{"data":"Sweeping Beam","floor":6,"key":"SMITH"},{"data":"Compile Driver","floor":8,"key":"SMITH"},{"floor":11,"key":"REST"},{"data":"Zap","floor":15,"key":"SMITH"},{"floor":23,"key":"REST"}],"neow_cost":"NONE","seed_source_timestamp":178707660897532,"circlet_count":0,"master_deck":["AscendersBane","Strike_B","Defend_B","Defend_B","Defend_B","Defend_B","Zap+1","Dualcast","Compile Driver+1","Sweeping Beam+1","Go for the Eyes","Core Surge","Undo","Hologram","Genetic Algorithm","Biased Cognition","Glacier","Capacitor","Rebound+1","Glacier"],"relics":["Cracked Core","Pen Nib","Sundial","Ancient Tea Set","Darkstone Periapt","Art of War","Fusion Hammer"],"potions_floor_usage":[7,10,16,22,25],"damage_taken":[{"damage":0,"enemies":"2 Louse","floor":1,"turns":2},{"damage":0,"enemies":"Small Slimes","floor":4,"turns":3},{"damage":0,"enemies":"Cultist","floor":5,"turns":3},{"damage":31,"enemies":"Gremlin Nob","floor":7,"turns":4},{"damage":20,"enemies":"3 Sentries","floor":10,"turns":5},{"damage":8,"enemies":"Gremlin Nob","floor":13,"turns":3},{"damage":4,"enemies":"Exordium Wildlife","floor":14,"turns":4},{"damage":23,"enemies":"Slime Boss","floor":16,"turns":13},{"damage":1,"enemies":"3 Byrds","floor":18,"turns":5},{"damage":1,"enemies":"Spheric Guardian","floor":20,"turns":3},{"damage":4,"enemies":"Cultist and Chosen","floor":22,"turns":9},{"damage":81,"enemies":"Gremlin Leader","floor":25,"turns":6}],"seed_played":"8953754107357003265","potions_obtained":[{"floor":1,"key":"Explosive Potion"},{"floor":5,"key":"Swift Potion"},{"floor":10,"key":"FearPotion"},{"floor":13,"key":"Block Potion"},{"floor":18,"key":"PowerPotion"}],"is_trial":false,"path_per_floor":["M","?","?","M","M","R","E","R","T","E","R","$","E","M","R","B",null,"M","?","M","$","M","R","$","E"],"character_chosen":"DEFECT","items_purchased":["Undo","Glacier"],"campfire_rested":2,"item_purchase_floors":[12,24],"current_hp_per_floor":[71,64,64,64,64,64,33,33,33,13,36,36,28,24,24,1,59,58,58,57,57,53,76,76,0],"gold":4,"neow_bonus":"TEN_PERCENT_HP_BONUS","is_prod":false,"is_daily":false,"chose_seed":false,"campfire_upgraded":3,"win_rate":0,"timestamp":1542482336,"path_taken":["M","?","?","M","?","R","E","R","T","E","R","$","E","M","R","BOSS","M","?","M","$","?","R","$","E"],"build_version":"2018-11-15","purchased_purges":2,"victory":false,"max_hp_per_floor":[78,78,78,78,78,78,78,78,78,78,78,78,78,78,78,78,78,78,78,78,78,78,78,78,78],"card_choices":[{"not_picked":["Turbo","Recycle"],"picked":"Beam Cell","floor":1},{"not_picked":["Steam","Leap"],"picked":"Compile Driver","floor":4},{"not_picked":["Blizzard","Coolheaded"],"picked":"Sweeping Beam","floor":5},{"not_picked":["Recycle","Turbo"],"picked":"Go for the Eyes","floor":7},{"not_picked":["Steam","Ball Lightning"],"picked":"Core Surge","floor":10},{"not_picked":["Leap","Compile Driver"],"picked":"Hologram","floor":13},{"not_picked":["Blizzard","Streamline"],"picked":"Genetic Algorithm","floor":14},{"not_picked":["Thunder Strike","Amplify"],"picked":"Biased Cognition","floor":16},{"not_picked":["Steam","Stack+1"],"picked":"Glacier","floor":18},{"not_picked":["Coolheaded","White Noise"],"picked":"Capacitor","floor":20},{"not_picked":["Turbo+1","Cold Snap"],"picked":"Rebound+1","floor":22}],"player_experience":1630557,"relics_obtained":[{"floor":7,"key":"Sundial"},{"floor":9,"key":"Ancient Tea Set"},{"floor":10,"key":"Darkstone Periapt"},{"floor":13,"key":"Art of War"}],"event_choices":[{"cards_removed":["Strike_B"],"damage_healed":0,"gold_gain":0,"player_choice":"Card Removal","damage_taken":7,"max_hp_gain":0,"max_hp_loss":0,"event_name":"Golden Wing","floor":2,"gold_loss":0},{"cards_removed":["Beam Cell"],"damage_healed":0,"gold_gain":0,"player_choice":"Gave Card","damage_taken":0,"relics_obtained":["Pen Nib"],"max_hp_gain":0,"max_hp_loss":0,"event_name":"WeMeetAgain","floor":3,"gold_loss":0},{"damage_healed":0,"gold_gain":0,"player_choice":"Bet on Murderer","damage_taken":0,"max_hp_gain":0,"max_hp_loss":0,"event_name":"The Joust","floor":19,"gold_loss":50}],"is_beta":false,"boss_relics":[{"not_picked":["Coffee Dripper","Empty Cage"],"picked":"Fusion Hammer"}],"items_purged_floors":[12,21],"is_endless":false,"potions_floor_spawned":[1,5,10,13,18],"killed_by":"Gremlin Leader","ascension_level":20}