{"gold_per_floor":[116,134,134,151,165,196,196,222,249,94,94,127,127,145,145,245,245,259,269,281,33,52,52,382,307,333,360,360,371,371,371,371,474,474,485,485,485,485,496,496,527,527,550,341,367,378,405,424,424,424,424,424,60,87,87],"floor_reached":56,"playtime":4552,"items_purged":["Strike_R","Strike_R"],"score":1892,"play_id":"6d1d2a2c-dfe6-4d13-9733-c2d9dc4dc229","local_time":"20190306211755","is_ascension_mode":true,"campfire_choices":[{"data":"Whirlwind","floor":7.0,"key":"SMITH"},{"floor":11.0,"key":"REST"},{"data":"Combust","floor":13.0,"key":"SMITH"},{"data":"True Grit","floor":15.0,"key":"SMITH"},{"data":"Corruption","floor":23.0,"key":"SMITH"},{"floor":30.0,"key":"DIG"},{"floor":32.0,"key":"REST"},{"floor":40.0,"key":"DIG"},{"floor":42.0,"key":"DIG"},{"floor":49,"key":"RECALL"},{"floor":52,"key":"DIG"}],"neow_cost":"NONE","seed_source_timestamp":1790553693589500,"circlet_count":0,"master_deck":["AscendersBane","Defend_R","Defend_R","Defend_R","Bash+1","Whirlwind+1","Feel No Pain","Shockwave","Shrug It Off","Metallicize","True Grit+1","Demon Form","Battle Trance+1","Corruption+1","Entrench+1","Body Slam+1","Disarm","Dropkick+1","Burning Pact+1","Clash+1","Rampage+1","Writhe","Panache","Headbutt+1","Heavy Blade+1","Entrench","Body Slam+1","Pummel","Feel No Pain","Shrug It Off","Battle Trance"],"special_seed":0,"relics":["Burning Blood","Kunai","Blood Vial","PreservedInsect","Happy Flower","Pen Nib","Runic Pyramid","Bronze Scales","Old Coin","Anchor","Shovel","Oddly Smooth Stone","Astrolabe","Du-Vu Doll","Mercury Hourglass","Smiling Mask","Membership Card","Whetstone","Art of War","DollysMirror","Pantograph","Boot","Self Forming Clay"],"potions_floor_usage":[54,55],"damage_taken":[{"damage":3.0,"enemies":"Jaw Worm","floor":1.0,"turns":5.0},{"damage":8.0,"enemies":"Small Slimes","floor":2.0,"turns":4.0},{"damage":0.0,"enemies":"2 Louse","floor":4.0,"turns":1.0},{"damage":10.0,"enemies":"2 Fungi Beasts","floor":5.0,"turns":4.0},{"damage":31.0,"enemies":"Gremlin Nob","floor":6.0,"turns":5.0},{"damage":20.0,"enemies":"3 Sentries","floor":8.0,"turns":4.0},{"damage":20.0,"enemies":"Lagavulin","floor":12.0,"turns":6.0},{"damage":14.0,"enemies":"3 Louse","floor":14.0,"turns":2.0},{"damage":31.0,"enemies":"Slime Boss","floor":16.0,"turns":7.0},{"damage":31.0,"enemies":"Shell Parasite","floor":18.0,"turns":6.0},{"damage":0.0,"enemies":"3 Byrds","floor":19.0,"turns":3.0},{"damage":11.0,"enemies":"3 Cultists","floor":20.0,"turns":3.0},{"damage":11.0,"enemies":"Cultist and Chosen","floor":22.0,"turns":5.0},{"damage":14.0,"enemies":"Gremlin Leader","floor":24.0,"turns":5.0},{"damage":8.0,"enemies":"Slavers","floor":27.0,"turns":4.0},{"damage":4.0,"enemies":"Snake Plant","floor":29.0,"turns":4.0},{"damage":37.0,"enemies":"Champ","floor":33.0,"turns":10.0},{"damage":37.0,"enemies":"3 Shapes","floor":35.0,"turns":4.0},{"damage":6.0,"enemies":"Orb Walker","floor":39.0,"turns":3.0},{"damage":0.0,"enemies":"Giant Head","floor":41.0,"turns":6.0},{"damage":0.0,"enemies":"Reptomancer","floor":45.0,"turns":5.0},{"damage":0.0,"enemies":"4 Shapes","floor":46.0,"turns":4.0},{"damage":7.0,"enemies":"Nemesis","floor":47.0,"turns":3.0},{"damage":12.0,"enemies":"3 Darklings","floor":48.0,"turns":4.0},{"damage":59,"enemies":"Donu and Deca","floor":50,"turns":7},{"damage":15,"enemies":"Shield and Spear","floor":54,"turns":5},{"damage":74,"enemies":"The Heart","floor":55,"turns":7}],"seed_played":"838546723926762966","potions_obtained":[{"floor":1.0,"key":"Swift Potion"},{"floor":6.0,"key":"Poison Potion"},{"floor":12.0,"key":"Swift Potion"},{"floor":14.0,"key":"Explosive Potion"},{"floor":19.0,"key":"Swift Potion"},{"floor":22.0,"key":"Energy Potion"},{"floor":27.0,"key":"BloodPotion"},{"floor":29.0,"key":"Strength Potion"},{"floor":39.0,"key":"LiquidBronze"}],"is_trial":false,"path_per_floor":["M","M","?","M","M","E","R","E","T","$","R","E","R","M","R","B",null,"M","M","M","$","M","R","E","?","T","E","?","M","R","?","R","B",null,"M","?","?","?","M","R","E","R","T","$","E","M","E","M","R","B",null,"R","$","E","B",null],"character_chosen":"IRONCLAD","items_purchased":["Metallicize","Bronze Scales","Membership Card","DollysMirror","Shrug It Off","Battle Trance","Pantograph","Boot"],"campfire_rested":2,"item_purchase_floors":[10,21,44,53,53,53,53,53],"current_hp_per_floor":[75,73,61,67,63,38,38,26,26,26,50,38,38,32,32,9,62,39,47,44,44,41,41,35,35,35,35,20,24,24,24,49,20,69,40,61,61,61,63,63,71,71,71,71,79,85,84,79,79,28,71,71,71,64,17],"gold":87,"neow_bonus":"UPGRADE_CARD","is_prod":false,"is_daily":false,"chose_seed":false,"campfire_upgraded":4,"win_rate":0,"timestamp":1551925075,"path_taken":["M","M","?","M","M","E","R","E","T","$","R","E","R","M","R","BOSS","M","M","M","$","M","R","E","?","T","E","?","?","R","?","R","BOSS","M","?","?","?","M","R","E","R","T","$","E","M","E","M","R","BOSS","R","$","E","BOSS"],"build_version":"2019-01-23","purchased_purges":2,"victory":true,"max_hp_per_floor":[80,80,80,80,80,80,80,80,80,80,80,80,80,80,80,80,80,80,80,80,80,80,80,80,80,80,80,85,85,85,85,85,85,85,85,85,85,85,85,85,85,85,85,85,85,85,85,85,85,85,85,85,85,85,85],"card_choices":[{"not_picked":["Shrug It Off","True Grit"],"picked":"Whirlwind","floor":1.0},{"not_picked":["Pommel Strike","Heavy Blade"],"picked":"Feel No Pain","floor":2.0},{"not_picked":["Rampage","Evolve"],"picked":"Shockwave","floor":4.0},{"not_picked":["Clash","Headbutt","Wild Strike"],"picked":"SKIP","floor":5.0},{"not_picked":["Sentinel","Havoc"],"picked":"Combust","floor":6.0},{"not_picked":["Whirlwind","True Grit"],"picked":"Shrug It Off","floor":8.0},{"not_picked":["Second Wind","Limit Break","Pummel"],"picked":"SKIP","floor":12.0},{"not_picked":["Power Through","Body Slam"],"picked":"True Grit","floor":14.0},{"not_picked":["Feed","Immolate"],"picked":"Demon Form","floor":16.0},{"not_picked":["Rupture","Headbutt+1"],"picked":"Battle Trance+1","floor":18.0},{"not_picked":["Seeing Red","Evolve","Cleave"],"picked":"SKIP","floor":19.0},{"not_picked":["True Grit","Clash"],"picked":"Corruption","floor":20.0},{"not_picked":["Burning Pact+1","Perfected Strike+1"],"picked":"Entrench+1","floor":22.0},{"not_picked":["Thunderclap","Rage+1"],"picked":"Body Slam","floor":24.0},{"not_picked":["Clash","Twin Strike","Searing Blow"],"picked":"SKIP","floor":27.0},{"not_picked":["Thunderclap","Havoc"],"picked":"Disarm","floor":29.0},{"not_picked":["Clothesline","Thunderclap"],"picked":"Rampage+1","floor":35.0},{"not_picked":["Magnetism","Swift Strike"],"picked":"Panache","floor":38.0},{"not_picked":["Second Wind","Cleave+1","Thunderclap+1"],"picked":"SKIP","floor":39.0},{"not_picked":["Sever Soul","Warcry+1"],"picked":"Headbutt","floor":41.0},{"not_picked":["Flex+1","Hemokinesis"],"picked":"Heavy Blade+1","floor":45.0},{"not_picked":["Pommel Strike+1","Flex+1"],"picked":"Entrench","floor":46.0},{"not_picked":["Searing Blow","Heavy Blade+1"],"picked":"Body Slam+1","floor":47.0},{"not_picked":["Cleave+1","Twin Strike"],"picked":"Pummel","floor":48.0},{"not_picked":["Twin Strike","Anger","Perfected Strike+1"],"picked":"SKIP","floor":54}],"player_experience":359702,"relics_obtained":[{"floor":6.0,"key":"Blood Vial"},{"floor":8.0,"key":"PreservedInsect"},{"floor":9.0,"key":"Happy Flower"},{"floor":12.0,"key":"Pen Nib"},{"floor":24.0,"key":"Old Coin"},{"floor":26.0,"key":"Anchor"},{"floor":27.0,"key":"Shovel"},{"floor":30.0,"key":"Oddly Smooth Stone"},{"floor":40.0,"key":"Du-Vu Doll"},{"floor":41.0,"key":"Mercury Hourglass"},{"floor":42.0,"key":"Smiling Mask"},{"floor":45.0,"key":"Whetstone"},{"floor":47.0,"key":"Art of War"},{"floor":54,"key":"Self Forming Clay"}],"event_choices":[{"damage_healed":0.0,"max_hp_gain":0.0,"max_hp_loss":0.0,"gold_gain":0.0,"event_name":"Scrap Ooze","player_choice":"Success","floor":3.0,"gold_loss":0.0,"damage_taken":12.0,"relics_obtained":["Kunai"]},{"cards_removed":["Strike_R"],"damage_healed":0.0,"max_hp_gain":0.0,"max_hp_loss":0.0,"gold_gain":0.0,"event_name":"Beggar","player_choice":"Gave Gold","floor":25.0,"gold_loss":75.0,"damage_taken":0.0},{"damage_healed":0.0,"max_hp_gain":5.0,"max_hp_loss":0.0,"gold_gain":0.0,"event_name":"Forgotten Altar","player_choice":"Shed Blood","floor":28.0,"gold_loss":0.0,"damage_taken":20.0},{"damage_healed":0.0,"max_hp_gain":0.0,"max_hp_loss":0.0,"gold_gain":0.0,"event_name":"Ghosts","player_choice":"Ignored","floor":31.0,"gold_loss":0.0,"damage_taken":0.0},{"damage_healed":21.0,"max_hp_gain":0.0,"max_hp_loss":0.0,"gold_gain":0.0,"event_name":"Winding Halls","player_choice":"Writhe","floor":36.0,"gold_loss":0.0,"damage_taken":0.0,"cards_obtained":["Writhe"]},{"cards_removed":["Combust"],"damage_healed":0.0,"max_hp_gain":0.0,"max_hp_loss":0.0,"gold_gain":0.0,"event_name":"Falling","player_choice":"Removed Power","floor":37.0,"gold_loss":0.0,"damage_taken":0.0},{"damage_healed":0.0,"max_hp_gain":0.0,"max_hp_loss":0.0,"gold_gain":0.0,"event_name":"SensoryStone","player_choice":"Memory 1","floor":38.0,"gold_loss":0.0,"damage_taken":0.0}],"is_beta":false,"boss_relics":[{"not_picked":["Coffee Dripper","Runic Cube"],"picked":"Runic Pyramid"},{"not_picked":["Pandora\u0027s Box","White Beast Statue"],"picked":"Astrolabe"}],"items_purged_floors":[10,21],"is_endless":false,"potions_floor_spawned":[1,6,12,14,19,22,27,29,39,46,48],"ascension_level":11}