{"gold_per_floor":[119,134,4,16,16,16,50,50,50,80,92],"floor_reached":11,"playtime":467,"items_purged":["Strike_G"],"score":139,"play_id":"d011a442-fd4b-41dd-9240-d6615f49608a","local_time":"20180928035354","is_ascension_mode":true,"campfire_choices":[{"data":"Slice","floor":6,"key":"SMITH"},{"data":"Poisoned Stab","floor":8,"key":"SMITH"}],"neow_cost":"NONE","seed_source_timestamp":715324161165939,"circlet_count":0,"master_deck":["Defend_G","Defend_G","Defend_G","Defend_G","Defend_G","Strike_G","Strike_G","Strike_G","Survivor","Neutralize","AscendersBane","Caltrops","Slice+1","Noxious Fumes","Calculated Gamble","Poisoned Stab+1","Backflip"],"relics":["Ring of the Snake","Pen Nib","Matryoshka","MawBank","Happy Flower"],"potions_floor_usage":[7,11,11],"damage_taken":[{"damage":4,"enemies":"Jaw Worm","floor":1,"turns":5},{"damage":1,"enemies":"Cultist","floor":2,"turns":5},{"damage":4,"enemies":"Small Slimes","floor":4,"turns":4},{"damage":9,"enemies":"3 Sentries","floor":7,"turns":7},{"damage":17,"enemies":"Exordium Thugs","floor":10,"turns":5},{"damage":47,"enemies":"Gremlin Nob","floor":11,"turns":4}],"seed_played":"7408974414702932378","potions_obtained":[{"floor":2,"key":"Block Potion"},{"floor":4,"key":"SpeedPotion"},{"floor":10,"key":"EssenceOfSteel"}],"is_trial":false,"path_per_floor":["M","M","$","M","?","R","E","R","T","M"],"character_chosen":"THE_SILENT","items_purchased":["FearPotion"],"campfire_rested":0,"item_purchase_floors":[3],"current_hp_per_floor":[55,54,54,50,50,50,41,41,41,24,0],"gold":92,"neow_bonus":"RANDOM_COMMON_RELIC","is_prod":false,"is_daily":false,"chose_seed":false,"campfire_upgraded":2,"win_rate":0,"timestamp":1538099634,"path_taken":["M","M","$","M","?","R","E","R","T","M","E"],"build_version":"2018-09-27","purchased_purges":1,"victory":false,"max_hp_per_floor":[66,66,66,66,66,66,66,66,66,66,66],"card_choices":[{"not_picked":["Deadly Poison","Reflex"],"picked":"Caltrops","floor":1},{"not_picked":["Choke","Tactician"],"picked":"Slice","floor":2},{"not_picked":["Underhanded Strike","Crippling Poison"],"picked":"Noxious Fumes","floor":4},{"not_picked":["Reflex","Underhanded Strike"],"picked":"Poisoned Stab","floor":7},{"not_picked":["Underhanded Strike","Dagger Throw"],"picked":"Backflip","floor":10}],"player_experience":1272411,"relics_obtained":[{"floor":7,"key":"Matryoshka"},{"floor":9,"key":"MawBank"},{"floor":9,"key":"Happy Flower"}],"event_choices":[{"event_name":"Transmorgrifier","player_choice":"Transform","floor":5,"damage_taken":0}],"is_beta":false,"boss_relics":[],"items_purged_floors":[3],"is_endless":false,"potions_floor_spawned":[2,4,10],"killed_by":"Gremlin Nob","ascension_level":18}