{"gold_per_floor":[113,133,147,161,179,179,212,224,251,329,39,39,59,59,59,132,132,103,103,103,103,103],"floor_reached":22,"playtime":840,"items_purged":["Strike_B"],"score":372,"play_id":"ebd62a44-7f00-4a6e-ad28-859b68dad6d2","local_time":"20190123190828","is_ascension_mode":true,"campfire_choices":[{"floor":6,"key":"REST"},{"floor":12,"key":"REST"},{"data":"Streamline","floor":15,"key":"SMITH"}],"neow_cost":"NONE","seed_source_timestamp":77422560447266,"circlet_count":0,"master_deck":["AscendersBane","Strike_B","Strike_B","Strike_B+1","Defend_B","Defend_B","Defend_B","Defend_B","Zap","Dualcast","Machine Learning","Rebound+1","Undo","Doom and Gloom","Rip and Tear","Conserve Battery","Reinforced Body","Leap","Capacitor","Streamline+1","Echo Form","Redo+1","Decay"],"relics":["Cracked Core","Blood Vial","Bronze Scales","Whetstone","Eternal Feather"],"potions_floor_usage":[5,16,20],"damage_taken":[{"damage":1,"enemies":"Cultist","floor":1,"turns":3},{"damage":9,"enemies":"Jaw Worm","floor":2,"turns":3},{"damage":7,"enemies":"Small Slimes","floor":3,"turns":3},{"damage":10,"enemies":"3 Louse","floor":4,"turns":4},{"damage":4,"enemies":"2 Fungi Beasts","floor":5,"turns":3},{"damage":31,"enemies":"3 Sentries","floor":7,"turns":7},{"damage":11,"enemies":"Exordium Wildlife","floor":8,"turns":4},{"damage":0,"enemies":"3 Louse","floor":13,"turns":2},{"damage":5,"enemies":"The Guardian","floor":16,"turns":10},{"damage":31,"enemies":"2 Thieves","floor":18,"turns":4},{"damage":16,"enemies":"Colosseum Slavers","floor":20,"turns":4},{"damage":22,"enemies":"3 Byrds","floor":22,"turns":2}],"seed_played":"2788544322785282033","potions_obtained":[{"floor":2,"key":"PowerPotion"},{"floor":4,"key":"Block Potion"},{"floor":7,"key":"Swift Potion"}],"is_trial":false,"path_per_floor":["M","?","$","?","?","?","?"],"character_chosen":"DEFECT","items_purchased":["Capacitor","Whetstone"],"campfire_rested":2,"item_purchase_floors":[11,11],"current_hp_per_floor":[63,54,47,37,33,54,23,14,14,14,14,35,37,37,37,34,62,33,33,19,19,0],"gold":103,"neow_bonus":"ONE_RANDOM_RARE_CARD","is_prod":false,"is_daily":false,"chose_seed":false,"campfire_upgraded":1,"win_rate":0,"timestamp":1548263308,"path_taken":["M","M","M","?","M","R","E","M","T","?","?","R","M","?","R","BOSS","M","?","?","?","M"],"build_version":"2019-01-23","purchased_purges":1,"victory":false,"max_hp_per_floor":[71,71,71,71,71,71,71,71,71,71,71,71,71,71,71,71,71,71,71,71,71,71],"card_choices":[{"not_picked":["Go for the Eyes","Redo"],"picked":"Rebound","floor":1},{"not_picked":["Aggregate","Rebound"],"picked":"Undo","floor":2},{"not_picked":["Blizzard","Go for the Eyes"],"picked":"Doom and Gloom","floor":3},{"not_picked":["Beam Cell","Hyperbeam"],"picked":"Rip and Tear","floor":4},{"not_picked":["Stack","Gash"],"picked":"Conserve Battery","floor":5},{"not_picked":["Coolheaded","Stack"],"picked":"Reinforced Body","floor":7},{"not_picked":["Turbo","Hologram"],"picked":"Leap","floor":8},{"not_picked":["Stack","Sweeping Beam"],"picked":"Streamline","floor":13},{"not_picked":["Reboot","Meteor Strike"],"picked":"Echo Form","floor":16},{"not_picked":["FTL","Hologram"],"picked":"Redo+1","floor":18}],"player_experience":1476240,"relics_obtained":[{"floor":7,"key":"Blood Vial"},{"floor":9,"key":"Bronze Scales"}],"event_choices":[{"damage_healed":0,"gold_gain":78,"player_choice":"Gained Gold","damage_taken":0,"max_hp_gain":0,"max_hp_loss":0,"event_name":"Golden Wing","floor":10,"gold_loss":0},{"damage_healed":0,"gold_gain":0,"player_choice":"Ignored","damage_taken":0,"max_hp_gain":0,"max_hp_loss":0,"event_name":"Liars Game","floor":14,"gold_loss":0},{"damage_healed":0,"gold_gain":0,"player_choice":"Smashed Altar","damage_taken":0,"max_hp_gain":0,"max_hp_loss":0,"event_name":"Forgotten Altar","floor":19,"gold_loss":0,"cards_obtained":["Decay"]},{"damage_healed":0,"gold_gain":0,"player_choice":"Fight","damage_taken":0,"max_hp_gain":0,"max_hp_loss":0,"event_name":"Colosseum","floor":20,"gold_loss":0},{"damage_healed":0,"gold_gain":0,"player_choice":"Fled From Nobs","damage_taken":0,"max_hp_gain":0,"max_hp_loss":0,"event_name":"Colosseum","floor":20,"gold_loss":0},{"damage_healed":0,"gold_gain":0,"player_choice":"Ignored","damage_taken":0,"max_hp_gain":0,"max_hp_loss":0,"event_name":"Cursed Tome","floor":21,"gold_loss":0}],"is_beta":false,"boss_relics":[{"not_picked":["Busted Crown","Fusion Hammer"],"picked":"Eternal Feather"}],"items_purged_floors":[11],"is_endless":false,"potions_floor_spawned":[2,4,7,20],"killed_by":"3 Byrds","ascension_level":20}