{"gold_per_floor":[14,27,46,61,74,74,100,100,152,162,196,196,215,225,225,297,297,275,325,342,342,257,257,291,291,291,216,229,263,276,308,308,383,383,396,23,23,36,51,51,85,85,115,133,148,158,158,208,208,208],"floor_reached":50,"playtime":2935,"items_purged":["Expertise"],"score":1119,"play_id":"297c5f67-9d01-4eec-a631-9d3c03fa0173","local_time":"20180929180930","is_ascension_mode":true,"campfire_choices":[{"data":"Poisoned Stab","floor":6,"key":"SMITH"},{"data":"Poisoned Stab","floor":8,"key":"SMITH"},{"data":"A Thousand Cuts","floor":12,"key":"SMITH"},{"floor":15,"key":"REST"},{"floor":23,"key":"REST"},{"floor":25,"key":"REST"},{"floor":32,"key":"REST"},{"floor":40,"key":"REST"},{"floor":42,"key":"REST"},{"floor":47,"key":"REST"},{"floor":49,"key":"REST"}],"neow_cost":"NO_GOLD","seed_source_timestamp":850604477682024,"circlet_count":0,"master_deck":["Survivor","Neutralize","AscendersBane","Corpse Explosion","Slice","Poisoned Stab+1","Poisoned Stab+1","Bouncing Flask","PiercingWail","Sucker Punch","Malaise","A Thousand Cuts+1","Cloak And Dagger","Backstab","Malaise","Sucker Punch+1","Quick Slash+1","Dash+1","Escape Plan","Infinite Blades","Backstab","PiercingWail","Distraction+1","Glass Knife","Outmaneuver","Backflip","Deadly Poison","Quick Slash","Dagger Spray","Cloak And Dagger","Blade Dance","Backflip","Dash+1","Choke","Cloak And Dagger+1","Blade Dance+1","A Thousand Cuts","Backstab","Backflip","PiercingWail+1","Quick Slash+1","Glass Knife"],"relics":["Ring of the Snake","Centennial Puzzle","Boot","Gremlin Horn","Fusion Hammer","MutagenicStrength","Bag of Marbles","Matryoshka","Mercury Hourglass","Prayer Wheel","Red Mask","Shuriken","Pandora\u0027s Box","Paper Crane","Darkstone Periapt","Strawberry","Tiny Chest","Torii"],"potions_floor_usage":[7,10,11,11,33,44,50,50],"damage_taken":[{"damage":2,"enemies":"Jaw Worm","floor":1,"turns":5},{"damage":2,"enemies":"2 Louse","floor":2,"turns":3},{"damage":6,"enemies":"Cultist","floor":3,"turns":4},{"damage":2,"enemies":"Red Slaver","floor":4,"turns":3},{"damage":8,"enemies":"Looter","floor":5,"turns":3},{"damage":2,"enemies":"Lagavulin","floor":7,"turns":7},{"damage":0,"enemies":"Gremlin Gang","floor":10,"turns":3},{"damage":16,"enemies":"3 Sentries","floor":11,"turns":8},{"damage":10,"enemies":"Large Slime","floor":13,"turns":5},{"damage":4,"enemies":"3 Louse","floor":14,"turns":3},{"damage":2,"enemies":"The Guardian","floor":16,"turns":10},{"damage":7,"enemies":"2 Thieves","floor":18,"turns":4},{"damage":14,"enemies":"Spheric Guardian","floor":20,"turns":4},{"damage":21,"enemies":"Gremlin Leader","floor":24,"turns":8},{"damage":9,"enemies":"Snake Plant","floor":28,"turns":3},{"damage":0,"enemies":"Masked Bandits","floor":29,"turns":3},{"damage":0,"enemies":"Centurion and Healer","floor":30,"turns":2},{"damage":0,"enemies":"Slavers","floor":31,"turns":4},{"damage":34,"enemies":"Automaton","floor":33,"turns":10},{"damage":0,"enemies":"3 Darklings","floor":35,"turns":1},{"damage":1,"enemies":"Orb Walker","floor":38,"turns":2},{"damage":5,"enemies":"Sphere and 2 Shapes","floor":39,"turns":7},{"damage":0,"enemies":"Nemesis","floor":41,"turns":4},{"damage":0,"enemies":"Reptomancer","floor":44,"turns":2},{"damage":30,"enemies":"Maw","floor":45,"turns":5},{"damage":25,"enemies":"Spire Growth","floor":46,"turns":5},{"damage":0,"enemies":"Mysterious Sphere","floor":48,"turns":2},{"damage":69,"enemies":"Awakened One","floor":50,"turns":10}],"seed_played":"8992412023969791412","potions_obtained":[{"floor":2,"key":"Explosive Potion"},{"floor":4,"key":"EssenceOfSteel"},{"floor":7,"key":"GhostInAJar"},{"floor":10,"key":"PowerPotion"},{"floor":18,"key":"SteroidPotion"},{"floor":28,"key":"Swift Potion"},{"floor":33,"key":"GamblersBrew"},{"floor":35,"key":"SkillPotion"},{"floor":41,"key":"Fruit Juice"},{"floor":45,"key":"Dexterity Potion"}],"is_trial":false,"path_per_floor":["M","M","M","M","M","R","E","R","T","M","E","R","M","M","R","B",null,"M","?","M","?","?","R","E","R","T","?","M","?","M","E","R","B",null,"M","$","?","M","M","R","E","R","T","M","M","M","R","?","R"],"character_chosen":"THE_SILENT","items_purchased":["Paper Crane"],"campfire_rested":8,"item_purchase_floors":[36],"current_hp_per_floor":[57,55,49,47,39,39,37,37,37,37,21,21,11,7,26,24,56,49,49,35,35,35,54,33,52,52,52,43,43,43,43,62,28,57,57,57,57,56,51,66,66,66,73,78,48,23,46,46,69,0],"gold":208,"neow_bonus":"THREE_RARE_CARDS","is_prod":false,"is_daily":false,"chose_seed":false,"campfire_upgraded":3,"win_rate":0,"timestamp":1538237370,"path_taken":["M","M","M","M","M","R","E","R","T","M","E","R","M","M","R","BOSS","M","?","?","?","?","R","E","R","T","?","M","?","M","E","R","BOSS","M","$","?","M","M","R","E","R","T","M","M","M","R","?","R","BOSS"],"build_version":"2018-09-27","purchased_purges":1,"victory":false,"max_hp_per_floor":[66,66,66,66,66,66,66,66,66,66,66,66,66,66,66,66,66,66,66,66,66,66,66,66,66,66,66,66,66,66,66,66,66,66,66,66,66,66,66,66,66,66,73,78,78,78,78,78,78,78],"card_choices":[{"not_picked":["Phantasmal Killer","Unload"],"picked":"Corpse Explosion","floor":0},{"not_picked":["Dodge and Roll","Choke"],"picked":"Slice","floor":1},{"not_picked":["Reflex","Slice"],"picked":"Poisoned Stab","floor":2},{"not_picked":["Tactician","Finisher"],"picked":"Poisoned Stab","floor":3},{"not_picked":["Prepared","Slice"],"picked":"Bouncing Flask","floor":4},{"not_picked":["Flying Knee","Concentrate"],"picked":"PiercingWail","floor":5},{"not_picked":["Riddle With Holes","Reflex"],"picked":"Sucker Punch","floor":7},{"not_picked":["Backflip","Prepared"],"picked":"Malaise","floor":10},{"not_picked":["Masterful Stab","Outmaneuver"],"picked":"A Thousand Cuts","floor":11},{"not_picked":["Dash","Blade Dance"],"picked":"Cloak And Dagger","floor":13},{"not_picked":["Deflect","Bouncing Flask"],"picked":"Backstab","floor":14},{"not_picked":["Unload","A Thousand Cuts"],"picked":"Malaise","floor":16},{"not_picked":["Acrobatics","Predator"],"picked":"Sucker Punch+1","floor":18},{"not_picked":["Calculated Gamble+1","Expertise+1"],"picked":"Quick Slash+1","floor":20},{"not_picked":["Choke","Flechettes"],"picked":"Dash+1","floor":24},{"not_picked":["Tactician","Flying Knee+1"],"picked":"Escape Plan","floor":28},{"not_picked":["Setup","Dodge and Roll"],"picked":"Infinite Blades","floor":28},{"not_picked":["Prepared","Blade Dance"],"picked":"Backstab","floor":29},{"not_picked":["Flying Knee","Sucker Punch"],"picked":"PiercingWail","floor":30},{"not_picked":["Accuracy","Dagger Spray","Grand Finale"],"picked":"SKIP","floor":30},{"not_picked":["Noxious Fumes","Dodge and Roll"],"picked":"Distraction+1","floor":31},{"not_picked":["Wraith Form v2","Bullet Time"],"picked":"Glass Knife","floor":33},{"not_picked":["Dagger Spray+1","Underhanded Strike"],"picked":"Backflip","floor":35},{"not_picked":["Bane","Noxious Fumes"],"picked":"Dash+1","floor":35},{"not_picked":["Terror","Prepared"],"picked":"Cloak And Dagger+1","floor":38},{"not_picked":["Blade Dance","Reflex+1","All Out Attack"],"picked":"SKIP","floor":38},{"not_picked":["Deadly Poison+1","Wraith Form v2"],"picked":"Blade Dance+1","floor":39},{"not_picked":["Choke","Prepared","Bane"],"picked":"SKIP","floor":39},{"not_picked":["Flying Knee","Finisher"],"picked":"A Thousand Cuts","floor":41},{"not_picked":["Dodge and Roll","Predator"],"picked":"Backstab","floor":44},{"not_picked":["Sucker Punch","Prepared"],"picked":"Backflip","floor":44},{"not_picked":["Underhanded Strike","Outmaneuver"],"picked":"PiercingWail+1","floor":45},{"not_picked":["Blade Dance","Noxious Fumes","Bane"],"picked":"SKIP","floor":45},{"not_picked":["Crippling Poison","Deflect"],"picked":"Quick Slash+1","floor":46},{"not_picked":["Cloak And Dagger","Underhanded Strike+1"],"picked":"Glass Knife","floor":46}],"player_experience":1289225,"relics_obtained":[{"floor":7,"key":"Centennial Puzzle"},{"floor":9,"key":"Boot"},{"floor":11,"key":"Gremlin Horn"},{"floor":24,"key":"Matryoshka"},{"floor":26,"key":"Mercury Hourglass"},{"floor":26,"key":"Prayer Wheel"},{"floor":29,"key":"Red Mask"},{"floor":31,"key":"Shuriken"},{"floor":41,"key":"Darkstone Periapt"},{"floor":43,"key":"Strawberry"},{"floor":43,"key":"Tiny Chest"},{"floor":48,"key":"Torii"}],"event_choices":[{"event_name":"Nest","player_choice":"Stole From Cult","floor":19,"damage_taken":0},{"event_name":"Drug Dealer","player_choice":"Inject Mutagens","floor":21,"damage_taken":0},{"event_name":"Addict","player_choice":"Obtained Relic","floor":22,"damage_taken":0},{"event_name":"Beggar","player_choice":"Gave Gold","floor":27,"damage_taken":0},{"event_name":"Masked Bandits","player_choice":"Fought Bandits","floor":29,"damage_taken":0},{"event_name":"Transmorgrifier","player_choice":"Transform","floor":37,"damage_taken":0},{"event_name":"Mysterious Sphere","player_choice":"Fight","floor":48,"damage_taken":0}],"is_beta":false,"boss_relics":[{"not_picked":["Empty Cage","Runic Pyramid"],"picked":"Fusion Hammer"},{"not_picked":["Philosopher\u0027s Stone","White Beast Statue"],"picked":"Pandora\u0027s Box"}],"items_purged_floors":[36],"is_endless":false,"potions_floor_spawned":[2,4,7,10,18,28,33,35,41,45],"killed_by":"Awakened One","ascension_level":18}