{"gold_per_floor":[116,135,135,210,1,1,26,26,26,45,59,84,84,97,97,187,187,205,745,770,785,785,785,829,829,829,862,876,899,922,960,960,960],"floor_reached":33,"playtime":1897,"items_purged":[],"score":659,"play_id":"2de40b09-1389-4e6c-aae4-df8024bbf571","local_time":"20181227190939","is_ascension_mode":true,"campfire_choices":[{"data":"Wraith Form v2","floor":6,"key":"SMITH"},{"data":"Corpse Explosion","floor":8,"key":"SMITH"},{"data":"Finisher","floor":15,"key":"SMITH"},{"floor":23,"key":"REST"},{"floor":25,"key":"REST"},{"floor":32,"key":"REST"}],"neow_cost":"NONE","seed_source_timestamp":242352646921635,"circlet_count":0,"master_deck":["AscendersBane","Defend_G","Defend_G","Defend_G+1","Defend_G","Defend_G+1","Strike_G","Strike_G","Strike_G","Strike_G","Survivor","Neutralize","Endless Agony","Terror+1","Wraith Form v2+1","Corpse Explosion+1","Skewer","Finisher+1","Endless Agony","Adrenaline","Acrobatics+1","Backflip+1","Crippling Poison","PiercingWail","Wraith Form v2"],"relics":["Ring of the Snake","Lantern","War Paint","Omamori","Sundial","Golden Idol","Fusion Hammer","The Specimen","Matryoshka","Shuriken","Molten Egg 2"],"potions_floor_usage":[7,11,27,28,31,33],"damage_taken":[{"damage":1,"enemies":"2 Louse","floor":1,"turns":4},{"damage":2,"enemies":"Jaw Worm","floor":2,"turns":4},{"damage":2,"enemies":"Gremlin Nob","floor":7,"turns":4},{"damage":0,"enemies":"Cultist","floor":10,"turns":3},{"damage":1,"enemies":"Exordium Thugs","floor":11,"turns":4},{"damage":9,"enemies":"Lagavulin","floor":12,"turns":6},{"damage":3,"enemies":"2 Fungi Beasts","floor":14,"turns":3},{"damage":19,"enemies":"Slime Boss","floor":16,"turns":7},{"damage":0,"enemies":"2 Thieves","floor":18,"turns":3},{"damage":1,"enemies":"Spheric Guardian","floor":20,"turns":4},{"damage":0,"enemies":"Centurion and Healer","floor":21,"turns":3},{"damage":5,"enemies":"Gremlin Leader","floor":24,"turns":9},{"damage":23,"enemies":"Book of Stabbing","floor":27,"turns":7},{"damage":9,"enemies":"Cultist and Chosen","floor":28,"turns":4},{"damage":3,"enemies":"Snake Plant","floor":29,"turns":3},{"damage":0,"enemies":"Centurion and Healer","floor":30,"turns":4},{"damage":9,"enemies":"Gremlin Leader","floor":31,"turns":7},{"damage":31,"enemies":"Automaton","floor":33,"turns":10}],"seed_played":"-7346745325100491058","potions_obtained":[{"floor":1,"key":"AttackPotion"},{"floor":10,"key":"Regen Potion"},{"floor":11,"key":"Weak Potion"},{"floor":28,"key":"Swift Potion"},{"floor":30,"key":"AttackPotion"}],"is_trial":false,"path_per_floor":["M","M","?","?","$","R","E","R","T","M","M","E","?","M","R","B",null,"M","?","M","M","?","R","E","R","T","E","M","M","M","E","R","B"],"character_chosen":"THE_SILENT","items_purchased":["Wraith Form v2","Poison Potion"],"campfire_rested":3,"item_purchase_floors":[5,5],"current_hp_per_floor":[58,56,56,45,45,45,43,43,43,43,56,47,47,44,44,25,56,56,14,13,13,13,32,27,46,46,23,14,11,11,2,21,0],"gold":960,"neow_bonus":"RANDOM_COMMON_RELIC","is_prod":false,"is_daily":false,"chose_seed":false,"campfire_upgraded":3,"win_rate":0,"timestamp":1545934179,"path_taken":["M","M","?","?","?","R","E","R","T","?","M","E","?","M","R","BOSS","M","?","?","M","?","R","E","R","T","E","M","?","M","E","R","BOSS"],"build_version":"2018-12-20","purchased_purges":0,"victory":false,"max_hp_per_floor":[66,66,66,66,66,66,66,66,66,66,66,66,66,66,66,66,66,66,66,66,66,66,66,66,66,66,66,66,66,66,66,66,66],"card_choices":[{"not_picked":["Dagger Throw","Flying Knee"],"picked":"Endless Agony","floor":1},{"not_picked":["Outmaneuver","Riddle With Holes"],"picked":"Terror","floor":2},{"not_picked":["Terror","Dodge and Roll"],"picked":"Corpse Explosion","floor":7},{"not_picked":["Dagger Spray","Deflect"],"picked":"Skewer","floor":10},{"not_picked":["Dagger Throw","Accuracy"],"picked":"Finisher","floor":11},{"not_picked":["Dash","Calculated Gamble"],"picked":"Endless Agony","floor":12},{"not_picked":["Concentrate","Expertise","Prepared"],"picked":"SKIP","floor":14},{"not_picked":["Concentrate","Expertise","Prepared"],"picked":"SKIP","floor":14},{"not_picked":["Doppelganger","Tools of the Trade"],"picked":"Adrenaline","floor":16},{"not_picked":["Underhanded Strike+1","Slice"],"picked":"Acrobatics+1","floor":18},{"not_picked":["Bane+1","Cloak And Dagger","Outmaneuver"],"picked":"SKIP","floor":20},{"not_picked":["Poisoned Stab","Leg Sweep"],"picked":"Backflip+1","floor":21},{"not_picked":["Skewer","Heel Hook"],"picked":"Crippling Poison","floor":24},{"not_picked":["Reflex","Acrobatics"],"picked":"PiercingWail","floor":27},{"not_picked":["Choke","Deflect","Dagger Spray"],"picked":"SKIP","floor":28},{"not_picked":["Flechettes","Backflip"],"picked":"Wraith Form v2","floor":29},{"not_picked":["Dagger Throw","Prepared","Poisoned Stab"],"picked":"SKIP","floor":30},{"not_picked":["Leg Sweep","Eviscerate","Bouncing Flask"],"picked":"SKIP","floor":31}],"player_experience":1743301,"relics_obtained":[{"floor":7,"key":"War Paint"},{"floor":9,"key":"Omamori"},{"floor":12,"key":"Sundial"},{"floor":24,"key":"The Specimen"},{"floor":26,"key":"Matryoshka"},{"floor":27,"key":"Shuriken"},{"floor":31,"key":"Molten Egg 2"}],"event_choices":[{"damage_healed":0,"gold_gain":0,"player_choice":"Grow","damage_taken":0,"max_hp_gain":0,"max_hp_loss":0,"event_name":"Living Wall","floor":3,"gold_loss":0,"cards_upgraded":["Terror"]},{"damage_healed":0,"gold_gain":75,"player_choice":"Gather Gold","damage_taken":11,"max_hp_gain":0,"max_hp_loss":0,"event_name":"World of Goop","floor":4,"gold_loss":0},{"damage_healed":0,"gold_gain":0,"player_choice":"Take Wound","damage_taken":0,"relics_obtained":["Golden Idol"],"max_hp_gain":0,"max_hp_loss":0,"event_name":"Golden Idol","floor":13,"gold_loss":0,"cards_obtained":["Injury"]},{"damage_healed":0,"gold_gain":540,"player_choice":"GOLD GOLD GOLD GOLD GOLD GOLD ","damage_taken":42,"max_hp_gain":0,"max_hp_loss":0,"event_name":"Knowing Skull","floor":19,"potions_obtained":[],"gold_loss":0,"cards_obtained":[]},{"cards_removed":["Strike_G"],"damage_healed":0,"gold_gain":0,"player_choice":"Purged","damage_taken":0,"max_hp_gain":0,"max_hp_loss":0,"event_name":"Purifier","floor":22,"gold_loss":0}],"is_beta":false,"boss_relics":[{"not_picked":["Velvet Choker","Orrery"],"picked":"Fusion Hammer"}],"items_purged_floors":[],"is_endless":false,"potions_floor_spawned":[1,10,11,12,20,21,28,30],"killed_by":"Automaton","ascension_level":20}