{"gold_per_floor":[118,118,138,153,173,202,202,229,229,209],"floor_reached":10,"playtime":362,"items_purged":[],"score":156,"play_id":"3bd19b0a-0d18-4dd1-bd84-d226c88c3e65","local_time":"20190225205646","is_ascension_mode":true,"campfire_choices":[{"data":"Noxious Fumes","floor":7,"key":"SMITH"}],"neow_cost":"NONE","seed_source_timestamp":775555569050659,"circlet_count":0,"master_deck":["AscendersBane","Defend_G","Defend_G","Defend_G","Defend_G","Defend_G","Strike_G","Strike_G","Strike_G","Strike_G","Strike_G","Survivor","Neutralize","Terror","Dagger Throw","Infinite Blades","Noxious Fumes+1"],"relics":["Ring of the Snake","NeowsBlessing","Ancient Tea Set","Mummified Hand","Nunchaku","Girya"],"potions_floor_usage":[6,6],"damage_taken":[{"damage":0,"enemies":"Cultist","floor":1,"turns":1},{"damage":0,"enemies":"2 Louse","floor":3,"turns":1},{"damage":0,"enemies":"Jaw Worm","floor":4,"turns":1},{"damage":3,"enemies":"Looter","floor":5,"turns":4},{"damage":42,"enemies":"3 Sentries","floor":6,"turns":10},{"damage":17,"enemies":"Lagavulin","floor":8,"turns":7},{"damage":13,"enemies":"Exordium Thugs","floor":10,"turns":1}],"seed_played":"-2922756619029160430","potions_obtained":[{"floor":4,"key":"Poison Potion"},{"floor":5,"key":"Regen Potion"}],"is_trial":false,"path_per_floor":["M","?","M","M","M","E","R","E","T","M"],"character_chosen":"THE_SILENT","items_purchased":[],"campfire_rested":0,"item_purchase_floors":[],"current_hp_per_floor":[59,59,59,59,56,29,29,12,12,0],"gold":209,"neow_bonus":"THREE_ENEMY_KILL","is_prod":false,"is_daily":false,"chose_seed":false,"campfire_upgraded":1,"win_rate":0,"timestamp":1551124606,"path_taken":["M","?","?","?","M","E","R","E","T","M"],"build_version":"2019-01-23","purchased_purges":0,"victory":false,"max_hp_per_floor":[66,66,66,66,66,66,66,66,66,66],"card_choices":[{"not_picked":["Deflect","PiercingWail"],"picked":"Cloak And Dagger","floor":1},{"not_picked":["Sucker Punch","Endless Agony"],"picked":"Terror","floor":3},{"not_picked":["Cloak And Dagger","Eviscerate"],"picked":"Dagger Throw","floor":4},{"not_picked":["Outmaneuver","Accuracy"],"picked":"Infinite Blades","floor":5},{"not_picked":["Dagger Spray","Bane"],"picked":"Noxious Fumes","floor":6},{"not_picked":["Phantasmal Killer","Flying Knee","Deflect"],"picked":"SKIP","floor":8}],"player_experience":1932507,"relics_obtained":[{"floor":6,"key":"Mummified Hand"},{"floor":8,"key":"Nunchaku"},{"floor":9,"key":"Girya"}],"event_choices":[{"cards_removed":["Cloak And Dagger"],"damage_healed":0,"gold_gain":0,"player_choice":"Gave Card","damage_taken":0,"relics_obtained":["Ancient Tea Set"],"max_hp_gain":0,"max_hp_loss":0,"event_name":"WeMeetAgain","floor":2,"gold_loss":0}],"is_beta":false,"boss_relics":[],"items_purged_floors":[],"is_endless":false,"potions_floor_spawned":[4,5],"killed_by":"Exordium Thugs","ascension_level":20}