{"gold_per_floor":[119,137,58,0,19,19,51,51,130,163,163,163,182,182,182,283,283,295,308,318,318,228,228,260,272,272,272,292,292,87,87,87,87],"floor_reached":33,"playtime":1579,"items_purged":["Strike_B","Strike_B"],"score":328,"play_id":"0f19f977-9a84-4465-91cf-e95ab5630da5","local_time":"20190210230815","is_ascension_mode":true,"campfire_choices":[{"data":"Zap","floor":6.0,"key":"SMITH"},{"data":"Ball Lightning","floor":8.0,"key":"SMITH"},{"data":"Buffer","floor":12.0,"key":"SMITH"},{"data":"Ball Lightning","floor":15.0,"key":"SMITH"},{"data":"Consume","floor":23.0,"key":"SMITH"},{"floor":27.0,"key":"REST"},{"data":"White Noise","floor":29,"key":"SMITH"},{"floor":32,"key":"REST"}],"neow_cost":"NONE","seed_source_timestamp":430795953245700,"circlet_count":0,"master_deck":["Strike_B","Strike_B","Defend_B","Defend_B+1","Defend_B","Defend_B","Zap+1","Dualcast","Buffer+1","Ball Lightning+1","Consume+1","Self Repair","Hologram+1","Leap","Ball Lightning+1","Thunder Strike","Undo","Coolheaded+1","Tempest+1","Capacitor","White Noise+1","Loop","Defragment","FTL","Cold Snap","Writhe"],"special_seed":0,"relics":["Cracked Core","Ancient Tea Set","Smiling Mask","Singing Bowl","Bottled Tornado","Sozu","Lantern","DataDisk","Happy Flower"],"potions_floor_usage":[],"damage_taken":[{"damage":7.0,"enemies":"Small Slimes","floor":1.0,"turns":3.0},{"damage":0.0,"enemies":"Cultist","floor":2.0,"turns":4.0},{"damage":2.0,"enemies":"2 Louse","floor":5.0,"turns":2.0},{"damage":16.0,"enemies":"Lagavulin","floor":7.0,"turns":7.0},{"damage":28.0,"enemies":"3 Sentries","floor":10.0,"turns":6.0},{"damage":0.0,"enemies":"2 Fungi Beasts","floor":13.0,"turns":3.0},{"damage":27.0,"enemies":"The Guardian","floor":16.0,"turns":11.0},{"damage":0.0,"enemies":"Shell Parasite","floor":18.0,"turns":4.0},{"damage":0.0,"enemies":"Chosen","floor":19.0,"turns":3.0},{"damage":0.0,"enemies":"Centurion and Healer","floor":20.0,"turns":7.0},{"damage":41.0,"enemies":"Gremlin Leader","floor":24.0,"turns":6.0},{"damage":40.0,"enemies":"Shelled Parasite and Fungi","floor":25.0,"turns":4.0},{"damage":22.0,"enemies":"Cultist and Chosen","floor":28.0,"turns":6.0},{"damage":62,"enemies":"Automaton","floor":33,"turns":6}],"seed_played":"5890632064577960790","potions_obtained":[{"floor":2.0,"key":"EssenceOfSteel"},{"floor":5.0,"key":"SteroidPotion"},{"floor":16.0,"key":"AttackPotion"}],"is_trial":false,"path_per_floor":["M","M","$","?","M","R","E","R","T","E","?","R","M","?","R","B",null,"M","M","M","?","$","R","E","M","T","R","M","R","$","?","R","B"],"character_chosen":"DEFECT","items_purchased":["Self Repair","Capacitor","Defragment","FTL","Cold Snap"],"campfire_rested":2,"item_purchase_floors":[3,22,30,30,30],"current_hp_per_floor":[68,68,68,68,66,66,57,57,57,38,23,23,30,55,55,35,77,77,77,77,77,77,77,43,12,12,35,20,20,20,20,43,0],"gold":87,"neow_bonus":"ONE_RANDOM_RARE_CARD","is_prod":false,"is_daily":false,"chose_seed":false,"campfire_upgraded":6,"win_rate":0,"timestamp":1549858095,"path_taken":["M","M","$","?","?","R","E","R","T","E","?","R","M","?","R","BOSS","M","M","M","?","$","R","E","M","T","R","M","R","$","?","R","BOSS"],"build_version":"2019-01-23","purchased_purges":2,"victory":false,"max_hp_per_floor":[75,75,75,75,75,75,75,75,75,77,77,77,77,77,77,77,77,77,77,77,77,77,77,77,79,79,79,79,79,79,79,79,79],"card_choices":[{"not_picked":["Cold Snap","Turbo"],"picked":"Ball Lightning","floor":1.0},{"not_picked":["Darkness","Gash"],"picked":"Consume","floor":2.0},{"not_picked":["Rebound","Undo"],"picked":"Hologram","floor":5.0},{"not_picked":["Redo","Barrage"],"picked":"Leap","floor":7.0},{"not_picked":["Beam Cell","Heatsinks","Steam"],"picked":"Singing Bowl","floor":10.0},{"not_picked":["Hyperbeam","Static Discharge"],"picked":"Ball Lightning","floor":13.0},{"not_picked":["All For One","Hyperbeam"],"picked":"Thunder Strike","floor":16.0},{"not_picked":["Gash","Stack"],"picked":"Undo","floor":18.0},{"not_picked":["Fusion","Leap"],"picked":"Coolheaded+1","floor":19.0},{"not_picked":["Chill","Hologram"],"picked":"Tempest+1","floor":20.0},{"not_picked":["Hologram","Turbo"],"picked":"White Noise","floor":24.0},{"not_picked":["Scrape","Undo","Recycle"],"picked":"Singing Bowl","floor":25.0},{"not_picked":["FTL","Leap"],"picked":"Loop","floor":28}],"player_experience":207092,"relics_obtained":[{"floor":7.0,"key":"Smiling Mask"},{"floor":9.0,"key":"Singing Bowl"},{"floor":10.0,"key":"Bottled Tornado"},{"floor":24.0,"key":"Lantern"},{"floor":26.0,"key":"DataDisk"}],"event_choices":[{"damage_healed":0.0,"max_hp_gain":0.0,"max_hp_loss":0.0,"gold_gain":0.0,"event_name":"WeMeetAgain","player_choice":"Paid Gold","floor":4.0,"gold_loss":58.0,"damage_taken":0.0,"relics_obtained":["Ancient Tea Set"]},{"damage_healed":0.0,"max_hp_gain":0.0,"max_hp_loss":0.0,"gold_gain":0.0,"event_name":"Shining Light","player_choice":"Entered Light","floor":11.0,"gold_loss":0.0,"damage_taken":15.0,"cards_upgraded":["Defend_B","Hologram"]},{"damage_healed":25.0,"max_hp_gain":0.0,"max_hp_loss":0.0,"gold_gain":0.0,"event_name":"Big Fish","player_choice":"Banana","floor":14.0,"gold_loss":0.0,"damage_taken":0.0},{"damage_healed":0.0,"max_hp_gain":0.0,"max_hp_loss":0.0,"gold_gain":0.0,"event_name":"Ghosts","player_choice":"Ignored","floor":21.0,"gold_loss":0.0,"damage_taken":0.0},{"damage_healed":0,"gold_gain":0,"player_choice":"Opened","damage_taken":0,"relics_obtained":["Happy Flower"],"max_hp_gain":0,"max_hp_loss":0,"event_name":"The Mausoleum","floor":31,"gold_loss":0,"cards_obtained":["Writhe"]}],"is_beta":false,"boss_relics":[{"not_picked":["Calling Bell","Philosopher\u0027s Stone"],"picked":"Sozu"}],"items_purged_floors":[22,30],"is_endless":false,"potions_floor_spawned":[2,5,16,28],"killed_by":"Automaton","ascension_level":4}