{"gold_per_floor":[110,124,124,274,292,292,332,332,383,14,30,68,13,13,13,102,102,118,118,134,4,20,20,53,68,68,68,83,107,107],"floor_reached":30,"playtime":1478,"items_purged":["Doubt"],"score":520,"play_id":"67eee35e-7353-4d75-9afe-d59acceefab9","local_time":"20181220233250","is_ascension_mode":true,"campfire_choices":[{"data":"Uppercut","floor":6.0,"key":"SMITH"},{"floor":8.0,"key":"REST"},{"data":"Spot Weakness","floor":15.0,"key":"SMITH"},{"data":"Twin Strike","floor":23,"key":"SMITH"},{"data":"Disarm","floor":27,"key":"SMITH"}],"neow_cost":"TEN_PERCENT_HP_LOSS","seed_source_timestamp":0,"circlet_count":0,"master_deck":["AscendersBane","Strike_R","Strike_R","Strike_R","Strike_R","Strike_R","Defend_R+1","Defend_R","Defend_R","Defend_R","Bash","Demon Form+1","Uppercut+1","Spot Weakness+1","Twin Strike+1","Shockwave","Ghostly Armor","Ghostly Armor","Reaper","Writhe","Warcry+1","Dropkick","Disarm+1","Shrug It Off"],"special_seed":0,"relics":["Burning Blood","Golden Idol","Blood Vial","Happy Flower","Orichalcum","Omamori","Oddly Smooth Stone","Calling Bell","Paper Frog","Champion Belt","Anchor","StoneCalendar","Red Skull","Centennial Puzzle"],"potions_floor_usage":[30,30],"damage_taken":[{"damage":7.0,"enemies":"Small Slimes","floor":1.0,"turns":4.0},{"damage":0.0,"enemies":"2 Louse","floor":2.0,"turns":3.0},{"damage":19.0,"enemies":"Jaw Worm","floor":5.0,"turns":4.0},{"damage":30.0,"enemies":"3 Sentries","floor":7.0,"turns":7.0},{"damage":0.0,"enemies":"Lots of Slimes","floor":11.0,"turns":2.0},{"damage":10.0,"enemies":"Lagavulin","floor":12.0,"turns":6.0},{"damage":5.0,"enemies":"Hexaghost","floor":16.0,"turns":8.0},{"damage":25.0,"enemies":"Shell Parasite","floor":18.0,"turns":7.0},{"damage":19.0,"enemies":"Chosen","floor":20.0,"turns":7.0},{"damage":21.0,"enemies":"Snecko","floor":22.0,"turns":6.0},{"damage":43,"enemies":"Gremlin Leader","floor":24,"turns":7},{"damage":27,"enemies":"Shelled Parasite and Fungi","floor":25,"turns":4},{"damage":15,"enemies":"Cultist and Chosen","floor":28,"turns":7},{"damage":15,"enemies":"Snake Plant","floor":29,"turns":8},{"damage":15,"enemies":"Book of Stabbing","floor":30,"turns":2}],"seed_played":"2867835459408077374","potions_obtained":[{"floor":2.0,"key":"Ancient Potion"},{"floor":5.0,"key":"PowerPotion"},{"floor":7.0,"key":"Explosive Potion"},{"floor":18.0,"key":"Strength Potion"},{"floor":22.0,"key":"Strength Potion"}],"is_trial":false,"path_per_floor":["M","M","?","?","M","R","E","R","T","$","M","E","$","?","R","B",null,"M","?","M","$","M","R","E","M","T","R","M","M","E"],"character_chosen":"IRONCLAD","items_purchased":["Orichalcum","Omamori","Ghostly Armor","SkillPotion","Poison Potion"],"campfire_rested":1,"item_purchase_floors":[10,10,10,13,21],"current_hp_per_floor":[67,68,45,45,32,32,8,28,28,28,36,34,34,14,14,17,55,60,60,49,49,59,59,24,24,24,24,17,10,0],"gold":107,"neow_bonus":"THREE_RARE_CARDS","is_prod":false,"is_daily":false,"chose_seed":false,"campfire_upgraded":4,"win_rate":0,"timestamp":1545345170,"path_taken":["M","M","?","?","M","R","E","R","T","$","M","E","$","?","R","BOSS","M","?","M","$","M","R","E","M","T","R","M","?","E"],"build_version":"2018-12-13","purchased_purges":1,"victory":false,"max_hp_per_floor":[68,68,68,68,68,68,68,68,68,68,68,68,68,68,68,68,68,68,68,68,68,68,68,68,68,68,68,68,68,68],"card_choices":[{"not_picked":["Double Tap","Dark Embrace"],"picked":"Demon Form","floor":0.0},{"not_picked":["Anger","Heavy Blade"],"picked":"Uppercut","floor":1.0},{"not_picked":["Combust","Warcry"],"picked":"Spot Weakness","floor":2.0},{"not_picked":["Armaments","Wild Strike"],"picked":"Twin Strike","floor":5.0},{"not_picked":["Clash","Uppercut"],"picked":"Shockwave","floor":7.0},{"not_picked":["Uppercut","Body Slam","Sever Soul"],"picked":"SKIP","floor":11.0},{"not_picked":["Blood for Blood","True Grit"],"picked":"Ghostly Armor","floor":12.0},{"not_picked":["Fiend Fire","Brutality"],"picked":"Reaper","floor":16.0},{"not_picked":["Thunderclap","Hemokinesis","Twin Strike"],"picked":"SKIP","floor":18.0},{"not_picked":["Body Slam","Headbutt"],"picked":"Warcry+1","floor":20.0},{"not_picked":["Clash","Inflame","Carnage"],"picked":"SKIP","floor":22.0},{"not_picked":["Barricade","Rage"],"picked":"Dropkick","floor":24},{"not_picked":["Flex+1","Twin Strike"],"picked":"Disarm","floor":25},{"not_picked":["Intimidate","Second Wind","Iron Wave"],"picked":"SKIP","floor":28},{"not_picked":["Intimidate","Anger"],"picked":"Shrug It Off","floor":29}],"player_experience":1679464,"relics_obtained":[{"floor":7.0,"key":"Blood Vial"},{"floor":9.0,"key":"Happy Flower"},{"floor":12.0,"key":"Oddly Smooth Stone"},{"floor":17.0,"key":"Paper Frog"},{"floor":17.0,"key":"Champion Belt"},{"floor":17.0,"key":"Anchor"},{"floor":24,"key":"Red Skull"},{"floor":26,"key":"Centennial Puzzle"}],"event_choices":[{"damage_healed":0.0,"max_hp_gain":0.0,"max_hp_loss":0.0,"gold_gain":0.0,"event_name":"Golden Idol","player_choice":"Take Damage","floor":3.0,"gold_loss":0.0,"damage_taken":23.0,"relics_obtained":["Golden Idol"]},{"damage_healed":0.0,"max_hp_gain":0.0,"max_hp_loss":0.0,"gold_gain":150.0,"event_name":"Liars Game","player_choice":"AGREE","floor":4.0,"gold_loss":0.0,"damage_taken":0.0,"cards_obtained":["Doubt"]},{"damage_healed":0.0,"max_hp_gain":0.0,"max_hp_loss":0.0,"gold_gain":0.0,"event_name":"Shining Light","player_choice":"Entered Light","floor":14.0,"gold_loss":0.0,"damage_taken":20.0,"cards_upgraded":["Demon Form","Defend_R"]},{"damage_healed":0.0,"max_hp_gain":0.0,"max_hp_loss":0.0,"gold_gain":0.0,"event_name":"WeMeetAgain","player_choice":"Gave Potion","floor":19.0,"gold_loss":0.0,"damage_taken":0.0,"relics_obtained":["StoneCalendar"]}],"is_beta":false,"boss_relics":[{"not_picked":["Ectoplasm","Philosopher\u0027s Stone"],"picked":"Calling Bell"}],"items_purged_floors":[21],"is_endless":false,"potions_floor_spawned":[2,5,7,16,18,22,28],"killed_by":"Book of Stabbing","ascension_level":20}