{"gold_per_floor":[118,129,141,152,169,169,184,211,283,309,324,324,342,45,45,147,147,165,183,73,87,105,105,131,131,181,199,199,199,199,212,212,212],"floor_reached":33,"playtime":7018,"items_purged":["Strike_G"],"score":368,"play_id":"3b21782e-55e5-43e1-84d4-27b77df0792c","local_time":"20190212211439","is_ascension_mode":true,"campfire_choices":[{"data":"Dagger Spray","floor":6.0,"key":"SMITH"},{"floor":12.0,"key":"REST"},{"floor":15.0,"key":"REST"},{"floor":23.0,"key":"REST"},{"data":"Noxious Fumes","floor":30,"key":"SMITH"},{"floor":32,"key":"REST"}],"neow_cost":"NONE","seed_source_timestamp":591048954052300,"circlet_count":0,"master_deck":["Defend_G","Defend_G","Defend_G","Defend_G","Defend_G","Strike_G","Strike_G","Strike_G","Strike_G","Survivor","Neutralize+1","Leg Sweep","Dagger Spray+1","Crippling Poison","Cloak And Dagger","A Thousand Cuts","Flechettes+1","PiercingWail","Heel Hook+1","Noxious Fumes+1","Dagger Throw+1","Night Terror","Sucker Punch+1","Footwork","Dodge and Roll","Bullet Time","Escape Plan","PiercingWail"],"special_seed":0,"relics":["Ring of the Snake","Anchor","Molten Egg 2","Sundial","TwistedFunnel","White Beast Statue","Torii","Bag of Preparation","Mummified Hand","Orichalcum"],"potions_floor_usage":[27,33],"damage_taken":[{"damage":0.0,"enemies":"Cultist","floor":1.0,"turns":4.0},{"damage":0.0,"enemies":"2 Louse","floor":2.0,"turns":3.0},{"damage":5.0,"enemies":"Jaw Worm","floor":3.0,"turns":4.0},{"damage":17.0,"enemies":"Large Slime","floor":4.0,"turns":12.0},{"damage":0.0,"enemies":"Exordium Wildlife","floor":5.0,"turns":3.0},{"damage":0.0,"enemies":"Looter","floor":7.0,"turns":4.0},{"damage":9.0,"enemies":"Lagavulin","floor":8.0,"turns":8.0},{"damage":47.0,"enemies":"Gremlin Nob","floor":10.0,"turns":6.0},{"damage":4.0,"enemies":"Blue Slaver","floor":11.0,"turns":4.0},{"damage":14.0,"enemies":"Exordium Thugs","floor":13.0,"turns":6.0},{"damage":19.0,"enemies":"The Guardian","floor":16.0,"turns":12.0},{"damage":10.0,"enemies":"3 Byrds","floor":18.0,"turns":4.0},{"damage":9.0,"enemies":"2 Thieves","floor":19.0,"turns":3.0},{"damage":15.0,"enemies":"Snake Plant","floor":21.0,"turns":6.0},{"damage":20.0,"enemies":"Chosen and Byrds","floor":22.0,"turns":7.0},{"damage":9.0,"enemies":"Slavers","floor":24.0,"turns":4.0},{"damage":1,"enemies":"Cultist and Chosen","floor":27,"turns":8},{"damage":12,"enemies":"3 Cultists","floor":31,"turns":5},{"damage":67,"enemies":"Automaton","floor":33,"turns":6}],"seed_played":"4975090023837384062","potions_obtained":[{"floor":3.0,"key":"GhostInAJar"},{"floor":5.0,"key":"Regen Potion"},{"floor":8.0,"key":"Fruit Juice"},{"floor":10.0,"key":"EssenceOfSteel"},{"floor":13.0,"key":"Dexterity Potion"},{"floor":16.0,"key":"SteroidPotion"},{"floor":18.0,"key":"SpeedPotion"},{"floor":19.0,"key":"Strength Potion"},{"floor":21.0,"key":"PowerPotion"},{"floor":22.0,"key":"SpeedPotion"},{"floor":24.0,"key":"Ancient Potion"},{"floor":27,"key":"LiquidBronze"},{"floor":31,"key":"Fire Potion"}],"is_trial":false,"path_per_floor":["M","M","M","M","M","R","M","E","T","E","M","R","M","$","R","B",null,"M","M","$","M","M","R","E","?","T","M","T","?","R","M","R","B"],"character_chosen":"THE_SILENT","items_purchased":["Noxious Fumes","TwistedFunnel","Dagger Throw+1","Footwork"],"campfire_rested":4,"item_purchase_floors":[14,14,14,20],"current_hp_per_floor":[63,63,58,41,41,41,41,47,47,5,1,23,9,9,31,12,59,49,40,40,25,5,27,18,43,43,42,42,42,42,30,52,0],"gold":212,"neow_bonus":"UPGRADE_CARD","is_prod":false,"is_daily":false,"chose_seed":false,"campfire_upgraded":2,"win_rate":0,"timestamp":1550024079,"path_taken":["M","M","M","M","?","R","M","E","T","E","M","R","M","$","R","BOSS","M","M","$","M","M","R","E","?","T","M","?","?","R","?","R","BOSS"],"build_version":"2019-01-23","purchased_purges":1,"victory":false,"max_hp_per_floor":[70,70,70,70,70,70,70,70,70,75,75,75,75,75,75,75,75,75,75,75,75,75,75,75,75,75,75,75,75,75,75,75,75],"card_choices":[{"not_picked":["Flying Knee","Blade Dance"],"picked":"Leg Sweep","floor":1.0},{"not_picked":["Dodge and Roll","Backflip"],"picked":"Dagger Spray","floor":2.0},{"not_picked":["Bane","Sucker Punch"],"picked":"Crippling Poison","floor":3.0},{"not_picked":["Reflex","Choke"],"picked":"Cloak And Dagger","floor":4.0},{"not_picked":["Flying Knee","Endless Agony","Concentrate"],"picked":"SKIP","floor":5.0},{"not_picked":["Dagger Throw","Quick Slash"],"picked":"A Thousand Cuts","floor":7.0},{"not_picked":["Tactician","Dagger Spray","Cloak And Dagger"],"picked":"SKIP","floor":8.0},{"not_picked":["Riddle With Holes+1","Tactician"],"picked":"Flechettes+1","floor":10.0},{"not_picked":["Acrobatics","Deflect"],"picked":"PiercingWail","floor":11.0},{"not_picked":["Escape Plan","Deflect"],"picked":"Heel Hook+1","floor":13.0},{"not_picked":["Phantasmal Killer","A Thousand Cuts"],"picked":"Night Terror","floor":16.0},{"not_picked":["Prepared","Slice+1","Dagger Spray+1"],"picked":"SKIP","floor":18.0},{"not_picked":["Distraction","Blade Dance+1"],"picked":"Sucker Punch+1","floor":19.0},{"not_picked":["Bane+1","Deadly Poison"],"picked":"Dodge and Roll","floor":21.0},{"not_picked":["Concentrate","Acrobatics"],"picked":"Bullet Time","floor":22.0},{"not_picked":["Backflip","Choke+1"],"picked":"Escape Plan","floor":24.0},{"not_picked":["Accuracy","Dagger Throw+1","Slice+1"],"picked":"SKIP","floor":27},{"not_picked":["Setup","Dagger Spray+1"],"picked":"PiercingWail","floor":31}],"player_experience":221046,"relics_obtained":[{"floor":8.0,"key":"Anchor"},{"floor":9.0,"key":"Molten Egg 2"},{"floor":10.0,"key":"Sundial"},{"floor":24.0,"key":"Torii"},{"floor":26.0,"key":"Bag of Preparation"},{"floor":28,"key":"Mummified Hand"}],"event_choices":[{"damage_healed":25.0,"max_hp_gain":0.0,"max_hp_loss":0.0,"gold_gain":0.0,"event_name":"The Library","player_choice":"Heal","floor":25.0,"gold_loss":0.0,"damage_taken":0.0},{"damage_healed":0,"gold_gain":0,"player_choice":"Opened","damage_taken":0,"relics_obtained":["Orichalcum"],"max_hp_gain":0,"max_hp_loss":0,"event_name":"The Mausoleum","floor":29,"gold_loss":0}],"is_beta":false,"boss_relics":[{"not_picked":["Calling Bell","Cursed Key"],"picked":"White Beast Statue"}],"items_purged_floors":[20],"is_endless":false,"potions_floor_spawned":[3,5,8,10,13,16,18,19,21,22,24,27,31],"killed_by":"Automaton","ascension_level":6}