{"gold_per_floor":[17,28,44,107,107,437,437,464,464,464,464,489,489,513,513,513],"floor_reached":16,"playtime":641,"items_purged":[],"score":220,"play_id":"50fa9480-5380-4e51-a2c6-478052e6a199","local_time":"20190102145555","is_ascension_mode":true,"campfire_choices":[{"data":"Bash","floor":7,"key":"SMITH"},{"data":"Clothesline","floor":13,"key":"SMITH"},{"data":"Shrug It Off","floor":15,"key":"SMITH"}],"neow_cost":"NO_GOLD","seed_source_timestamp":746895201479746,"circlet_count":0,"master_deck":["AscendersBane","Strike_R","Strike_R","Strike_R","Defend_R","Defend_R","Defend_R","Defend_R","Bash+1","Disarm+1","Anger","Clothesline+1","Double Tap","Ghostly Armor","Shrug It Off+1"],"relics":["Burning Blood","Old Coin","Bottled Lightning","Frozen Egg 2","Golden Idol"],"potions_floor_usage":[6,16],"damage_taken":[{"damage":12,"enemies":"Cultist","floor":1,"turns":4},{"damage":12,"enemies":"Jaw Worm","floor":2,"turns":6},{"damage":2,"enemies":"2 Louse","floor":3,"turns":4},{"damage":26,"enemies":"Lagavulin","floor":6,"turns":6},{"damage":21,"enemies":"Gremlin Nob","floor":8,"turns":4},{"damage":1,"enemies":"2 Fungi Beasts","floor":12,"turns":4},{"damage":17,"enemies":"Lots of Slimes","floor":14,"turns":8},{"damage":32,"enemies":"Hexaghost","floor":16,"turns":11}],"seed_played":"6801976503604765499","potions_obtained":[{"floor":1,"key":"Fruit Juice"},{"floor":3,"key":"Fire Potion"}],"is_trial":false,"path_per_floor":["M","M","M","?","?","E","R","E","T","?","?","M","R","M","R","B"],"character_chosen":"IRONCLAD","items_purchased":[],"campfire_rested":0,"item_purchase_floors":[],"current_hp_per_floor":[62,56,60,60,65,45,45,30,30,30,30,35,35,24,24,0],"gold":513,"neow_bonus":"REMOVE_TWO","is_prod":false,"is_daily":false,"chose_seed":false,"campfire_upgraded":3,"win_rate":0,"timestamp":1546437355,"path_taken":["M","M","?","?","?","E","R","E","T","?","?","M","R","M","R","BOSS"],"build_version":"2018-12-20","purchased_purges":0,"victory":false,"max_hp_per_floor":[75,75,75,75,80,80,80,80,80,80,72,72,72,72,72,77],"card_choices":[{"not_picked":["Metallicize","Reckless Charge"],"picked":"Disarm","floor":1},{"not_picked":["Thunderclap","Iron Wave"],"picked":"Anger","floor":2},{"not_picked":["Headbutt","Sever Soul"],"picked":"Clothesline","floor":3},{"not_picked":["Wild Strike","Clothesline","Rupture"],"picked":"SKIP","floor":6},{"not_picked":["Shrug It Off","Wild Strike"],"picked":"Double Tap","floor":8},{"not_picked":["Clothesline","Warcry"],"picked":"Ghostly Armor","floor":12},{"not_picked":["Body Slam","Clothesline"],"picked":"Shrug It Off","floor":14}],"player_experience":1764080,"relics_obtained":[{"floor":6,"key":"Old Coin"},{"floor":8,"key":"Bottled Lightning"},{"floor":9,"key":"Frozen Egg 2"}],"event_choices":[{"damage_healed":0,"gold_gain":63,"player_choice":"Gained Gold","damage_taken":0,"max_hp_gain":0,"max_hp_loss":0,"event_name":"Golden Wing","floor":4,"gold_loss":0},{"damage_healed":0,"gold_gain":0,"player_choice":"Donut","damage_taken":0,"max_hp_gain":5,"max_hp_loss":0,"event_name":"Big Fish","floor":5,"gold_loss":0},{"damage_healed":0,"gold_gain":0,"player_choice":"Grow","damage_taken":0,"max_hp_gain":0,"max_hp_loss":0,"event_name":"Living Wall","floor":10,"gold_loss":0,"cards_upgraded":["Disarm"]},{"damage_healed":0,"gold_gain":0,"player_choice":"Lose Max HP","damage_taken":0,"relics_obtained":["Golden Idol"],"max_hp_gain":0,"max_hp_loss":8,"event_name":"Golden Idol","floor":11,"gold_loss":0}],"is_beta":false,"boss_relics":[],"items_purged_floors":[],"is_endless":false,"potions_floor_spawned":[1,3],"killed_by":"Hexaghost","ascension_level":20}