{"gold_per_floor":[116,128,142,67,67,99,99,111,134,134,147,16,45,45,45,123,123,123,63,3,3,3,3,3,3,3,3,3,3,3,3,3,3,3,3,3,3,3,3],"floor_reached":39,"playtime":1380,"items_purged":["Dualcast"],"score":818,"play_id":"5d83b36d-2729-4b08-bc3e-8ae02b844911","local_time":"20181011182239","is_ascension_mode":true,"campfire_choices":[{"data":"Go for the Eyes","floor":7,"key":"SMITH"},{"floor":10,"key":"REST"},{"data":"Defragment","floor":15,"key":"SMITH"},{"floor":23,"key":"REST"},{"floor":25,"key":"REST"},{"floor":28,"key":"REST"},{"floor":32,"key":"REST"}],"neow_cost":"NONE","seed_source_timestamp":103042960716145,"circlet_count":0,"master_deck":["Strike_B","Defend_B","Defend_B","Defend_B","Defend_B","Zap","AscendersBane","Echo Form","Ball Lightning","Loop","Go for the Eyes+1","Defragment+1","Ball Lightning","Electrodynamics","Lockon+1","Core Surge","Capacitor","Echo Form","BootSequence","Defragment","White Noise"],"relics":["Cracked Core","Orichalcum","Bag of Preparation","Ectoplasm","Nloth\u0027s Gift","Gremlin Horn","Regal Pillow","DataDisk","Fusion Hammer"],"potions_floor_usage":[11,13,19,19,27,27,29,33],"damage_taken":[{"damage":4,"enemies":"Jaw Worm","floor":1,"turns":4},{"damage":6,"enemies":"2 Louse","floor":2,"turns":2},{"damage":2,"enemies":"Cultist","floor":3,"turns":4},{"damage":40,"enemies":"3 Sentries","floor":6,"turns":7},{"damage":2,"enemies":"Looter","floor":8,"turns":3},{"damage":0,"enemies":"Gremlin Gang","floor":11,"turns":3},{"damage":19,"enemies":"Gremlin Nob","floor":13,"turns":4},{"damage":8,"enemies":"Hexaghost","floor":16,"turns":6},{"damage":17,"enemies":"Shell Parasite","floor":18,"turns":4},{"damage":4,"enemies":"2 Thieves","floor":19,"turns":3},{"damage":51,"enemies":"Slavers","floor":27,"turns":4},{"damage":0,"enemies":"Centurion and Healer","floor":29,"turns":4},{"damage":41,"enemies":"Shelled Parasite and Fungi","floor":30,"turns":4},{"damage":40,"enemies":"Collector","floor":33,"turns":6},{"damage":0,"enemies":"3 Shapes","floor":35,"turns":2},{"damage":25,"enemies":"3 Darklings","floor":37,"turns":3},{"damage":16,"enemies":"Maw","floor":38,"turns":5},{"damage":19,"enemies":"Spire Growth","floor":39,"turns":2}],"seed_played":"7166295598623466436","potions_obtained":[{"floor":3,"key":"EssenceOfSteel"},{"floor":8,"key":"Explosive Potion"},{"floor":13,"key":"Explosive Potion"},{"floor":19,"key":"GamblersBrew"},{"floor":27,"key":"Fruit Juice"},{"floor":30,"key":"Poison Potion"},{"floor":37,"key":"Explosive Potion"}],"is_trial":false,"path_per_floor":["M","M","M","?","?","E","R","M","T","R","M","$","E","$","R","B",null,"M","M","$","?","?","R","?","R","T","E","R","M","M","T","R","B",null,"M","$","M","M"],"character_chosen":"DEFECT","items_purchased":["SkillPotion","SkillPotion"],"campfire_rested":5,"item_purchase_floors":[12,20],"current_hp_per_floor":[60,54,52,52,52,12,12,12,12,33,35,35,18,18,18,12,56,41,39,39,39,18,39,39,60,60,9,45,50,9,9,46,6,59,59,59,34,18,0],"gold":3,"neow_bonus":"TRANSFORM_CARD","is_prod":false,"is_daily":false,"chose_seed":false,"campfire_upgraded":2,"win_rate":0,"timestamp":1539274959,"path_taken":["M","M","M","?","?","E","R","M","T","R","?","$","E","$","R","BOSS","M","M","$","?","?","R","?","R","T","E","R","M","M","?","R","BOSS","M","$","M","M","M"],"build_version":"2018-10-04v2","purchased_purges":1,"victory":false,"max_hp_per_floor":[71,71,71,71,71,71,71,71,71,71,71,71,71,71,71,71,71,71,71,71,71,71,71,71,71,71,71,71,76,76,76,76,76,76,76,76,76,76,76],"card_choices":[{"not_picked":["Compile Driver","Fusion"],"picked":"Ball Lightning","floor":1},{"not_picked":["Gash","Beam Cell"],"picked":"Loop","floor":2},{"not_picked":["Stack","Reprogram"],"picked":"Go for the Eyes","floor":3},{"not_picked":["Gash","Cold Snap"],"picked":"Defragment","floor":6},{"not_picked":["Auto Shields","Skim"],"picked":"Ball Lightning","floor":8},{"not_picked":["Rebound","Steam","Compile Driver"],"picked":"SKIP","floor":11},{"not_picked":["Force Field","Streamline","Hello World"],"picked":"SKIP","floor":13},{"not_picked":["Creative AI","All For One"],"picked":"Electrodynamics","floor":16},{"not_picked":["Turbo","Ball Lightning"],"picked":"Lockon+1","floor":18},{"not_picked":["Barrage+1","Recycle","Compile Driver"],"picked":"SKIP","floor":19},{"not_picked":["BootSequence","Genetic Algorithm"],"picked":"Core Surge","floor":27},{"not_picked":["Heatsinks","Gash","Conserve Battery"],"picked":"SKIP","floor":29},{"not_picked":["Heatsinks","Gash","Conserve Battery"],"picked":"SKIP","floor":29},{"not_picked":["Coolheaded","Turbo"],"picked":"Capacitor","floor":30},{"not_picked":["Fission","Machine Learning"],"picked":"Echo Form","floor":33},{"not_picked":["Barrage+1","Go for the Eyes"],"picked":"BootSequence","floor":35},{"not_picked":["Fusion+1","Aggregate"],"picked":"Defragment","floor":37},{"not_picked":["Cold Snap","Turbo"],"picked":"White Noise","floor":38}],"player_experience":1425760,"relics_obtained":[{"floor":6,"key":"Blood Vial"},{"floor":9,"key":"Orichalcum"},{"floor":13,"key":"Bag of Preparation"},{"floor":26,"key":"Gremlin Horn"},{"floor":27,"key":"Regal Pillow"},{"floor":31,"key":"DataDisk"}],"event_choices":[{"event_name":"The Cleric","player_choice":"Card Removal","floor":4,"damage_taken":0},{"event_name":"Bonfire Elementals","player_choice":"BASIC","floor":5,"damage_taken":0},{"event_name":"N\u0027loth","player_choice":"Traded a Blood Vial","floor":21,"damage_taken":0},{"event_name":"Cursed Tome","player_choice":"Obtained Book","floor":22,"damage_taken":0},{"event_name":"Nest","player_choice":"Stole From Cult","floor":24,"damage_taken":0}],"is_beta":false,"boss_relics":[{"not_picked":["Nuclear Battery","Philosopher\u0027s Stone"],"picked":"Ectoplasm"},{"not_picked":["White Beast Statue","Eternal Feather"],"picked":"Fusion Hammer"}],"items_purged_floors":[12],"is_endless":false,"potions_floor_spawned":[3,8,13,19,27,30,37],"killed_by":"Spire Growth","ascension_level":20}