{"gold_per_floor":[15,26,36,36,36,36,64,78,78,3,28,40,40,54,54,132,132,152,152,170,180,50,50,79,79,102,102,120,145,157],"floor_reached":30,"playtime":1346,"items_purged":["Strike_R","Strike_R"],"score":560,"play_id":"c9da2738-482e-49cd-ab3e-7f12299e2247","local_time":"20181014191359","is_ascension_mode":true,"campfire_choices":[{"data":"Bash","floor":6,"key":"SMITH"},{"data":"Bludgeon","floor":13,"key":"SMITH"},{"data":"Pommel Strike","floor":15,"key":"SMITH"},{"floor":23,"key":"REST"},{"floor":25,"key":"REST"}],"neow_cost":"NO_GOLD","seed_source_timestamp":365381061393736,"circlet_count":0,"master_deck":["Strike_R","Strike_R","Strike_R","Defend_R","Defend_R","Defend_R","Defend_R","Bash+1","AscendersBane","Demon Form","Headbutt","Twin Strike","Pommel Strike+1","Pummel","Headbutt","Bludgeon+1","Shrug It Off","Armaments+1","Burning Pact+1","Cleave","Reckless Charge+1","Cleave","Anger"],"relics":["Burning Blood","Champion Belt","Ice Cream","Torii","Fusion Hammer","MutagenicStrength","Shuriken","Omamori","MawBank"],"potions_floor_usage":[7,16,18,24,29,30],"damage_taken":[{"damage":7,"enemies":"Small Slimes","floor":1,"turns":4},{"damage":9,"enemies":"Jaw Worm","floor":2,"turns":4},{"damage":6,"enemies":"Cultist","floor":3,"turns":3},{"damage":8,"enemies":"Gremlin Nob","floor":7,"turns":3},{"damage":36,"enemies":"Exordium Thugs","floor":8,"turns":6},{"damage":10,"enemies":"Lagavulin","floor":11,"turns":5},{"damage":7,"enemies":"Looter","floor":12,"turns":3},{"damage":1,"enemies":"Large Slime","floor":14,"turns":4},{"damage":33,"enemies":"The Guardian","floor":16,"turns":10},{"damage":33,"enemies":"Shell Parasite","floor":18,"turns":5},{"damage":6,"enemies":"3 Byrds","floor":20,"turns":5},{"damage":0,"enemies":"Centurion and Healer","floor":21,"turns":5},{"damage":17,"enemies":"Slavers","floor":24,"turns":4},{"damage":18,"enemies":"Snake Plant","floor":28,"turns":2},{"damage":44,"enemies":"Gremlin Leader","floor":29,"turns":4},{"damage":10,"enemies":"Cultist and Chosen","floor":30,"turns":3}],"seed_played":"1241157140074948926","potions_obtained":[{"floor":3,"key":"GamblersBrew"},{"floor":11,"key":"Block Potion"},{"floor":12,"key":"GamblersBrew"},{"floor":16,"key":"Regen Potion"},{"floor":21,"key":"EssenceOfSteel"},{"floor":28,"key":"Swift Potion"},{"floor":29,"key":"Energy Potion"}],"is_trial":false,"path_per_floor":["M","M","M","?","$","R","E","M","T","$","E","M","R","M","R","B",null,"M","?","M","M","$","R","E","R","T","?","M","E"],"character_chosen":"IRONCLAD","items_purchased":["Cleave"],"campfire_rested":2,"item_purchase_floors":[22],"current_hp_per_floor":[67,64,64,69,69,69,67,37,37,37,33,32,32,37,37,10,63,45,45,45,51,51,75,64,80,80,57,45,7,0],"gold":157,"neow_bonus":"THREE_RARE_CARDS","is_prod":false,"is_daily":false,"chose_seed":false,"campfire_upgraded":3,"win_rate":0,"timestamp":1539537239,"path_taken":["M","M","M","?","?","R","E","M","T","$","E","M","R","M","R","BOSS","M","?","M","?","$","R","E","R","T","?","M","E","M"],"build_version":"2018-10-11","purchased_purges":2,"victory":false,"max_hp_per_floor":[75,75,75,80,80,80,80,80,80,80,80,80,80,80,80,80,80,80,80,80,80,80,80,80,80,80,85,85,85,85],"card_choices":[{"not_picked":["Offering","Bludgeon"],"picked":"Demon Form","floor":0},{"not_picked":["Rupture","Clash"],"picked":"Headbutt","floor":1},{"not_picked":["Heavy Blade","Sentinel"],"picked":"Twin Strike","floor":2},{"not_picked":["Perfected Strike","Second Wind"],"picked":"Pommel Strike","floor":3},{"not_picked":["Anger","Headbutt"],"picked":"Pummel","floor":7},{"not_picked":["Dual Wield","Warcry"],"picked":"Headbutt","floor":8},{"not_picked":["Clash","Cleave"],"picked":"Bludgeon","floor":11},{"not_picked":["Clash","Flex","Hemokinesis"],"picked":"SKIP","floor":12},{"not_picked":["Havoc","Thunderclap","Warcry"],"picked":"SKIP","floor":14},{"not_picked":["Flex","Wild Strike"],"picked":"Shrug It Off","floor":18},{"not_picked":["Anger","Seeing Red"],"picked":"Armaments+1","floor":20},{"not_picked":["Reckless Charge","Clash"],"picked":"Burning Pact+1","floor":21},{"not_picked":["Double Tap","Headbutt"],"picked":"Reckless Charge+1","floor":24},{"not_picked":["Wild Strike","Inflame"],"picked":"Cleave","floor":28},{"not_picked":["Intimidate","Warcry"],"picked":"Anger","floor":29}],"player_experience":1440445,"relics_obtained":[{"floor":7,"key":"Champion Belt"},{"floor":9,"key":"Ice Cream"},{"floor":11,"key":"Torii"},{"floor":24,"key":"Shuriken"},{"floor":26,"key":"Omamori"},{"floor":29,"key":"MawBank"}],"event_choices":[{"event_name":"Big Fish","player_choice":"Donut","floor":4,"damage_taken":0},{"event_name":"Drug Dealer","player_choice":"Inject Mutagens","floor":19,"damage_taken":0},{"event_name":"Forgotten Altar","player_choice":"Shed Blood","floor":27,"damage_taken":0}],"is_beta":false,"boss_relics":[{"not_picked":["Mark of Pain","Pandora\u0027s Box"],"picked":"Fusion Hammer"}],"items_purged_floors":[10,22],"is_endless":false,"potions_floor_spawned":[3,11,12,16,21,28,29],"killed_by":"Cultist and Chosen","ascension_level":20}