{"gold_per_floor":[112,37,57,68,68,68,68,68,95,122,135,135,151,167,167,167],"floor_reached":16,"playtime":711,"items_purged":["Strike_G"],"score":146,"play_id":"341b9101-80d6-4292-9b78-202888d336d8","local_time":"20190310000116","is_ascension_mode":true,"campfire_choices":[{"data":"Footwork","floor":6,"key":"SMITH"},{"data":"Bouncing Flask","floor":8,"key":"SMITH"},{"data":"Dagger Spray","floor":12,"key":"SMITH"},{"data":"Dodge and Roll","floor":15,"key":"SMITH"}],"neow_cost":"NONE","seed_source_timestamp":130229637433808,"circlet_count":0,"master_deck":["Defend_G","Defend_G","Defend_G","Defend_G","Defend_G","Strike_G","Strike_G","Strike_G","Strike_G","Survivor","Neutralize+1","Backstab","Footwork+1","Bouncing Flask+1","Dagger Spray+1","Deadly Poison","Dodge and Roll+1"],"relics":["Ring of the Snake","PreservedInsect","Ornamental Fan"],"potions_floor_usage":[11],"damage_taken":[{"damage":3,"enemies":"Small Slimes","floor":1,"turns":5},{"damage":0,"enemies":"Cultist","floor":3,"turns":4},{"damage":5,"enemies":"Jaw Worm","floor":4,"turns":7},{"damage":0,"enemies":"Lagavulin","floor":10,"turns":5},{"damage":2,"enemies":"Exordium Wildlife","floor":11,"turns":6},{"damage":0,"enemies":"3 Louse","floor":13,"turns":2},{"damage":0,"enemies":"Blue Slaver","floor":14,"turns":4},{"damage":60,"enemies":"Slime Boss","floor":16,"turns":9}],"seed_played":"-8782756101881987522","potions_obtained":[{"floor":3,"key":"GamblersBrew"},{"floor":4,"key":"SmokeBomb"}],"is_trial":false,"path_per_floor":["M","$","M","M","$","R","?","R","T","E","M","R","M","M","R","B"],"character_chosen":"THE_SILENT","items_purchased":[],"campfire_rested":0,"item_purchase_floors":[],"current_hp_per_floor":[67,67,67,62,62,62,62,62,62,62,60,60,60,60,60,0],"gold":167,"neow_bonus":"UPGRADE_CARD","is_prod":false,"is_daily":false,"chose_seed":false,"campfire_upgraded":4,"win_rate":0,"timestamp":1552204876,"path_taken":["M","$","M","M","$","R","?","R","T","E","M","R","M","M","R","BOSS"],"build_version":"2019-01-23","purchased_purges":1,"victory":false,"max_hp_per_floor":[70,70,70,70,70,70,70,70,70,70,70,70,70,70,70,70],"card_choices":[{"not_picked":["Underhanded Strike","Setup"],"picked":"Backstab","floor":1},{"not_picked":["Concentrate","All Out Attack"],"picked":"Footwork","floor":3},{"not_picked":["Acrobatics","Backstab"],"picked":"Bouncing Flask","floor":4},{"not_picked":["Outmaneuver","Acrobatics"],"picked":"Dagger Spray","floor":10},{"not_picked":["Endless Agony","Flying Knee","Bane"],"picked":"SKIP","floor":11},{"not_picked":["Masterful Stab","Bane"],"picked":"Deadly Poison","floor":13},{"not_picked":["Skewer","Choke"],"picked":"Dodge and Roll","floor":14}],"player_experience":387105,"relics_obtained":[{"floor":9,"key":"PreservedInsect"},{"floor":10,"key":"Ornamental Fan"}],"event_choices":[{"damage_healed":0,"gold_gain":0,"player_choice":"Leave","damage_taken":0,"max_hp_gain":0,"max_hp_loss":0,"event_name":"FaceTrader","floor":7,"gold_loss":0}],"is_beta":false,"boss_relics":[],"items_purged_floors":[2],"is_endless":false,"potions_floor_spawned":[3,4],"killed_by":"Slime Boss","ascension_level":3}