{"gold_per_floor":[110,125,137,62,77,77,90,90,116,149,162,90,120,103,115,229,241,265,294,306,318,340,367,398,410,469,481,592,529,541,383,383,484,484,502,520,620,633,651,651,668,668,693,707,707,48,48,48,48,48],"floor_reached":51,"playtime":4649,"items_purged":["Strike_B","Strike_B","Defend_B"],"score":947,"play_id":"73b65341-11b8-45d1-981b-4f9ba4ccc664","local_time":"20190309001249","is_ascension_mode":true,"campfire_choices":[{"data":"Zap","floor":6.0,"key":"SMITH"},{"data":"Go for the Eyes","floor":8.0,"key":"SMITH"},{"floor":15.0,"key":"REST"},{"data":"Consume","floor":25.0,"key":"SMITH"},{"floor":27.0,"key":"REST"},{"data":"Self Repair","floor":30.0,"key":"SMITH"},{"data":"Defragment","floor":32.0,"key":"SMITH"},{"floor":40,"key":"REST"},{"data":"Dualcast","floor":42,"key":"SMITH"},{"data":"Biased Cognition","floor":45,"key":"SMITH"},{"floor":49,"key":"REST"}],"neow_cost":"NONE","seed_source_timestamp":0,"circlet_count":0,"master_deck":["Defend_B","Zap+1","Dualcast+1","Go for the Eyes+1","Cold Snap+1","Compile Driver","Coolheaded","Ball Lightning","BootSequence","Consume+1","Biased Cognition+1","Melter+1","Core Surge","Conserve Battery+1","Self Repair+1","Defragment+1","Seek","Sunder+1","White Noise+1","Leap+1","Parasite","Glacier+1","Bandage Up"],"special_seed":0,"relics":["Cracked Core","Blood Vial","Anchor","Lantern","MawBank","Inserter","Dream Catcher","Empty Cage","Prayer Wheel","Boot","Whetstone","Bottled Tornado"],"potions_floor_usage":[37,39,39],"damage_taken":[{"damage":1.0,"enemies":"Cultist","floor":1.0,"turns":3.0},{"damage":2.0,"enemies":"2 Louse","floor":2.0,"turns":3.0},{"damage":4.0,"enemies":"Small Slimes","floor":3.0,"turns":3.0},{"damage":24.0,"enemies":"3 Louse","floor":5.0,"turns":3.0},{"damage":0.0,"enemies":"Large Slime","floor":7.0,"turns":2.0},{"damage":18.0,"enemies":"Gremlin Nob","floor":10.0,"turns":4.0},{"damage":0.0,"enemies":"Looter","floor":11.0,"turns":2.0},{"damage":16.0,"enemies":"Lagavulin","floor":13.0,"turns":5.0},{"damage":30.0,"enemies":"Hexaghost","floor":16.0,"turns":12.0},{"damage":0.0,"enemies":"Chosen","floor":18.0,"turns":4.0},{"damage":19.0,"enemies":"2 Thieves","floor":19.0,"turns":4.0},{"damage":4.0,"enemies":"Chosen and Byrds","floor":22.0,"turns":5.0},{"damage":0.0,"enemies":"Sentry and Sphere","floor":23.0,"turns":2.0},{"damage":16.0,"enemies":"Snake Plant","floor":24.0,"turns":4.0},{"damage":36.0,"enemies":"Automaton","floor":33.0,"turns":10.0},{"damage":51,"enemies":"3 Darklings","floor":35,"turns":7},{"damage":1,"enemies":"Orb Walker","floor":36,"turns":3},{"damage":0,"enemies":"Mind Bloom Boss Battle","floor":37,"turns":5},{"damage":34,"enemies":"Maw","floor":38,"turns":9},{"damage":4,"enemies":"Writhing Mass","floor":39,"turns":7},{"damage":10,"enemies":"Spire Growth","floor":41,"turns":6},{"damage":20,"enemies":"4 Shapes","floor":44,"turns":7},{"damage":35,"enemies":"Donu and Deca","floor":50,"turns":15}],"seed_played":"3275034145446427189","potions_obtained":[{"floor":2.0,"key":"PowerPotion"},{"floor":3.0,"key":"SteroidPotion"},{"floor":5.0,"key":"Fire Potion"},{"floor":11.0,"key":"Fire Potion"},{"floor":13.0,"key":"FairyPotion"},{"floor":16.0,"key":"Dexterity Potion"},{"floor":19.0,"key":"FocusPotion"},{"floor":22.0,"key":"SpeedPotion"},{"floor":23.0,"key":"Swift Potion"},{"floor":33.0,"key":"SteroidPotion"},{"floor":35,"key":"AttackPotion"},{"floor":37,"key":"Dexterity Potion"}],"is_trial":false,"path_per_floor":["M","M","M","$","M","R","M","R","T","E","M","$","E","?","R","B",null,"M","M","?","$","M","M","M","R","T","R","?","?","R","$","R","B",null,"M","M","?","M","M","R","M","R","T","M","R","$","?","?","R","B",null],"character_chosen":"DEFECT","items_purchased":["BootSequence","Defragment","Whetstone","Bottled Tornado","GamblersBrew","GamblersBrew"],"campfire_rested":4,"item_purchase_floors":[12,31,46,46,46,46],"current_hp_per_floor":[69,69,67,67,45,45,47,47,47,31,33,33,19,19,41,13,60,62,45,45,45,43,45,31,31,31,53,53,53,53,53,53,29,64,25,36,48,26,34,56,58,58,58,50,50,50,50,50,71,50],"gold":48,"neow_bonus":"RANDOM_COMMON_RELIC","is_prod":false,"is_daily":false,"chose_seed":false,"campfire_upgraded":7,"win_rate":0,"timestamp":1552119169,"path_taken":["M","M","?","?","?","R","M","R","T","E","M","$","E","?","R","BOSS","M","M","?","$","M","M","?","R","T","R","?","?","R","$","R","BOSS","M","M","?","M","M","R","M","R","T","M","R","$","?","?","R","BOSS"],"build_version":"2019-01-23","purchased_purges":3,"victory":true,"max_hp_per_floor":[75,75,75,75,75,75,75,75,75,75,75,75,75,75,75,75,75,75,75,75,75,75,75,75,75,75,75,75,75,75,75,75,75,75,75,75,75,75,75,75,75,75,75,75,75,75,71,71,71,71],"card_choices":[{"not_picked":["Rebound","Sweeping Beam"],"picked":"Go for the Eyes","floor":1.0},{"not_picked":["Blizzard","Leap"],"picked":"Cold Snap","floor":2.0},{"not_picked":["Reboot","Sweeping Beam"],"picked":"Compile Driver","floor":3.0},{"not_picked":["Steam","Recycle","Scrape"],"picked":"SKIP","floor":5.0},{"not_picked":["Rebound","Gash"],"picked":"Coolheaded","floor":7.0},{"not_picked":["Genetic Algorithm","Darkness"],"picked":"Ball Lightning","floor":10.0},{"not_picked":["Coolheaded","Chaos","Stack"],"picked":"SKIP","floor":11.0},{"not_picked":["Self Repair","Reprogram"],"picked":"Consume","floor":13.0},{"not_picked":["Amplify","All For One"],"picked":"Biased Cognition","floor":16.0},{"not_picked":["Hologram","Aggregate"],"picked":"Melter","floor":18.0},{"not_picked":["Undo+1","Stack","Streamline"],"picked":"SKIP","floor":19.0},{"not_picked":["Go for the Eyes","Doom and Gloom"],"picked":"Core Surge","floor":22.0},{"not_picked":["Coolheaded+1","Beam Cell+1","Double Energy"],"picked":"SKIP","floor":23.0},{"not_picked":["Redo","White Noise+1"],"picked":"Conserve Battery+1","floor":24.0},{"not_picked":["Defragment","Barrage"],"picked":"Self Repair","floor":27.0},{"not_picked":["Creative AI","Core Surge"],"picked":"Seek","floor":33.0},{"not_picked":["Coolheaded+1","Fusion","Turbo"],"picked":"SKIP","floor":35},{"not_picked":["Beam Cell+1","Sweeping Beam+1"],"picked":"Sunder+1","floor":36},{"not_picked":["Gash","Consume"],"picked":"White Noise+1","floor":37},{"not_picked":["Conserve Battery","Melter+1"],"picked":"Leap+1","floor":38},{"not_picked":["Streamline+1","Conserve Battery+1","White Noise+1"],"picked":"SKIP","floor":38},{"not_picked":["Tempest","Hello World","Ball Lightning+1"],"picked":"SKIP","floor":39},{"not_picked":["Hello World","Lockon+1","Undo"],"picked":"SKIP","floor":39},{"not_picked":["Conserve Battery+1","Recycle+1","Melter"],"picked":"SKIP","floor":41},{"not_picked":["Rebound+1","Creative AI","Sweeping Beam+1"],"picked":"SKIP","floor":41},{"not_picked":["Auto Shields","Loop"],"picked":"Glacier+1","floor":44},{"not_picked":["Rebound+1","Sunder","Storm"],"picked":"SKIP","floor":44},{"not_picked":["Impatience","Jack Of All Trades"],"picked":"Bandage Up","floor":48}],"player_experience":373026,"relics_obtained":[{"floor":9.0,"key":"Anchor"},{"floor":10.0,"key":"Lantern"},{"floor":13.0,"key":"MawBank"},{"floor":26.0,"key":"Dream Catcher"},{"floor":37,"key":"Prayer Wheel"},{"floor":43,"key":"Boot"}],"event_choices":[{"damage_healed":0.0,"max_hp_gain":0.0,"max_hp_loss":0.0,"gold_gain":0.0,"event_name":"World of Goop","player_choice":"Left Gold","floor":14.0,"gold_loss":29.0,"damage_taken":0.0},{"cards_removed":["Strike_B"],"damage_healed":0.0,"max_hp_gain":0.0,"max_hp_loss":0.0,"gold_gain":0.0,"event_name":"Purifier","player_choice":"Purged","floor":20.0,"gold_loss":0.0,"damage_taken":0.0},{"damage_healed":0.0,"max_hp_gain":0.0,"max_hp_loss":0.0,"gold_gain":99.0,"event_name":"Nest","player_choice":"Stole From Cult","floor":28.0,"gold_loss":0.0,"damage_taken":0.0},{"cards_removed":["Strike_B"],"damage_healed":0.0,"max_hp_gain":0.0,"max_hp_loss":0.0,"gold_gain":0.0,"event_name":"Beggar","player_choice":"Gave Gold","floor":29.0,"gold_loss":75.0,"damage_taken":0.0},{"damage_healed":0,"gold_gain":0,"player_choice":"Fight","damage_taken":0,"max_hp_gain":0,"max_hp_loss":0,"event_name":"MindBloom","floor":37,"gold_loss":0},{"damage_healed":0,"gold_gain":0,"player_choice":"Max HP","damage_taken":0,"max_hp_gain":0,"max_hp_loss":4,"event_name":"Winding Halls","floor":47,"gold_loss":0},{"damage_healed":0,"gold_gain":0,"player_choice":"Memory 1","damage_taken":0,"max_hp_gain":0,"max_hp_loss":0,"event_name":"SensoryStone","floor":48,"gold_loss":0}],"is_beta":false,"boss_relics":[{"not_picked":["Orrery","Nuclear Battery"],"picked":"Inserter"},{"not_picked":["Tiny House","Pandora\u0027s Box"],"picked":"Empty Cage"}],"items_purged_floors":[4,31,46],"is_endless":false,"potions_floor_spawned":[2,3,5,11,13,16,19,22,23,33,35,37],"ascension_level":7}