{"gold_per_floor":[114,131,6,81,231,260,260,280,306,335,62,62,62,6,6,84,84,100,20],"floor_reached":19,"playtime":849,"items_purged":[],"score":366,"play_id":"81ca4127-dd48-4533-abec-1c17347898e8","local_time":"20190307175716","is_ascension_mode":true,"campfire_choices":[{"data":"Defragment","floor":7,"key":"SMITH"},{"data":"Conserve Battery","floor":13,"key":"SMITH"},{"data":"Hologram","floor":15,"key":"SMITH"}],"neow_cost":"NONE","seed_source_timestamp":19970874382655,"circlet_count":0,"master_deck":["AscendersBane","Strike_B","Strike_B","Strike_B","Defend_B+1","Defend_B","Defend_B","Defend_B","Zap+1","Dualcast","Ball Lightning","Defragment+1","Conserve Battery+1","Doubt","Sweeping Beam","Hologram+1","Thunder Strike","Rainbow","Doom and Gloom","Defragment","Conserve Battery","Conserve Battery"],"relics":["Cracked Core","NeowsBlessing","Art of War","Oddly Smooth Stone","War Paint","Mercury Hourglass","Orrery"],"potions_floor_usage":[10,18],"damage_taken":[{"damage":0,"enemies":"Small Slimes","floor":1,"turns":1},{"damage":0,"enemies":"Jaw Worm","floor":2,"turns":1},{"damage":0,"enemies":"Gremlin Nob","floor":6,"turns":1},{"damage":0,"enemies":"Cultist","floor":8,"turns":3},{"damage":18,"enemies":"3 Sentries","floor":10,"turns":6},{"damage":11,"enemies":"Hexaghost","floor":16,"turns":9},{"damage":21,"enemies":"Chosen","floor":18,"turns":6},{"damage":38,"enemies":"2 Thieves","floor":19,"turns":2}],"seed_played":"-8933577488261886089","potions_obtained":[{"floor":2,"key":"SpeedPotion"},{"floor":8,"key":"SkillPotion"}],"is_trial":false,"path_per_floor":["?","?","?","M"],"character_chosen":"DEFECT","items_purchased":["Defragment","Conserve Battery","Mercury Hourglass","Weak Potion"],"campfire_rested":0,"item_purchase_floors":[3,3,11,14],"current_hp_per_floor":[64,64,64,53,53,53,53,53,53,35,35,35,35,35,35,24,59,38,0],"gold":20,"neow_bonus":"THREE_ENEMY_KILL","is_prod":false,"is_daily":false,"chose_seed":false,"campfire_upgraded":3,"win_rate":0,"timestamp":1551999436,"path_taken":["M","M","$","?","?","E","R","M","T","E","$","?","R","$","R","BOSS","M","?"],"build_version":"2019-01-23","purchased_purges":0,"victory":false,"max_hp_per_floor":[71,71,71,71,71,71,71,71,71,71,71,71,71,71,71,71,71,71,71],"card_choices":[{"not_picked":["Barrage","Beam Cell","White Noise"],"picked":"SKIP","floor":1},{"not_picked":["Conserve Battery","Coolheaded"],"picked":"Ball Lightning","floor":2},{"not_picked":["Ball Lightning","Streamline"],"picked":"Sweeping Beam","floor":6},{"not_picked":["Steam","Stack","Sweeping Beam"],"picked":"SKIP","floor":8},{"not_picked":["Beam Cell","FTL"],"picked":"Hologram","floor":10},{"not_picked":["Hyperbeam","Electrodynamics"],"picked":"Rainbow","floor":16},{"not_picked":["Consume","Static Discharge"],"picked":"Doom and Gloom","floor":17},{"not_picked":["Rebound","Loop"],"picked":"Defragment","floor":17},{"not_picked":["Rebound","Gash"],"picked":"Conserve Battery","floor":17},{"not_picked":["Go for the Eyes","Redo"],"picked":"Conserve Battery","floor":17},{"not_picked":["Turbo","Go for the Eyes","Steam Power"],"picked":"SKIP","floor":18}],"player_experience":577250,"relics_obtained":[{"floor":6,"key":"Art of War"},{"floor":9,"key":"Oddly Smooth Stone"},{"floor":10,"key":"War Paint"}],"event_choices":[{"damage_healed":0,"gold_gain":75,"player_choice":"Gather Gold","damage_taken":11,"max_hp_gain":0,"max_hp_loss":0,"event_name":"World of Goop","floor":4,"gold_loss":0},{"damage_healed":0,"gold_gain":150,"player_choice":"AGREE","damage_taken":0,"max_hp_gain":0,"max_hp_loss":0,"event_name":"Liars Game","floor":5,"gold_loss":0,"cards_obtained":["Doubt"]},{"damage_healed":0,"gold_gain":0,"cards_transformed":["Strike_B"],"player_choice":"Transformed","damage_taken":0,"max_hp_gain":0,"max_hp_loss":0,"event_name":"Transmorgrifier","floor":12,"gold_loss":0,"cards_obtained":["Thunder Strike"]}],"is_beta":false,"boss_relics":[{"not_picked":["Fusion Hammer","FrozenCore"],"picked":"Orrery"}],"items_purged_floors":[],"is_endless":false,"potions_floor_spawned":[2,8],"killed_by":"2 Thieves","ascension_level":17}