{"gold_per_floor":[117,137,137,155,173,202,202,265,265,283,301,301,319,339,339,443,443,455,465,484,191,205,205],"floor_reached":23,"playtime":1415,"items_purged":["Strike_B"],"score":363,"play_id":"193e5ce9-05a5-4932-8247-dff777f1ce70","local_time":"20190306172338","is_ascension_mode":true,"campfire_choices":[{"data":"Zap","floor":7,"key":"SMITH"},{"floor":12,"key":"REST"},{"floor":15,"key":"REST"}],"neow_cost":"NONE","seed_source_timestamp":1779677205821300,"circlet_count":0,"master_deck":["Strike_B","Strike_B","Strike_B","Defend_B","Defend_B","Defend_B","Defend_B","Zap+1","Dualcast","Glacier","Ball Lightning","Capacitor","Coolheaded","Static Discharge","Fission","Coolheaded","Undo","FTL","Electrodynamics","Conserve Battery+1","Hologram","Machine Learning"],"relics":["Cracked Core","Du-Vu Doll","Matryoshka","Tiny Chest","Happy Flower","Kunai","Nuclear Battery","Oddly Smooth Stone"],"potions_floor_usage":[11,13,16,19],"damage_taken":[{"damage":0,"enemies":"Cultist","floor":1,"turns":3},{"damage":0,"enemies":"Small Slimes","floor":2,"turns":3},{"damage":2,"enemies":"Jaw Worm","floor":4,"turns":5},{"damage":17,"enemies":"Lots of Slimes","floor":5,"turns":5},{"damage":11,"enemies":"Lagavulin","floor":6,"turns":7},{"damage":23,"enemies":"3 Sentries","floor":8,"turns":7},{"damage":9,"enemies":"Red Slaver","floor":10,"turns":4},{"damage":3,"enemies":"3 Louse","floor":11,"turns":2},{"damage":7,"enemies":"Exordium Thugs","floor":13,"turns":7},{"damage":0,"enemies":"Looter","floor":14,"turns":3},{"damage":0,"enemies":"The Guardian","floor":16,"turns":11},{"damage":11,"enemies":"Chosen","floor":18,"turns":4},{"damage":0,"enemies":"3 Byrds","floor":19,"turns":3},{"damage":4,"enemies":"Cultist and Chosen","floor":20,"turns":6},{"damage":19,"enemies":"Snake Plant","floor":22,"turns":4},{"damage":32,"enemies":"Book of Stabbing","floor":23,"turns":6}],"seed_played":"3364508736988356222","potions_obtained":[{"floor":2,"key":"SkillPotion"},{"floor":4,"key":"Energy Potion"},{"floor":6,"key":"Fire Potion"},{"floor":13,"key":"FocusPotion"},{"floor":16,"key":"SkillPotion"},{"floor":18,"key":"Fire Potion"}],"is_trial":false,"path_per_floor":["M","M","T","M","M","E","R","E","T","M","M","R","M","M","R","B",null,"M","M","M","$","M","E"],"character_chosen":"DEFECT","items_purchased":["FocusPotion","Oddly Smooth Stone"],"campfire_rested":2,"item_purchase_floors":[21,21],"current_hp_per_floor":[68,68,68,66,49,38,38,15,15,6,3,25,18,18,40,40,66,55,55,51,51,32,0],"gold":205,"neow_bonus":"THREE_CARDS","is_prod":false,"is_daily":false,"chose_seed":false,"campfire_upgraded":1,"win_rate":0,"timestamp":1551911018,"path_taken":["M","?","?","M","M","E","R","E","T","?","M","R","?","?","R","BOSS","M","M","M","$","M","E"],"build_version":"2019-01-23","purchased_purges":1,"victory":false,"max_hp_per_floor":[75,75,75,75,75,75,75,75,75,75,75,75,75,75,75,75,75,75,75,75,75,75,75],"card_choices":[{"not_picked":["Streamline","Heatsinks"],"picked":"Glacier","floor":0},{"not_picked":["Barrage","Go for the Eyes"],"picked":"Ball Lightning","floor":1},{"not_picked":["Steam","Stack"],"picked":"Capacitor","floor":2},{"not_picked":["Chaos","Rebound"],"picked":"Coolheaded","floor":4},{"not_picked":["Barrage","Sweeping Beam"],"picked":"Static Discharge","floor":5},{"not_picked":["Stack","Compile Driver","Redo"],"picked":"SKIP","floor":6},{"not_picked":["Steam Power","Barrage"],"picked":"Fission","floor":8},{"not_picked":["Heatsinks","Rebound"],"picked":"Coolheaded","floor":10},{"not_picked":["Steam","Cold Snap"],"picked":"Undo","floor":11},{"not_picked":["Steam","Go for the Eyes"],"picked":"FTL","floor":13},{"not_picked":["Sweeping Beam","Steam","Fusion"],"picked":"SKIP","floor":14},{"not_picked":["Thunder Strike","Rainbow"],"picked":"Electrodynamics","floor":16},{"not_picked":["Fusion","Steam"],"picked":"Conserve Battery+1","floor":18},{"not_picked":["Undo","Cold Snap+1"],"picked":"Hologram","floor":19},{"not_picked":["Beam Cell","Cold Snap","Coolheaded"],"picked":"SKIP","floor":20},{"not_picked":["Coolheaded","Beam Cell"],"picked":"Machine Learning","floor":22}],"player_experience":355230,"relics_obtained":[{"floor":3,"key":"Du-Vu Doll"},{"floor":6,"key":"Matryoshka"},{"floor":8,"key":"Tiny Chest"},{"floor":9,"key":"Happy Flower"},{"floor":9,"key":"Kunai"}],"event_choices":[],"is_beta":false,"boss_relics":[{"not_picked":["Sozu","Philosopher\u0027s Stone"],"picked":"Nuclear Battery"}],"items_purged_floors":[21],"is_endless":false,"potions_floor_spawned":[2,4,6,13,16,18],"killed_by":"Book of Stabbing","ascension_level":8}