{"gold_per_floor":[15,28,28,41,41,81,81,114,140,140,161,200,200,240,240,333,333,354,269,269,289,21,65,83,83,83,107,145,145,145,145,145,243,243,257,382,382,184,208,242,263,263,286,317,44,44,57,71,71,71,71,71,71,29,60,60],"floor_reached":56,"playtime":4471,"items_purged":["Writhe","Bash"],"score":1997,"play_id":"b29e0d16-45bb-4fba-a1ab-8873d65613b3","local_time":"20190217021824","is_ascension_mode":true,"campfire_choices":[{"data":"Uppercut","floor":7,"key":"SMITH"},{"floor":10,"key":"REST"},{"data":"Disarm","floor":15,"key":"SMITH"},{"data":"Corruption","floor":25,"key":"SMITH"},{"data":"Rampage","floor":29,"key":"SMITH"},{"data":"Shockwave","floor":32,"key":"SMITH"},{"floor":42,"key":"RECALL"},{"floor":46,"key":"REST"},{"data":"True Grit","floor":49,"key":"SMITH"},{"data":"Double Tap","floor":53,"key":"SMITH"}],"neow_cost":"NO_GOLD","seed_source_timestamp":12981620755436,"circlet_count":0,"master_deck":["AscendersBane","Defend_R","Defend_R+1","Defend_R","Defend_R","Offering+1","Ghostly Armor","Uppercut+1","Shrug It Off","Disarm+1","Corruption+1","Rampage+1","Reaper","Flame Barrier","Reaper","Body Slam+1","True Grit+1","Battle Trance","Heavy Blade","Shockwave+1","Double Tap+1","Flex+1","Bloodletting+1","Mayhem","Mayhem","Metamorphosis","Flash of Steel","Shockwave+1","Pommel Strike+1","Pommel Strike+1","Battle Trance","Fiend Fire"],"relics":["Burning Blood","Golden Idol","War Paint","Odd Mushroom","Vajra","Dream Catcher","Orichalcum","Bottled Tornado","Runic Pyramid","Gambling Chip","Smiling Mask","ClockworkSouvenir","Dodecahedron","Pen Nib","Velvet Choker","Calipers","The Courier","Oddly Smooth Stone","Meat on the Bone","FossilizedHelix","Mercury Hourglass"],"potions_floor_usage":[12,18,23,51,56,56],"damage_taken":[{"damage":6,"enemies":"Cultist","floor":1,"turns":3},{"damage":1,"enemies":"Small Slimes","floor":2,"turns":4},{"damage":4,"enemies":"2 Louse","floor":4,"turns":6},{"damage":49,"enemies":"3 Sentries","floor":6,"turns":16},{"damage":16,"enemies":"The Mushroom Lair","floor":8,"turns":5},{"damage":6,"enemies":"Large Slime","floor":11,"turns":5},{"damage":3,"enemies":"Lagavulin","floor":12,"turns":7},{"damage":17,"enemies":"Gremlin Nob","floor":14,"turns":4},{"damage":8,"enemies":"The Guardian","floor":16,"turns":11},{"damage":16,"enemies":"2 Thieves","floor":18,"turns":5},{"damage":3,"enemies":"Shell Parasite","floor":21,"turns":6},{"damage":14,"enemies":"Book of Stabbing","floor":23,"turns":5},{"damage":2,"enemies":"Centurion and Healer","floor":24,"turns":4},{"damage":6,"enemies":"Snecko","floor":27,"turns":4},{"damage":6,"enemies":"Gremlin Leader","floor":28,"turns":5},{"damage":48,"enemies":"Champ","floor":33,"turns":8},{"damage":32,"enemies":"3 Darklings","floor":35,"turns":5},{"damage":6,"enemies":"Mind Bloom Boss Battle","floor":36,"turns":5},{"damage":2,"enemies":"Orb Walker","floor":39,"turns":3},{"damage":36,"enemies":"Giant Head","floor":40,"turns":6},{"damage":15,"enemies":"Writhing Mass","floor":41,"turns":6},{"damage":76,"enemies":"Reptomancer","floor":44,"turns":7},{"damage":12,"enemies":"Sphere and 2 Shapes","floor":47,"turns":6},{"damage":0,"enemies":"Transient","floor":48,"turns":6},{"damage":42,"enemies":"Awakened One","floor":50,"turns":8},{"damage":71,"enemies":"Donu and Deca","floor":51,"turns":7},{"damage":89,"enemies":"Shield and Spear","floor":55,"turns":7},{"damage":71,"enemies":"The Heart","floor":56,"turns":6}],"seed_played":"8628214991711639325","potions_obtained":[{"floor":2,"key":"BloodPotion"},{"floor":11,"key":"Regen Potion"},{"floor":12,"key":"Regen Potion"},{"floor":16,"key":"Weak Potion"},{"floor":18,"key":"Poison Potion"},{"floor":27,"key":"EssenceOfSteel"},{"floor":36,"key":"SteroidPotion"}],"is_trial":false,"path_per_floor":["M","M","?","M","?","E","R","?","T","R","M","E","?","E","R","B",null,"M","?","?","M","$","E","M","R","T","M","E","R","?","?","R","B",null,"M","?","?","$","M","E","M","R","T","E","$","R","M","M","R","B","B",null,"R","$","E","B"],"character_chosen":"IRONCLAD","items_purchased":["ClockworkSouvenir","Flash of Steel","PowerPotion","FossilizedHelix","SteroidPotion"],"campfire_rested":2,"item_purchase_floors":[22,38,38,45,54],"current_hp_per_floor":[68,73,66,68,68,25,25,15,15,35,35,51,51,40,40,45,62,67,67,67,68,68,68,68,68,68,68,68,68,68,68,68,31,59,63,68,58,58,67,46,51,51,51,23,23,43,51,68,68,68,37,60,60,60,29,0],"gold":60,"neow_bonus":"TRANSFORM_TWO_CARDS","is_prod":false,"is_daily":false,"chose_seed":false,"campfire_upgraded":7,"win_rate":0,"timestamp":1550366304,"path_taken":["M","M","?","M","?","E","R","?","T","R","M","E","?","E","R","BOSS","M","?","?","M","$","E","M","R","T","M","E","R","?","?","R","BOSS","M","?","?","$","M","E","M","R","T","E","$","R","M","M","R","BOSS","BOSS","R","$","E","BOSS"],"build_version":"2019-01-23","purchased_purges":2,"victory":false,"max_hp_per_floor":[75,75,75,75,68,68,68,68,68,68,68,68,68,68,68,68,68,68,68,68,68,68,68,68,68,68,68,68,68,68,68,68,68,68,68,68,68,68,68,68,68,68,68,68,68,68,68,68,68,68,68,68,68,68,68,68],"card_choices":[{"not_picked":["Flex","Havoc"],"picked":"Uppercut","floor":1},{"not_picked":["Body Slam","Havoc"],"picked":"Shrug It Off","floor":2},{"not_picked":["Body Slam","Clothesline"],"picked":"Disarm","floor":4},{"not_picked":["Clothesline","Searing Blow"],"picked":"Corruption","floor":6},{"not_picked":["Fire Breathing","Whirlwind"],"picked":"Rampage","floor":8},{"not_picked":["Shrug It Off","Perfected Strike"],"picked":"Reaper","floor":11},{"not_picked":["Reckless Charge","Warcry"],"picked":"Flame Barrier","floor":12},{"not_picked":["Power Through","Warcry","Searing Blow"],"picked":"SKIP","floor":14},{"not_picked":["Impervious","Dark Embrace"],"picked":"Reaper","floor":16},{"not_picked":["Thunderclap","Warcry","Carnage"],"picked":"SKIP","floor":18},{"not_picked":["Anger","Havoc","Pommel Strike"],"picked":"SKIP","floor":21},{"not_picked":["Wild Strike+1","Flex"],"picked":"Body Slam+1","floor":23},{"not_picked":["Clash","Heavy Blade"],"picked":"True Grit","floor":24},{"not_picked":["Uppercut","Headbutt"],"picked":"Battle Trance","floor":27},{"not_picked":["Cleave","Thunderclap","Warcry"],"picked":"SKIP","floor":28},{"not_picked":["Immolate","Barricade"],"picked":"Double Tap","floor":33},{"not_picked":["Sword Boomerang","Clothesline+1"],"picked":"Flex+1","floor":35},{"not_picked":["Searing Blow","Headbutt"],"picked":"Bloodletting+1","floor":36},{"not_picked":["Forethought","Swift Strike"],"picked":"Mayhem","floor":37},{"not_picked":["Jack Of All Trades","Mind Blast"],"picked":"Mayhem","floor":37},{"not_picked":["Madness","Purity"],"picked":"Metamorphosis","floor":37},{"not_picked":["Twin Strike","Infernal Blade","Iron Wave"],"picked":"SKIP","floor":39},{"not_picked":["Burning Pact","Clash"],"picked":"Shockwave+1","floor":40},{"not_picked":["Headbutt","Cleave+1"],"picked":"Pommel Strike+1","floor":41},{"not_picked":["Immolate","Anger"],"picked":"Pommel Strike+1","floor":44},{"not_picked":["Twin Strike","Havoc"],"picked":"Battle Trance","floor":47},{"not_picked":["Burning Pact","Clash","Thunderclap"],"picked":"SKIP","floor":48},{"not_picked":["True Grit","Reckless Charge+1"],"picked":"Fiend Fire","floor":55}],"player_experience":1896320,"relics_obtained":[{"floor":6,"key":"War Paint"},{"floor":8,"key":"Odd Mushroom"},{"floor":9,"key":"Vajra"},{"floor":12,"key":"Dream Catcher"},{"floor":14,"key":"Bottled Tornado"},{"floor":23,"key":"Dodecahedron"},{"floor":28,"key":"Pen Nib"},{"floor":36,"key":"Calipers"},{"floor":40,"key":"The Courier"},{"floor":43,"key":"Oddly Smooth Stone"},{"floor":44,"key":"Meat on the Bone"},{"floor":55,"key":"Mercury Hourglass"}],"event_choices":[{"cards_removed":["Strike_R"],"damage_healed":0,"gold_gain":0,"player_choice":"Card Removal","damage_taken":7,"max_hp_gain":0,"max_hp_loss":0,"event_name":"Golden Wing","floor":3,"gold_loss":0},{"damage_healed":0,"gold_gain":0,"player_choice":"Lose Max HP","damage_taken":0,"relics_obtained":["Golden Idol"],"max_hp_gain":0,"max_hp_loss":7,"event_name":"Golden Idol","floor":5,"gold_loss":0},{"damage_healed":0,"gold_gain":0,"player_choice":"Fought Mushrooms","damage_taken":0,"max_hp_gain":0,"max_hp_loss":0,"event_name":"Mushrooms","floor":8,"gold_loss":0},{"damage_healed":0,"gold_gain":0,"player_choice":"Gave Potion","damage_taken":0,"relics_obtained":["Orichalcum"],"max_hp_gain":0,"max_hp_loss":0,"event_name":"WeMeetAgain","floor":13,"gold_loss":0},{"damage_healed":0,"gold_gain":0,"player_choice":"Obtained Relic","damage_taken":0,"relics_obtained":["Gambling Chip"],"max_hp_gain":0,"max_hp_loss":0,"event_name":"Addict","floor":19,"gold_loss":85},{"damage_healed":0,"gold_gain":0,"player_choice":"Opened","damage_taken":0,"relics_obtained":["Smiling Mask"],"max_hp_gain":0,"max_hp_loss":0,"event_name":"The Mausoleum","floor":20,"gold_loss":0,"cards_obtained":["Writhe"]},{"damage_healed":0,"gold_gain":0,"player_choice":"Ignored","damage_taken":0,"max_hp_gain":0,"max_hp_loss":0,"event_name":"Ghosts","floor":30,"gold_loss":0},{"damage_healed":0,"gold_gain":0,"cards_transformed":["Strike_R","Strike_R"],"player_choice":"Became Test Subject","damage_taken":0,"max_hp_gain":0,"max_hp_loss":0,"event_name":"Drug Dealer","floor":31,"gold_loss":0,"cards_obtained":["Heavy Blade","Shockwave"]},{"damage_healed":0,"gold_gain":0,"player_choice":"Fight","damage_taken":0,"max_hp_gain":0,"max_hp_loss":0,"event_name":"MindBloom","floor":36,"gold_loss":0},{"damage_healed":0,"gold_gain":0,"player_choice":"Memory 3","damage_taken":10,"max_hp_gain":0,"max_hp_loss":0,"event_name":"SensoryStone","floor":37,"gold_loss":0}],"is_beta":false,"boss_relics":[{"not_picked":["Black Blood","Sozu"],"picked":"Runic Pyramid"},{"not_picked":["Astrolabe","White Beast Statue"],"picked":"Velvet Choker"}],"items_purged_floors":[22,38],"is_endless":false,"potions_floor_spawned":[2,11,12,16,18,27,36,40,41,55],"killed_by":"The Heart","ascension_level":20}