{"gold_per_floor":[112,124,74,4,19,19,54,74,74,88,88,54,72,1,1,99,99,116,116,132,159,159],"floor_reached":22,"playtime":1974,"items_purged":[],"score":251,"play_id":"f75f86ce-059d-4cbd-84d3-2a75aecb8a33","local_time":"20181001121341","is_ascension_mode":true,"campfire_choices":[{"data":"Footwork","floor":6.0,"key":"SMITH"},{"data":"Deadly Poison","floor":15.0,"key":"SMITH"}],"neow_cost":"NONE","seed_source_timestamp":0,"circlet_count":0,"master_deck":["Defend_G","Defend_G","Defend_G","Defend_G","Defend_G","Strike_G","Strike_G","Strike_G","Strike_G","Survivor","Neutralize+1","Dagger Throw","Quick Slash","Footwork+1","Sucker Punch+1","Dodge and Roll","Bouncing Flask","Deadly Poison+1","Backflip","PiercingWail","Backflip"],"special_seed":0,"relics":["Ring of the Snake","Dream Catcher","Pantograph","Cursed Key","MutagenicStrength","Red Mask"],"potions_floor_usage":[16,22,22],"damage_taken":[{"damage":1.0,"enemies":"Small Slimes","floor":1.0,"turns":4.0},{"damage":4.0,"enemies":"2 Louse","floor":2.0,"turns":4.0},{"damage":0.0,"enemies":"Cultist","floor":5.0,"turns":3.0},{"damage":12.0,"enemies":"3 Sentries","floor":7.0,"turns":12.0},{"damage":12.0,"enemies":"Gremlin Gang","floor":8.0,"turns":9.0},{"damage":4.0,"enemies":"Exordium Thugs","floor":10.0,"turns":7.0},{"damage":6.0,"enemies":"Looter","floor":13.0,"turns":4.0},{"damage":33,"enemies":"Slime Boss","floor":16,"turns":13},{"damage":10,"enemies":"Spheric Guardian","floor":18,"turns":4},{"damage":0,"enemies":"Chosen","floor":20,"turns":4},{"damage":45,"enemies":"Masked Bandits","floor":21,"turns":5},{"damage":12,"enemies":"Snecko","floor":22,"turns":4}],"seed_played":"4551653090766420969","potions_obtained":[{"floor":7.0,"key":"SpeedPotion"},{"floor":16,"key":"LiquidBronze"},{"floor":18,"key":"SteroidPotion"},{"floor":21,"key":"SteroidPotion"}],"is_trial":false,"path_per_floor":["M","M","?","$","M","R","E","M","T","M","?","$","M","$","R","B",null,"M","?","M","?"],"character_chosen":"THE_SILENT","items_purchased":["Footwork","Bouncing Flask","Deadly Poison","Backflip"],"campfire_rested":0,"item_purchase_floors":[4,12,14,14],"current_hp_per_floor":[62,58,58,58,58,58,46,34,34,30,30,30,24,24,24,16,57,47,47,47,2,0],"gold":159,"neow_bonus":"UPGRADE_CARD","is_prod":false,"is_daily":false,"chose_seed":false,"campfire_upgraded":2,"win_rate":0,"timestamp":1538360021,"path_taken":["M","M","?","$","M","R","E","M","T","M","?","$","?","?","R","BOSS","M","?","M","?","M"],"build_version":"2018-09-27","purchased_purges":0,"victory":false,"max_hp_per_floor":[70,70,70,70,70,70,70,70,70,70,70,70,70,70,70,70,70,70,70,70,70,70],"card_choices":[{"not_picked":["Dodge and Roll","Riddle With Holes"],"picked":"Dagger Throw","floor":1.0},{"not_picked":["Skewer","Underhanded Strike"],"picked":"Quick Slash","floor":2.0},{"not_picked":["Flechettes","Choke","Masterful Stab"],"picked":"SKIP","floor":5.0},{"not_picked":["Terror","Reflex"],"picked":"Sucker Punch","floor":7.0},{"not_picked":["Quick Slash","Bane"],"picked":"Dodge and Roll","floor":8.0},{"not_picked":["Endless Agony","Acrobatics","Riddle With Holes"],"picked":"SKIP","floor":10.0},{"not_picked":["Prepared","Dagger Throw","Envenom"],"picked":"SKIP","floor":13.0},{"not_picked":["Underhanded Strike","Finisher","Poisoned Stab"],"picked":"SKIP","floor":18},{"not_picked":["Deadly Poison","Choke"],"picked":"PiercingWail","floor":20},{"not_picked":["Accuracy","Prepared+1"],"picked":"Backflip","floor":21}],"player_experience":437429,"relics_obtained":[{"floor":7.0,"key":"Dream Catcher"},{"floor":9.0,"key":"Pantograph"},{"floor":21,"key":"Red Mask"}],"event_choices":[{"event_name":"The Cleric","player_choice":"Card Removal","floor":3.0,"damage_taken":0.0},{"event_name":"Upgrade Shrine","player_choice":"Upgraded","floor":11.0,"damage_taken":0.0},{"event_name":"Drug Dealer","player_choice":"Inject Mutagens","floor":19,"damage_taken":0},{"event_name":"Masked Bandits","player_choice":"Fought Bandits","floor":21,"damage_taken":0}],"is_beta":false,"boss_relics":[{"not_picked":["Fusion Hammer","White Beast Statue"],"picked":"Cursed Key"}],"items_purged_floors":[],"is_endless":false,"potions_floor_spawned":[7,16,18,21],"killed_by":"Snecko","ascension_level":7}