{"gold_per_floor":[110,110,130,55,55,88,88,108,108,134,149,161,161,161,161,161],"floor_reached":16,"playtime":607,"items_purged":[],"score":220,"play_id":"33e94940-b6c6-46b2-9977-f5f6862e111b","local_time":"20181104183436","is_ascension_mode":true,"campfire_choices":[{"data":"Skewer","floor":7,"key":"SMITH"},{"floor":13,"key":"DIG"},{"floor":15,"key":"DIG"}],"neow_cost":"NONE","seed_source_timestamp":1639235907726178,"circlet_count":0,"master_deck":["AscendersBane","Defend_G","Defend_G","Defend_G","Defend_G","Defend_G","Strike_G","Strike_G","Strike_G","Survivor","Neutralize","Skewer+1","Deadly Poison","Glass Knife","After Image","Deadly Poison","Dodge and Roll"],"relics":["Ring of the Snake","Dodecahedron","Paper Crane","Shovel","Boot","Strawberry","Omamori"],"potions_floor_usage":[6,16,16],"damage_taken":[{"damage":0,"enemies":"Jaw Worm","floor":1,"turns":4},{"damage":0,"enemies":"2 Louse","floor":3,"turns":2},{"damage":12,"enemies":"3 Sentries","floor":6,"turns":11},{"damage":0,"enemies":"Cultist","floor":8,"turns":4},{"damage":26,"enemies":"Lagavulin","floor":10,"turns":6},{"damage":5,"enemies":"3 Louse","floor":11,"turns":3},{"damage":0,"enemies":"Looter","floor":12,"turns":4},{"damage":43,"enemies":"Slime Boss","floor":16,"turns":10}],"seed_played":"8871601883853684740","potions_obtained":[{"floor":3,"key":"Energy Potion"},{"floor":8,"key":"Dexterity Potion"},{"floor":12,"key":"GamblersBrew"}],"is_trial":false,"path_per_floor":["M","?","M","?","?","E","R","M","T","E","M","M","R","?","R","B"],"character_chosen":"THE_SILENT","items_purchased":[],"campfire_rested":0,"item_purchase_floors":[],"current_hp_per_floor":[65,70,70,70,70,58,58,58,58,32,27,27,27,34,34,0],"gold":161,"neow_bonus":"TEN_PERCENT_HP_BONUS","is_prod":false,"is_daily":false,"chose_seed":false,"campfire_upgraded":1,"win_rate":0,"timestamp":1541352876,"path_taken":["M","?","M","?","?","E","R","M","T","E","M","?","R","?","R","BOSS"],"build_version":"2018-11-01","purchased_purges":0,"victory":false,"max_hp_per_floor":[72,77,77,77,77,77,77,77,77,77,77,77,77,84,84,84],"card_choices":[{"not_picked":["Bane","Eviscerate"],"picked":"Skewer","floor":1},{"not_picked":["Quick Slash","Prepared"],"picked":"Deadly Poison","floor":3},{"not_picked":["Reflex","Blade Dance"],"picked":"After Image","floor":6},{"not_picked":["Underhanded Strike","Masterful Stab"],"picked":"Deadly Poison","floor":8},{"not_picked":["Slice","Tactician","Reflex"],"picked":"SKIP","floor":10},{"not_picked":["Heel Hook","Sucker Punch","Bane"],"picked":"SKIP","floor":11},{"not_picked":["Quick Slash","Skewer"],"picked":"Dodge and Roll","floor":12}],"player_experience":1553788,"relics_obtained":[{"floor":6,"key":"Dodecahedron"},{"floor":9,"key":"Paper Crane"},{"floor":10,"key":"Shovel"},{"floor":13,"key":"Boot"},{"floor":15,"key":"Omamori"}],"event_choices":[{"damage_healed":0,"gold_gain":0,"player_choice":"Donut","damage_taken":0,"max_hp_gain":5,"max_hp_loss":0,"event_name":"Big Fish","floor":2,"gold_loss":0},{"cards_removed":["Strike_G"],"damage_healed":0,"gold_gain":0,"player_choice":"Card Removal","damage_taken":0,"max_hp_gain":0,"max_hp_loss":0,"event_name":"The Cleric","floor":4,"gold_loss":75},{"damage_healed":0,"gold_gain":0,"cards_transformed":["Strike_G"],"player_choice":"Transformed","damage_taken":0,"max_hp_gain":0,"max_hp_loss":0,"event_name":"Transmorgrifier","floor":5,"gold_loss":0,"cards_obtained":["Glass Knife"]},{"damage_healed":0,"gold_gain":0,"player_choice":"Searched \u00271\u0027 times","damage_taken":0,"relics_obtained":["Strawberry"],"max_hp_gain":0,"max_hp_loss":0,"event_name":"Dead Adventurer","floor":14,"gold_loss":0}],"is_beta":false,"boss_relics":[],"items_purged_floors":[],"is_endless":false,"potions_floor_spawned":[3,8,12],"killed_by":"Slime Boss","ascension_level":20}