{"gold_per_floor":[111,121,137,3,19,19,37,37,37,37,52,71,100,14,14,14],"floor_reached":16,"playtime":630,"items_purged":[],"score":208,"play_id":"5d7e9574-d429-4c8f-bf15-9f0d16c65d54","local_time":"20190310110211","is_ascension_mode":true,"campfire_choices":[{"data":"Sunder","floor":6.0,"key":"SMITH"},{"data":"Core Surge","floor":8.0,"key":"SMITH"},{"data":"Go for the Eyes","floor":15.0,"key":"SMITH"}],"neow_cost":"NONE","seed_source_timestamp":0,"circlet_count":0,"master_deck":["AscendersBane","Strike_B","Strike_B","Strike_B","Strike_B","Defend_B","Defend_B","Defend_B","Defend_B","Zap+1","Dualcast","Sweeping Beam","Tempest","Sunder+1","Core Surge+1","Auto Shields","Rip and Tear","Glacier","Genetic Algorithm","White Noise","Conserve Battery","Go for the Eyes+1"],"special_seed":0,"relics":["Cracked Core","Question Card","Bag of Preparation"],"potions_floor_usage":[16],"damage_taken":[{"damage":2.0,"enemies":"Cultist","floor":1.0,"turns":4.0},{"damage":2.0,"enemies":"2 Louse","floor":2.0,"turns":3.0},{"damage":7.0,"enemies":"Jaw Worm","floor":3.0,"turns":3.0},{"damage":9.0,"enemies":"Red Slaver","floor":5.0,"turns":3.0},{"damage":7.0,"enemies":"2 Fungi Beasts","floor":7.0,"turns":2.0},{"damage":0.0,"enemies":"Blue Slaver","floor":11.0,"turns":2.0},{"damage":3.0,"enemies":"Red Slaver","floor":12.0,"turns":3.0},{"damage":9.0,"enemies":"Gremlin Nob","floor":13.0,"turns":4.0},{"damage":32,"enemies":"Slime Boss","floor":16,"turns":6}],"seed_played":"2322455087786035544","potions_obtained":[{"floor":3.0,"key":"FocusPotion"},{"floor":11.0,"key":"Block Potion"}],"is_trial":false,"path_per_floor":["M","M","M","$","M","R","M","R","T","?","M","M","E","$","R","B"],"character_chosen":"DEFECT","items_purchased":["Core Surge","Fire Potion","Conserve Battery","Go for the Eyes"],"campfire_rested":0,"item_purchase_floors":[4,4,14,14],"current_hp_per_floor":[69,67,60,60,51,51,44,44,44,44,44,41,32,32,32,0],"gold":14,"neow_bonus":"TEN_PERCENT_HP_BONUS","is_prod":false,"is_daily":false,"chose_seed":false,"campfire_upgraded":3,"win_rate":0,"timestamp":1552208531,"path_taken":["M","M","M","$","M","R","M","R","T","?","?","M","E","?","R","BOSS"],"build_version":"2019-01-23","purchased_purges":0,"victory":false,"max_hp_per_floor":[78,78,78,78,78,78,78,78,78,78,78,78,78,78,78,78],"card_choices":[{"not_picked":["Reprogram","Turbo"],"picked":"Sweeping Beam","floor":1.0},{"not_picked":["Barrage","Scrape"],"picked":"Tempest","floor":2.0},{"not_picked":["Steam","Turbo"],"picked":"Sunder","floor":3.0},{"not_picked":["Force Field","Redo"],"picked":"Auto Shields","floor":5.0},{"not_picked":["Aggregate","Steam Power"],"picked":"Rip and Tear","floor":7.0},{"not_picked":["Lockon","Go for the Eyes","Coolheaded"],"picked":"Glacier","floor":11.0},{"not_picked":["Turbo","Compile Driver","Rebound"],"picked":"Genetic Algorithm","floor":12.0},{"not_picked":["Barrage","Beam Cell","Auto Shields"],"picked":"White Noise","floor":13.0}],"player_experience":1574813,"relics_obtained":[{"floor":9.0,"key":"Question Card"},{"floor":13.0,"key":"Bag of Preparation"}],"event_choices":[{"damage_healed":0.0,"max_hp_gain":0.0,"max_hp_loss":0.0,"gold_gain":0.0,"event_name":"Accursed Blacksmith","player_choice":"Forge","floor":10.0,"gold_loss":0.0,"damage_taken":0.0,"cards_upgraded":["Zap"]}],"is_beta":false,"boss_relics":[],"items_purged_floors":[],"is_endless":false,"potions_floor_spawned":[3,7,11,12],"killed_by":"Slime Boss","ascension_level":20}