{"gold_per_floor":[112,122,133,133,147,176,176,209,209,284,249,262,262,29,29,29],"floor_reached":16,"playtime":609,"items_purged":["Strike_R"],"score":220,"play_id":"68c75028-a223-472f-a14d-d230e1dbc312","local_time":"20190203210029","is_ascension_mode":true,"campfire_choices":[{"data":"Bash","floor":7,"key":"SMITH"},{"data":"Inflame","floor":15,"key":"SMITH"}],"neow_cost":"NONE","seed_source_timestamp":1626624105456793,"circlet_count":0,"master_deck":["AscendersBane","Strike_R","Strike_R","Strike_R","Defend_R","Defend_R","Defend_R","Defend_R","Bash+1","Dark Embrace","Cleave","Pommel Strike","Hemokinesis","Anger","Second Wind","Inflame+1"],"relics":["Burning Blood","Boot","Dodecahedron","Charon\u0027s Ashes","Bird Faced Urn","Oddly Smooth Stone"],"potions_floor_usage":[8,8,10],"damage_taken":[{"damage":13,"enemies":"Cultist","floor":1,"turns":5},{"damage":9,"enemies":"Jaw Worm","floor":2,"turns":5},{"damage":7,"enemies":"Small Slimes","floor":3,"turns":5},{"damage":9,"enemies":"2 Fungi Beasts","floor":5,"turns":3},{"damage":38,"enemies":"3 Sentries","floor":6,"turns":8},{"damage":25,"enemies":"Lagavulin","floor":8,"turns":6},{"damage":11,"enemies":"Exordium Wildlife","floor":12,"turns":5},{"damage":23,"enemies":"Hexaghost","floor":16,"turns":7}],"seed_played":"-5371148526586160549","potions_obtained":[{"floor":1,"key":"Poison Potion"},{"floor":3,"key":"Weak Potion"},{"floor":8,"key":"Fruit Juice"}],"is_trial":false,"path_per_floor":["M","M","M","?","M","E","R","E","T","?","?","M","?","$","R","B"],"character_chosen":"IRONCLAD","items_purchased":["Oddly Smooth Stone"],"campfire_rested":0,"item_purchase_floors":[14],"current_hp_per_floor":[61,58,57,62,59,27,27,8,8,2,23,18,18,18,18,0],"gold":29,"neow_bonus":"TRANSFORM_CARD","is_prod":false,"is_daily":false,"chose_seed":false,"campfire_upgraded":2,"win_rate":0,"timestamp":1549224029,"path_taken":["M","M","?","?","M","E","R","E","T","?","?","?","?","$","R","BOSS"],"build_version":"2019-01-23","purchased_purges":1,"victory":false,"max_hp_per_floor":[75,75,75,80,80,80,80,80,80,85,85,85,85,85,85,85],"card_choices":[{"not_picked":["Disarm","Second Wind"],"picked":"Cleave","floor":1},{"not_picked":["Corruption","Warcry"],"picked":"Pommel Strike","floor":2},{"not_picked":["Iron Wave","Clash"],"picked":"Hemokinesis","floor":3},{"not_picked":["Clothesline","Clash"],"picked":"Anger","floor":5},{"not_picked":["Seeing Red","Havoc"],"picked":"Second Wind","floor":6},{"not_picked":["Whirlwind","Body Slam","Dual Wield"],"picked":"SKIP","floor":8},{"not_picked":["Warcry","Entrench"],"picked":"Inflame","floor":12}],"player_experience":1853536,"relics_obtained":[{"floor":6,"key":"Boot"},{"floor":8,"key":"Dodecahedron"},{"floor":9,"key":"Charon\u0027s Ashes"}],"event_choices":[{"damage_healed":0,"gold_gain":0,"player_choice":"Donut","damage_taken":0,"max_hp_gain":5,"max_hp_loss":0,"event_name":"Big Fish","floor":4,"gold_loss":0},{"damage_healed":0,"gold_gain":75,"player_choice":"Gather Gold","damage_taken":11,"max_hp_gain":0,"max_hp_loss":0,"event_name":"World of Goop","floor":10,"gold_loss":0},{"damage_healed":21,"gold_gain":0,"player_choice":"Healed","damage_taken":0,"max_hp_gain":0,"max_hp_loss":0,"event_name":"The Cleric","floor":11,"gold_loss":35},{"damage_healed":0,"gold_gain":0,"player_choice":"Searched \u00271\u0027 times","damage_taken":0,"relics_obtained":["Bird Faced Urn"],"max_hp_gain":0,"max_hp_loss":0,"event_name":"Dead Adventurer","floor":13,"gold_loss":0}],"is_beta":false,"boss_relics":[],"items_purged_floors":[14],"is_endless":false,"potions_floor_spawned":[1,3,8],"killed_by":"Hexaghost","ascension_level":20}