{"gold_per_floor":[110,110,42,56,76,76,103,103,159,176,27,59,78,98,98,196,196],"floor_reached":17,"playtime":1168,"items_purged":[],"score":200,"play_id":"5388be20-448a-4815-98d7-313621160de7","local_time":"20190310204420","is_ascension_mode":true,"campfire_choices":[{"data":"True Grit","floor":6,"key":"SMITH"},{"data":"Uppercut","floor":8,"key":"SMITH"},{"data":"Pommel Strike","floor":15,"key":"SMITH"}],"neow_cost":"NONE","seed_source_timestamp":21725570802497,"circlet_count":0,"master_deck":["Strike_R","Strike_R","Strike_R","Strike_R","Defend_R","Defend_R","Defend_R","Defend_R","Bash","Carnage","Thunderclap","Uppercut+1","Pommel Strike+1","True Grit+1","Battle Trance","Flame Barrier","Feel No Pain","Iron Wave","Immolate"],"relics":["Burning Blood","Happy Flower","Tiny Chest","Bag of Preparation","Dead Branch","Ectoplasm"],"potions_floor_usage":[13],"damage_taken":[{"damage":7,"enemies":"Jaw Worm","floor":1,"turns":3},{"damage":1,"enemies":"Cultist","floor":4,"turns":3},{"damage":7,"enemies":"2 Louse","floor":5,"turns":2},{"damage":39,"enemies":"3 Sentries","floor":7,"turns":15},{"damage":1,"enemies":"2 Fungi Beasts","floor":10,"turns":3},{"damage":12,"enemies":"Gremlin Nob","floor":12,"turns":3},{"damage":2,"enemies":"Exordium Thugs","floor":13,"turns":3},{"damage":11,"enemies":"Looter","floor":14,"turns":3},{"damage":51,"enemies":"Hexaghost","floor":16,"turns":10}],"seed_played":"-3259490571579703768","potions_obtained":[{"floor":4,"key":"Strength Potion"},{"floor":7,"key":"AttackPotion"},{"floor":12,"key":"Strength Potion"},{"floor":13,"key":"Ancient Potion"}],"is_trial":false,"path_per_floor":["M","?","$","M","M","R","E","R","T","M","$","E","M","M","R","B",null],"character_chosen":"IRONCLAD","items_purchased":["Uppercut","Bag of Preparation"],"campfire_rested":0,"item_purchase_floors":[3,11],"current_hp_per_floor":[87,87,87,88,87,87,54,54,54,59,59,53,57,52,52,7,88],"gold":196,"neow_bonus":"TEN_PERCENT_HP_BONUS","is_prod":false,"is_daily":false,"chose_seed":false,"campfire_upgraded":3,"win_rate":0,"timestamp":1552243460,"path_taken":["M","?","$","M","M","R","E","R","T","?","?","E","M","M","R","BOSS"],"build_version":"2019-01-23","purchased_purges":0,"victory":false,"max_hp_per_floor":[88,88,88,88,88,88,88,88,88,88,88,88,88,88,88,88,88],"card_choices":[{"not_picked":["Shrug It Off","Flex"],"picked":"Carnage","floor":1},{"not_picked":["Intimidate","Wild Strike"],"picked":"Pommel Strike","floor":4},{"not_picked":["Perfected Strike","Disarm"],"picked":"True Grit","floor":5},{"not_picked":["Wild Strike","Thunderclap"],"picked":"Battle Trance","floor":7},{"not_picked":["Clash","Rage","Anger"],"picked":"SKIP","floor":10},{"not_picked":["Flex","Clothesline"],"picked":"Flame Barrier","floor":12},{"not_picked":["Perfected Strike","Wild Strike"],"picked":"Feel No Pain","floor":13},{"not_picked":["Clothesline","Searing Blow"],"picked":"Iron Wave","floor":14},{"not_picked":["Limit Break","Barricade"],"picked":"Immolate","floor":16}],"player_experience":753807,"relics_obtained":[{"floor":7,"key":"Happy Flower"},{"floor":9,"key":"Tiny Chest"},{"floor":12,"key":"Dead Branch"}],"event_choices":[{"damage_healed":0,"gold_gain":0,"cards_transformed":["Strike_R"],"player_choice":"Transformed","damage_taken":0,"max_hp_gain":0,"max_hp_loss":0,"event_name":"Transmorgrifier","floor":2,"gold_loss":0,"cards_obtained":["Thunderclap"]}],"is_beta":false,"boss_relics":[{"not_picked":["Fusion Hammer","Tiny House"],"picked":"Ectoplasm"}],"items_purged_floors":[],"is_endless":false,"potions_floor_spawned":[4,7,12,13],"ascension_level":4}