{"gold_per_floor":[112,126,17,33,33,33,44,44,44,44,44,44,55,88,88,162,162,180,180,194,194,244,244,13,13,13,13,28,47,47],"floor_reached":30,"playtime":1306,"items_purged":[],"score":456,"play_id":"ca198808-1e56-4fe9-9fd9-8972822138c9","local_time":"20190204235717","is_ascension_mode":true,"campfire_choices":[{"data":"Zap","floor":6.0,"key":"SMITH"},{"data":"Redo","floor":8.0,"key":"SMITH"},{"data":"Dualcast","floor":10.0,"key":"SMITH"},{"data":"Streamline","floor":12.0,"key":"SMITH"},{"floor":15.0,"key":"REST"},{"data":"Static Discharge","floor":23,"key":"SMITH"},{"data":"All For One","floor":25,"key":"SMITH"},{"data":"Gash","floor":27,"key":"SMITH"}],"neow_cost":"NONE","seed_source_timestamp":524979055939895,"circlet_count":0,"master_deck":["AscendersBane","Strike_B","Strike_B","Strike_B","Strike_B","Defend_B","Defend_B","Defend_B","Defend_B","Zap+1","Dualcast+1","All For One+1","Redo+1","Gash+1","Turbo","Static Discharge+1","Streamline+1","Reprogram","Gash","Reboot","Steam","Echo Form","Static Discharge+1","Glacier"],"special_seed":0,"relics":["Cracked Core","Ornamental Fan","Singing Bowl","Mummified Hand","Lizard Tail","Lee\u0027s Waffle","Ginger"],"potions_floor_usage":[30],"damage_taken":[{"damage":1.0,"enemies":"Cultist","floor":1.0,"turns":3.0},{"damage":0.0,"enemies":"2 Louse","floor":2.0,"turns":2.0},{"damage":2.0,"enemies":"Jaw Worm","floor":4.0,"turns":3.0},{"damage":18.0,"enemies":"Exordium Wildlife","floor":7.0,"turns":3.0},{"damage":13.0,"enemies":"3 Louse","floor":13.0,"turns":3.0},{"damage":4.0,"enemies":"3 Sentries","floor":14.0,"turns":4.0},{"damage":28.0,"enemies":"Slime Boss","floor":16.0,"turns":6.0},{"damage":24.0,"enemies":"Chosen","floor":18.0,"turns":4.0},{"damage":6.0,"enemies":"Spheric Guardian","floor":20.0,"turns":3.0},{"damage":60,"enemies":"Colosseum Slavers","floor":21,"turns":5},{"damage":45,"enemies":"Cultist and Chosen","floor":28,"turns":5},{"damage":19,"enemies":"Snake Plant","floor":29,"turns":2},{"damage":25,"enemies":"Book of Stabbing","floor":30,"turns":3}],"seed_played":"6316677809123308994","potions_obtained":[{"floor":1.0,"key":"GamblersBrew"},{"floor":2.0,"key":"EssenceOfSteel"},{"floor":13.0,"key":"Swift Potion"},{"floor":14.0,"key":"Regen Potion"},{"floor":16.0,"key":"SteroidPotion"},{"floor":29,"key":"Energy Potion"}],"is_trial":false,"path_per_floor":["M","M","$","M","T","R","M","R","T","R","?","R","M","E","R","B",null,"M","?","M","?","?","R","$","R","T","R","M","M","E"],"character_chosen":"DEFECT","items_purchased":["Turbo","Static Discharge","Lee\u0027s Waffle"],"campfire_rested":1,"item_purchase_floors":[3,3,24],"current_hp_per_floor":[63,63,63,61,61,61,43,43,43,43,43,43,32,28,49,21,60,36,51,50,36,36,36,80,80,80,80,35,16,0],"gold":47,"neow_bonus":"ONE_RANDOM_RARE_CARD","is_prod":false,"is_daily":false,"chose_seed":false,"campfire_upgraded":7,"win_rate":0,"timestamp":1549317437,"path_taken":["M","M","$","M","?","R","M","R","T","R","?","R","M","E","R","BOSS","M","?","M","?","?","R","$","R","T","R","M","M","E"],"build_version":"2019-01-23","purchased_purges":0,"victory":false,"max_hp_per_floor":[71,71,71,71,71,71,71,71,71,71,71,71,73,73,73,73,73,73,73,73,73,73,73,80,80,80,80,80,80,80],"card_choices":[{"not_picked":["Force Field","Aggregate"],"picked":"Redo","floor":1.0},{"not_picked":["Turbo","Compile Driver"],"picked":"Gash","floor":2.0},{"not_picked":["Compile Driver","Static Discharge"],"picked":"Streamline","floor":4.0},{"not_picked":["Storm","Redo"],"picked":"Reprogram","floor":7.0},{"not_picked":["Compile Driver","Reprogram","Stack"],"picked":"Singing Bowl","floor":13.0},{"not_picked":["Genetic Algorithm","Sweeping Beam"],"picked":"Gash","floor":14.0},{"not_picked":["Echo Form","Hyperbeam"],"picked":"Reboot","floor":16.0},{"not_picked":["Genetic Algorithm","Barrage"],"picked":"Steam","floor":18.0},{"not_picked":["Barrage+1","Turbo"],"picked":"Echo Form","floor":20.0},{"not_picked":["Hologram","Steam"],"picked":"Static Discharge+1","floor":28},{"not_picked":["Skim","Leap"],"picked":"Glacier","floor":29}],"player_experience":1515585,"relics_obtained":[{"floor":5.0,"key":"Ornamental Fan"},{"floor":9.0,"key":"Singing Bowl"},{"floor":14.0,"key":"Mummified Hand"},{"floor":26,"key":"Ginger"}],"event_choices":[{"damage_healed":0.0,"max_hp_gain":0.0,"max_hp_loss":0.0,"gold_gain":0.0,"event_name":"Golden Idol","player_choice":"Ignored","floor":11.0,"gold_loss":0.0,"damage_taken":0.0},{"damage_healed":15.0,"max_hp_gain":0.0,"max_hp_loss":0.0,"gold_gain":0.0,"event_name":"The Library","player_choice":"Heal","floor":19.0,"gold_loss":0.0,"damage_taken":0.0},{"damage_healed":0,"gold_gain":0,"player_choice":"Fight","damage_taken":0,"max_hp_gain":0,"max_hp_loss":0,"event_name":"Colosseum","floor":21,"gold_loss":0},{"damage_healed":0,"gold_gain":0,"player_choice":"Fled From Nobs","damage_taken":0,"max_hp_gain":0,"max_hp_loss":0,"event_name":"Colosseum","floor":21,"gold_loss":0},{"damage_healed":0,"gold_gain":50,"player_choice":"Stole From Cult","damage_taken":0,"max_hp_gain":0,"max_hp_loss":0,"event_name":"Nest","floor":22,"gold_loss":0}],"is_beta":false,"boss_relics":[{"not_picked":["Calling Bell","Snecko Eye"],"picked":"Lizard Tail"}],"items_purged_floors":[],"is_endless":false,"potions_floor_spawned":[1,2,13,14,16,21,29],"killed_by":"Book of Stabbing","ascension_level":20}