{"gold_per_floor":[113,38,50,62,75,105,105,133,182,40,74,74,103,120,120,199,199,211,126,140,140,155,185,185,211,289,289,321,321,321,39,39,116,116,129,139,139,190,83,83,83],"floor_reached":41,"playtime":1961,"items_purged":["Strike_B","Strike_B","Strike_B"],"score":1150,"play_id":"e1fe641f-aba9-4bed-be7f-2e52f07f3b7a","local_time":"20181114230704","is_ascension_mode":true,"campfire_choices":[{"data":"Defragment","floor":7,"key":"SMITH"},{"data":"Compile Driver","floor":12,"key":"SMITH"},{"data":"Glacier","floor":15,"key":"SMITH"},{"data":"Electrodynamics","floor":24,"key":"SMITH"},{"data":"Defend_B","floor":27,"key":"SMITH"},{"data":"Defend_B","floor":29,"key":"SMITH"},{"data":"Defragment","floor":32,"key":"SMITH"},{"floor":40,"key":"REST"}],"neow_cost":"NONE","seed_source_timestamp":222229967546608,"circlet_count":0,"master_deck":["AscendersBane","Defend_B","Defend_B","Defend_B+1","Defend_B+1","Zap+1","Dualcast","Defragment+1","Glacier+1","Compile Driver+1","Hologram+1","Chill+1","Genetic Algorithm+1","Coolheaded+1","Hologram+1","Electrodynamics+1","Chill+1","Tempest+1","Stack+1","Genetic Algorithm+1","Reboot+1","Capacitor","Defragment+1","Conserve Battery+1","Core Surge","Seek+1"],"relics":["Cracked Core","Smiling Mask","Toxic Egg 2","Regal Pillow","Pen Nib","WingedGreaves","Snecko Eye","StoneCalendar","Pantograph","Blood Vial","Question Card","Matryoshka","Vajra","Tiny Chest","Runic Dome","Prayer Wheel"],"potions_floor_usage":[5,6,23,25,38,41],"damage_taken":[{"damage":8,"enemies":"2 Louse","floor":1,"turns":2},{"damage":2,"enemies":"Jaw Worm","floor":3,"turns":3},{"damage":0,"enemies":"Small Slimes","floor":4,"turns":4},{"damage":0,"enemies":"3 Louse","floor":5,"turns":6},{"damage":21,"enemies":"3 Sentries","floor":6,"turns":7},{"damage":0,"enemies":"Lagavulin","floor":8,"turns":8},{"damage":12,"enemies":"3 Sentries","floor":11,"turns":13},{"damage":0,"enemies":"Lagavulin","floor":13,"turns":7},{"damage":4,"enemies":"Blue Slaver","floor":14,"turns":3},{"damage":13,"enemies":"The Guardian","floor":16,"turns":13},{"damage":0,"enemies":"Spheric Guardian","floor":18,"turns":4},{"damage":0,"enemies":"3 Byrds","floor":20,"turns":3},{"damage":0,"enemies":"Cultist and Chosen","floor":22,"turns":6},{"damage":0,"enemies":"Slavers","floor":23,"turns":3},{"damage":16,"enemies":"Book of Stabbing","floor":25,"turns":4},{"damage":10,"enemies":"Slavers","floor":28,"turns":3},{"damage":5,"enemies":"Collector","floor":33,"turns":11},{"damage":21,"enemies":"3 Darklings","floor":35,"turns":7},{"damage":0,"enemies":"Orb Walker","floor":36,"turns":3},{"damage":34,"enemies":"2 Orb Walkers","floor":38,"turns":4},{"damage":80,"enemies":"Reptomancer","floor":41,"turns":2}],"seed_played":"5963890037664622018","potions_obtained":[{"floor":1,"key":"Regen Potion"},{"floor":3,"key":"EssenceOfSteel"},{"floor":4,"key":"PowerPotion"},{"floor":13,"key":"Explosive Potion"},{"floor":16,"key":"Swift Potion"},{"floor":20,"key":"LiquidBronze"},{"floor":28,"key":"PowerPotion"},{"floor":38,"key":"FearPotion"}],"is_trial":false,"path_per_floor":["M","?","M","M","M","E","R","E","T","$","E","R","E","M","R","B",null,"M","?","M","T","M","E","R","E","T","R","E","R","?","$","R","B",null,"M","M","?","?","$","R","E"],"character_chosen":"DEFECT","items_purchased":["Chill+1","PowerPotion","Defragment","Conserve Battery+1","Tiny Chest","Dexterity Potion"],"campfire_rested":1,"item_purchase_floors":[10,10,31,31,31,39],"current_hp_per_floor":[56,56,54,54,69,48,48,48,48,48,36,36,36,32,32,19,58,58,58,58,58,58,58,58,44,44,44,36,36,36,36,36,58,68,49,51,51,19,19,55,0],"gold":83,"neow_bonus":"UPGRADE_CARD","is_prod":false,"is_daily":false,"chose_seed":false,"campfire_upgraded":7,"win_rate":0,"timestamp":1542233224,"path_taken":["M","?","M","M","M","E","R","E","T","$","E","R","E","M","R","BOSS","M","?","M","?","M","E","R","E","T","R","E","R","?","$","R","BOSS","M","M","?","?","$","R","E"],"build_version":"2018-11-08","purchased_purges":3,"victory":false,"max_hp_per_floor":[71,71,71,71,71,71,71,71,71,71,71,71,71,71,71,71,71,71,71,71,71,71,71,71,71,71,71,71,71,71,71,71,71,71,71,71,71,71,71,71,71],"card_choices":[{"not_picked":["FTL","Redo"],"picked":"Defragment","floor":1},{"not_picked":["FTL","Hologram"],"picked":"Glacier","floor":3},{"not_picked":["Coolheaded","Barrage"],"picked":"Compile Driver","floor":4},{"not_picked":["Turbo","Redo","Streamline"],"picked":"SKIP","floor":5},{"not_picked":["Storm","Recycle","Gash"],"picked":"SKIP","floor":6},{"not_picked":["Redo","Beam Cell"],"picked":"Hologram","floor":8},{"not_picked":["BootSequence+1","Heatsinks"],"picked":"Genetic Algorithm+1","floor":11},{"not_picked":["Steam Power+1","Storm"],"picked":"Coolheaded+1","floor":13},{"not_picked":["Double Energy+1","Compile Driver"],"picked":"Hologram+1","floor":14},{"not_picked":["Rainbow+1","Core Surge"],"picked":"Electrodynamics","floor":16},{"not_picked":["Turbo+1","Recycle+1"],"picked":"Chill+1","floor":18},{"not_picked":["Steam+1","Stack+1"],"picked":"Tempest+1","floor":20},{"not_picked":["Sweeping Beam","Lockon","Turbo+1"],"picked":"SKIP","floor":22},{"not_picked":["Scrape","Leap+1"],"picked":"Stack+1","floor":23},{"not_picked":["Ball Lightning","Barrage"],"picked":"Genetic Algorithm+1","floor":25},{"not_picked":["Ball Lightning","BootSequence+1","Cold Snap+1"],"picked":"Reboot+1","floor":28},{"not_picked":["Amplify+1","Electrodynamics","Biased Cognition"],"picked":"Core Surge","floor":33},{"not_picked":["Reprogram+1","Sweeping Beam+1","Compile Driver","Melter"],"picked":"SKIP","floor":35},{"not_picked":["Beam Cell","Self Repair+1","Ball Lightning","Leap+1"],"picked":"SKIP","floor":36},{"not_picked":["Stack+1","Ball Lightning","Streamline+1"],"picked":"Seek+1","floor":38}],"player_experience":1608450,"relics_obtained":[{"floor":6,"key":"Smiling Mask"},{"floor":8,"key":"Toxic Egg 2"},{"floor":9,"key":"Regal Pillow"},{"floor":11,"key":"Pen Nib"},{"floor":13,"key":"WingedGreaves"},{"floor":21,"key":"Pantograph"},{"floor":23,"key":"Blood Vial"},{"floor":25,"key":"Question Card"},{"floor":26,"key":"Matryoshka"},{"floor":28,"key":"Vajra"},{"floor":38,"key":"Prayer Wheel"}],"event_choices":[{"cards_removed":["Strike_B"],"damage_healed":0,"gold_gain":0,"player_choice":"Card Removal","damage_taken":0,"max_hp_gain":0,"max_hp_loss":0,"event_name":"The Cleric","floor":2,"gold_loss":75},{"damage_healed":0,"gold_gain":0,"player_choice":"Obtained Relic","damage_taken":0,"relics_obtained":["StoneCalendar"],"max_hp_gain":0,"max_hp_loss":0,"event_name":"Addict","floor":19,"gold_loss":85},{"damage_healed":0,"gold_gain":0,"player_choice":"Read","damage_taken":0,"max_hp_gain":0,"max_hp_loss":0,"event_name":"The Library","floor":30,"gold_loss":0,"cards_obtained":["Capacitor"]},{"damage_healed":0,"gold_gain":0,"player_choice":"Ignored","damage_taken":0,"max_hp_gain":0,"max_hp_loss":0,"event_name":"Tomb of Lord Red Mask","floor":37,"gold_loss":0},{"damage_healed":0,"gold_gain":0,"player_choice":"Fight","damage_taken":0,"max_hp_gain":0,"max_hp_loss":0,"event_name":"Mysterious Sphere","floor":38,"gold_loss":0}],"is_beta":false,"boss_relics":[{"not_picked":["Fusion Hammer","Cursed Key"],"picked":"Snecko Eye"},{"not_picked":["Sozu","Runic Pyramid"],"picked":"Runic Dome"}],"items_purged_floors":[10,31,39],"is_endless":false,"potions_floor_spawned":[1,3,4,13,14,16,18,20,28,38],"killed_by":"Reptomancer","ascension_level":20}