{"gold_per_floor":[109,34,47,59,5,30,43,43,43,43,43,53,53,87,87,161,161,175,175,275,289,9,9],"floor_reached":23,"playtime":1981,"items_purged":[],"score":398,"play_id":"e97c8c1c-89b3-4867-b3a1-b6f499714480","local_time":"20181030110754","is_ascension_mode":true,"campfire_choices":[{"data":"Whirlwind","floor":8,"key":"SMITH"},{"data":"Disarm","floor":10,"key":"SMITH"},{"data":"Bludgeon","floor":13,"key":"SMITH"},{"data":"Armaments","floor":15,"key":"SMITH"}],"neow_cost":"NONE","seed_source_timestamp":1178971147768651,"circlet_count":0,"master_deck":["Strike_R","Strike_R","Strike_R","Strike_R","Defend_R","Defend_R","Defend_R","Defend_R","Bash+1","AscendersBane","Anger","Whirlwind+1","Armaments+1","Disarm+1","Bludgeon+1","Barricade+1","Demon Form+1","Feed","Flash of Steel"],"relics":["Burning Blood","Vajra","Frozen Egg 2","Pocketwatch","Busted Crown","Pantograph","WingedGreaves"],"potions_floor_usage":[6,6,23],"damage_taken":[{"damage":8,"enemies":"Small Slimes","floor":1,"turns":5},{"damage":7,"enemies":"Jaw Worm","floor":3,"turns":2},{"damage":3,"enemies":"2 Louse","floor":4,"turns":3},{"damage":8,"enemies":"Gremlin Nob","floor":6,"turns":3},{"damage":5,"enemies":"Gremlin Gang","floor":7,"turns":6},{"damage":5,"enemies":"Large Slime","floor":12,"turns":3},{"damage":29,"enemies":"Lagavulin","floor":14,"turns":6},{"damage":28,"enemies":"The Guardian","floor":16,"turns":19},{"damage":6,"enemies":"Spheric Guardian","floor":18,"turns":3},{"damage":22,"enemies":"Colosseum Slavers","floor":20,"turns":3},{"damage":16,"enemies":"Colosseum Nobs","floor":20,"turns":3},{"damage":0,"enemies":"Chosen","floor":21,"turns":4},{"damage":45,"enemies":"Book of Stabbing","floor":23,"turns":4}],"seed_played":"-8259305429967618136","potions_obtained":[{"floor":3,"key":"GamblersBrew"},{"floor":12,"key":"SteroidPotion"},{"floor":14,"key":"Swift Potion"},{"floor":21,"key":"Energy Potion"}],"is_trial":false,"path_per_floor":["M","?","M","M","$","E","M","R","T","R","$","M","R","E","R","B",null,"M","?","?","M","$"],"character_chosen":"IRONCLAD","items_purchased":["FearPotion","Feed","Flash of Steel"],"campfire_rested":0,"item_purchase_floors":[5,22,22],"current_hp_per_floor":[66,66,65,68,68,66,67,67,67,67,67,68,68,45,45,23,62,62,62,36,42,42,0],"gold":9,"neow_bonus":"UPGRADE_CARD","is_prod":false,"is_daily":false,"chose_seed":false,"campfire_upgraded":4,"win_rate":0,"timestamp":1540894074,"path_taken":["M","?","M","M","$","E","M","R","T","R","$","M","R","E","R","BOSS","M","?","?","M","$","E"],"build_version":"2018-10-25v2","purchased_purges":0,"victory":false,"max_hp_per_floor":[75,75,75,75,75,75,75,75,75,75,75,75,75,75,75,75,75,75,75,75,75,75,75],"card_choices":[{"not_picked":["Flex","Evolve"],"picked":"Anger","floor":1},{"not_picked":["Warcry","Searing Blow"],"picked":"Whirlwind","floor":3},{"not_picked":["Warcry","Wild Strike"],"picked":"Armaments","floor":4},{"not_picked":["Flex","Searing Blow","Burning Pact"],"picked":"SKIP","floor":6},{"not_picked":["Havoc","Evolve"],"picked":"Disarm","floor":7},{"not_picked":["Havoc","Iron Wave"],"picked":"Bludgeon","floor":12},{"not_picked":["Anger","Offering"],"picked":"Barricade+1","floor":14},{"not_picked":["Berserk+1","Immolate"],"picked":"Demon Form+1","floor":16},{"not_picked":["Thunderclap"],"picked":"SKIP","floor":18},{"not_picked":["Armaments"],"picked":"SKIP","floor":21}],"player_experience":1493937,"relics_obtained":[{"floor":6,"key":"Vajra"},{"floor":9,"key":"Frozen Egg 2"},{"floor":14,"key":"Pocketwatch"},{"floor":20,"key":"Pantograph"},{"floor":20,"key":"WingedGreaves"}],"event_choices":[{"cards_removed":["Strike_R"],"damage_healed":0,"gold_gain":0,"player_choice":"Card Removal","damage_taken":0,"max_hp_gain":0,"max_hp_loss":0,"event_name":"The Cleric","floor":2,"gold_loss":75},{"damage_healed":0,"gold_gain":0,"player_choice":"Ignored","damage_taken":0,"max_hp_gain":0,"max_hp_loss":0,"event_name":"N\u0027loth","floor":19,"gold_loss":0},{"damage_healed":0,"gold_gain":0,"player_choice":"Fight","damage_taken":0,"max_hp_gain":0,"max_hp_loss":0,"event_name":"Colosseum","floor":20,"gold_loss":0},{"damage_healed":0,"gold_gain":0,"player_choice":"Fought Nobs","damage_taken":0,"max_hp_gain":0,"max_hp_loss":0,"event_name":"Colosseum","floor":20,"gold_loss":0}],"is_beta":false,"boss_relics":[{"not_picked":["Philosopher\u0027s Stone","Orrery"],"picked":"Busted Crown"}],"items_purged_floors":[],"is_endless":false,"potions_floor_spawned":[3,12,14,18,21],"killed_by":"Book of Stabbing","ascension_level":20}