{"gold_per_floor":[117,134,84,16,35,35,70,70,70,70,19,32,32,49,49,123,123,135,135,63,77,93,93,113,139,139,99,99],"floor_reached":28,"playtime":2367,"items_purged":[],"score":393,"play_id":"cc20ab9f-3a2a-42b2-a3b9-9ed975fdb5f6","local_time":"20190310112538","is_ascension_mode":true,"campfire_choices":[{"data":"Anger","floor":6,"key":"SMITH"},{"data":"Corruption","floor":8,"key":"SMITH"},{"data":"Shrug It Off","floor":13,"key":"SMITH"},{"data":"Clothesline","floor":15,"key":"SMITH"},{"data":"Disarm","floor":23,"key":"SMITH"}],"neow_cost":"NONE","seed_source_timestamp":2099237157550099,"circlet_count":0,"master_deck":["AscendersBane","Strike_R","Strike_R","Strike_R","Defend_R","Defend_R","Defend_R","Defend_R+1","Bash+1","Clothesline+1","Anger+1","Corruption+1","Shrug It Off+1","Rampage","Barricade","Flame Barrier","Ghostly Armor","Disarm+1","Metallicize+1","Sentinel"],"relics":["Burning Blood","Mercury Hourglass","Paper Frog","Runic Pyramid","Thread and Needle","Torii"],"potions_floor_usage":[16,16,25,25,25,28],"damage_taken":[{"damage":5,"enemies":"Small Slimes","floor":1,"turns":3},{"damage":8,"enemies":"2 Louse","floor":2,"turns":3},{"damage":10,"enemies":"Jaw Worm","floor":5,"turns":4},{"damage":15,"enemies":"Lagavulin","floor":7,"turns":6},{"damage":4,"enemies":"Red Slaver","floor":12,"turns":4},{"damage":6,"enemies":"Lots of Slimes","floor":14,"turns":3},{"damage":55,"enemies":"Hexaghost","floor":16,"turns":10},{"damage":20,"enemies":"Shell Parasite","floor":18,"turns":6},{"damage":10,"enemies":"Spheric Guardian","floor":21,"turns":4},{"damage":0,"enemies":"Snecko","floor":22,"turns":6},{"damage":0,"enemies":"Snake Plant","floor":24,"turns":4},{"damage":34,"enemies":"Slavers","floor":25,"turns":6},{"damage":37,"enemies":"Gremlin Leader","floor":28,"turns":7}],"seed_played":"-9197420546775302528","potions_obtained":[{"floor":1,"key":"EssenceOfSteel"},{"floor":2,"key":"AttackPotion"},{"floor":16,"key":"PowerPotion"},{"floor":18,"key":"EntropicBrew"},{"floor":25,"key":"Fruit Juice"}],"is_trial":false,"path_per_floor":["M","M","?","$","M","R","E","R","T","?","$","M","R","M","R","B",null,"M","?","$","M","M","R","M","E","T","?","E"],"character_chosen":"IRONCLAD","items_purchased":["Corruption","Shrug It Off","Disarm"],"campfire_rested":0,"item_purchase_floors":[4,11,20],"current_hp_per_floor":[73,71,71,71,67,67,58,58,58,58,58,60,60,60,60,11,63,49,49,49,45,51,51,57,29,29,29,0],"gold":99,"neow_bonus":"UPGRADE_CARD","is_prod":false,"is_daily":false,"chose_seed":false,"campfire_upgraded":5,"win_rate":0,"timestamp":1552231538,"path_taken":["M","M","?","$","M","R","E","R","T","?","?","M","R","M","R","BOSS","M","?","$","M","M","R","?","E","T","?","E"],"build_version":"2019-01-23","purchased_purges":0,"victory":false,"max_hp_per_floor":[80,80,80,80,80,80,80,80,80,80,80,80,80,80,80,80,80,80,80,80,80,80,80,80,80,80,80,85],"card_choices":[{"not_picked":["Headbutt","Sword Boomerang"],"picked":"Clothesline","floor":1},{"not_picked":["Wild Strike","Rupture"],"picked":"Anger","floor":2},{"not_picked":["Rupture","Clash","Wild Strike"],"picked":"SKIP","floor":5},{"not_picked":["Thunderclap","Armaments","Body Slam"],"picked":"SKIP","floor":7},{"not_picked":["Blood for Blood","Clash"],"picked":"Rampage","floor":12},{"not_picked":["Sword Boomerang","Limit Break","Blood for Blood"],"picked":"SKIP","floor":14},{"not_picked":["Limit Break","Exhume"],"picked":"Barricade","floor":16},{"not_picked":["True Grit+1","Flex"],"picked":"Flame Barrier","floor":18},{"not_picked":["Havoc","Twin Strike","Whirlwind"],"picked":"SKIP","floor":21},{"not_picked":["Wild Strike","Cleave","Twin Strike"],"picked":"SKIP","floor":22},{"not_picked":["Combust","Brutality"],"picked":"Metallicize","floor":24},{"not_picked":["Pommel Strike","Twin Strike"],"picked":"Sentinel","floor":25}],"player_experience":386645,"relics_obtained":[{"floor":7,"key":"Mercury Hourglass"},{"floor":9,"key":"Paper Frog"},{"floor":25,"key":"Thread and Needle"},{"floor":26,"key":"Torii"}],"event_choices":[{"cards_removed":["Strike_R"],"damage_healed":0,"gold_gain":0,"player_choice":"Card Removal","damage_taken":0,"max_hp_gain":0,"max_hp_loss":0,"event_name":"The Cleric","floor":3,"gold_loss":50},{"damage_healed":0,"gold_gain":0,"player_choice":"Ignored","damage_taken":0,"max_hp_gain":0,"max_hp_loss":0,"event_name":"Liars Game","floor":10,"gold_loss":0},{"damage_healed":0,"gold_gain":0,"cards_transformed":["Strike_R"],"player_choice":"Transformed","damage_taken":0,"max_hp_gain":0,"max_hp_loss":0,"event_name":"Transmorgrifier","floor":19,"gold_loss":0,"cards_obtained":["Ghostly Armor"]},{"damage_healed":0,"gold_gain":0,"player_choice":"Upgraded Two","damage_taken":0,"max_hp_gain":0,"max_hp_loss":0,"event_name":"Designer","floor":27,"gold_loss":40,"cards_upgraded":["Defend_R","Metallicize"]}],"is_beta":false,"boss_relics":[{"not_picked":["White Beast Statue","Lizard Tail"],"picked":"Runic Pyramid"}],"items_purged_floors":[],"is_endless":false,"potions_floor_spawned":[1,2,14,16,18,24,25],"killed_by":"Gremlin Leader","ascension_level":13}