{"gold_per_floor":[117,129,129,15,33,33,68,68,68,98,123,182,182,10,10,87,87,97,97,22,34,49,84,84,113,113,141,157,157,192,211,211,211],"floor_reached":33,"playtime":1643,"items_purged":["Strike_G"],"score":686,"play_id":"98e07109-9720-4fd8-bca2-ee8ff7bdcc62","local_time":"20180926192018","is_ascension_mode":true,"campfire_choices":[{"data":"Sucker Punch","floor":6,"key":"SMITH"},{"data":"Skewer","floor":8,"key":"SMITH"},{"data":"Footwork","floor":13,"key":"SMITH"},{"data":"Noxious Fumes","floor":15,"key":"SMITH"},{"floor":24,"key":"REST"},{"floor":32,"key":"REST"}],"neow_cost":"NONE","seed_source_timestamp":596926834580218,"circlet_count":0,"master_deck":["Defend_G","Defend_G+1","Defend_G","Defend_G","Defend_G+1","Strike_G","Strike_G","Strike_G","Survivor","Neutralize+1","AscendersBane","Cloak And Dagger","Poisoned Stab","Backstab","Sucker Punch+1","Skewer+1","Terror","Footwork+1","Crippling Poison","Noxious Fumes+1","Corpse Explosion","Backstab","Dagger Spray+1","Wraith Form v2"],"relics":["Ring of the Snake","Sundial","Dream Catcher","Mummified Hand","Odd Mushroom","Vajra","Sozu","Calipers","Gremlin Horn","Dead Branch","War Paint","Strawberry"],"potions_floor_usage":[30],"damage_taken":[{"damage":0,"enemies":"Cultist","floor":1,"turns":4},{"damage":2,"enemies":"Small Slimes","floor":2,"turns":5},{"damage":0,"enemies":"2 Louse","floor":5,"turns":2},{"damage":16,"enemies":"3 Sentries","floor":7,"turns":10},{"damage":2,"enemies":"The Mushroom Lair","floor":10,"turns":4},{"damage":4,"enemies":"Lagavulin","floor":11,"turns":6},{"damage":0,"enemies":"The Guardian","floor":16,"turns":10},{"damage":8,"enemies":"2 Thieves","floor":18,"turns":3},{"damage":0,"enemies":"3 Byrds","floor":21,"turns":2},{"damage":0,"enemies":"Centurion and Healer","floor":22,"turns":2},{"damage":16,"enemies":"Slavers","floor":23,"turns":4},{"damage":22,"enemies":"Gremlin Leader","floor":25,"turns":5},{"damage":7,"enemies":"Slavers","floor":27,"turns":2},{"damage":0,"enemies":"3 Cultists","floor":28,"turns":2},{"damage":14,"enemies":"Book of Stabbing","floor":30,"turns":3},{"damage":0,"enemies":"Chosen and Byrds","floor":31,"turns":3},{"damage":52,"enemies":"Automaton","floor":33,"turns":10}],"seed_played":"-8382926830957831460","potions_obtained":[{"floor":10,"key":"LiquidBronze"},{"floor":16,"key":"Dexterity Potion"}],"is_trial":false,"path_per_floor":["M","M","T","$","M","R","E","R","T","?","E","?","R","$","R","B",null,"M","?","?","M","M","E","R","E","T","E","M","?","E","M","R"],"character_chosen":"THE_SILENT","items_purchased":["Backstab","Crippling Poison","Noxious Fumes"],"campfire_rested":2,"item_purchase_floors":[4,14,14],"current_hp_per_floor":[59,57,57,57,57,57,41,41,41,39,35,35,35,35,35,35,58,50,63,63,63,63,47,66,44,44,37,37,37,30,30,51,0],"gold":211,"neow_bonus":"UPGRADE_CARD","is_prod":false,"is_daily":false,"chose_seed":false,"campfire_upgraded":4,"win_rate":0,"timestamp":1537982418,"path_taken":["M","M","?","$","?","R","E","R","T","?","E","?","R","$","R","BOSS","M","?","?","M","M","E","R","E","T","E","M","?","E","M","R","BOSS"],"build_version":"2018-09-20","purchased_purges":1,"victory":false,"max_hp_per_floor":[66,66,66,66,66,66,66,66,66,66,66,66,66,66,66,66,66,66,66,66,66,66,66,66,66,66,66,66,66,73,73,73,73],"card_choices":[{"not_picked":["Blade Dance","Riddle With Holes"],"picked":"Cloak And Dagger","floor":1},{"not_picked":["Bouncing Flask","Dagger Throw"],"picked":"Poisoned Stab","floor":2},{"not_picked":["Reflex","Outmaneuver"],"picked":"Sucker Punch","floor":5},{"not_picked":["Quick Slash","Prepared"],"picked":"Skewer","floor":7},{"not_picked":["Blade Dance","Masterful Stab"],"picked":"Terror","floor":10},{"not_picked":["Deadly Poison","Calculated Gamble"],"picked":"Footwork","floor":11},{"not_picked":["Die Die Die","Tools of the Trade"],"picked":"Corpse Explosion","floor":16},{"not_picked":["Dagger Throw","Endless Agony"],"picked":"Backstab","floor":18},{"not_picked":["Choke","Deflect","Underhanded Strike"],"picked":"SKIP","floor":21},{"not_picked":["Deadly Poison","Acrobatics","Quick Slash"],"picked":"SKIP","floor":22},{"not_picked":["Slice","Reflex","Riddle With Holes"],"picked":"SKIP","floor":23},{"not_picked":["Phantasmal Killer","Dagger Throw"],"picked":"Dagger Spray+1","floor":24},{"not_picked":["Skewer","Prepared","Poisoned Stab"],"picked":"SKIP","floor":25},{"not_picked":["Flying Knee","Finisher"],"picked":"Wraith Form v2","floor":27},{"not_picked":["Prepared","Deflect","Choke"],"picked":"SKIP","floor":28},{"not_picked":["Cloak And Dagger","Quick Slash","Deadly Poison"],"picked":"SKIP","floor":30},{"not_picked":["Prepared","Bane","Escape Plan"],"picked":"SKIP","floor":31}],"player_experience":1249267,"relics_obtained":[{"floor":3,"key":"Sundial"},{"floor":7,"key":"Dream Catcher"},{"floor":9,"key":"Mummified Hand"},{"floor":10,"key":"Odd Mushroom"},{"floor":11,"key":"Vajra"},{"floor":23,"key":"Calipers"},{"floor":25,"key":"Gremlin Horn"},{"floor":26,"key":"Dead Branch"},{"floor":27,"key":"War Paint"},{"floor":30,"key":"Strawberry"}],"event_choices":[{"event_name":"Mushrooms","player_choice":"Fought Mushrooms","floor":10,"damage_taken":0},{"event_name":"Golden Wing","player_choice":"Gained Gold","floor":12,"damage_taken":0},{"event_name":"The Library","player_choice":"Heal","floor":19,"damage_taken":0},{"event_name":"Beggar","player_choice":"Gave Gold","floor":20,"damage_taken":0},{"event_name":"Vampires","player_choice":"Ignored","floor":29,"damage_taken":0}],"is_beta":false,"boss_relics":[{"not_picked":["Ectoplasm","Velvet Choker"],"picked":"Sozu"}],"items_purged_floors":[4],"is_endless":false,"potions_floor_spawned":[10,16,21,25,31],"killed_by":"Automaton","ascension_level":16}