{"gold_per_floor":[117,43,118,135,150,184,184,194,219,230,263,277,277,16,16,115,115,132,152,152,152],"floor_reached":21,"playtime":1570,"items_purged":["Strike_R"],"score":229,"play_id":"ee60e9bc-fd08-4e03-bf8d-1a0949bf29bc","local_time":"20190311030949","is_ascension_mode":true,"campfire_choices":[{"data":"Pommel Strike","floor":7,"key":"SMITH"},{"data":"Armaments","floor":13,"key":"SMITH"},{"floor":15,"key":"REST"}],"neow_cost":"NONE","seed_source_timestamp":44451031448653,"circlet_count":0,"master_deck":["Strike_R","Strike_R","Strike_R","Defend_R","Defend_R","Defend_R","Defend_R","Bash","Headbutt","Metallicize","Spot Weakness","Pommel Strike+1","Twin Strike","Armaments+1","Combust","Carnage","Corruption","Fiend Fire","Shrug It Off+1","Iron Wave"],"relics":["Black Blood","Pen Nib","Bag of Marbles","Lantern","Membership Card","Nilry\u0027s Codex"],"potions_floor_usage":[8,11,12,16],"damage_taken":[{"damage":2,"enemies":"Jaw Worm","floor":1,"turns":3},{"damage":5,"enemies":"2 Louse","floor":4,"turns":3},{"damage":0,"enemies":"Small Slimes","floor":5,"turns":3},{"damage":35,"enemies":"3 Sentries","floor":6,"turns":9},{"damage":25,"enemies":"Gremlin Gang","floor":8,"turns":6},{"damage":0,"enemies":"Blue Slaver","floor":10,"turns":1},{"damage":26,"enemies":"Gremlin Nob","floor":11,"turns":4},{"damage":11,"enemies":"Exordium Thugs","floor":12,"turns":6},{"damage":16,"enemies":"Slime Boss","floor":16,"turns":7},{"damage":7,"enemies":"Chosen","floor":18,"turns":3},{"damage":32,"enemies":"2 Thieves","floor":19,"turns":4}],"seed_played":"3295885986211664742","potions_obtained":[{"floor":4,"key":"SneckoOil"},{"floor":5,"key":"SpeedPotion"},{"floor":8,"key":"AttackPotion"},{"floor":12,"key":"Swift Potion"},{"floor":18,"key":"Strength Potion"},{"floor":19,"key":"GamblersBrew"}],"is_trial":false,"path_per_floor":["M","$","?","M","M","E","R","M","T","M","E","M","R","$","R","B",null,"M","M","?","$"],"character_chosen":"IRONCLAD","items_purchased":["Metallicize","Membership Card","Corruption"],"campfire_rested":1,"item_purchase_floors":[2,14,14],"current_hp_per_floor":[80,80,69,70,76,47,47,28,28,34,14,9,9,9,33,23,80,80,58,42,42],"gold":152,"neow_bonus":"REMOVE_CARD","is_prod":false,"is_daily":false,"chose_seed":false,"campfire_upgraded":2,"win_rate":0,"timestamp":1552266589,"path_taken":["M","$","?","M","M","E","R","M","T","M","E","M","R","$","R","BOSS","M","M","?","$"],"build_version":"2019-01-23","purchased_purges":1,"victory":false,"max_hp_per_floor":[80,80,80,80,80,80,80,80,80,80,80,80,80,80,80,80,80,80,80,80,80],"card_choices":[{"not_picked":["Ghostly Armor","Thunderclap"],"picked":"Headbutt","floor":1},{"not_picked":["Perfected Strike","Carnage"],"picked":"Spot Weakness","floor":4},{"not_picked":["Brutality","Blood for Blood","Evolve"],"picked":"SKIP","floor":5},{"not_picked":["Flex","Searing Blow"],"picked":"Pommel Strike","floor":6},{"not_picked":["Warcry","Headbutt"],"picked":"Twin Strike","floor":8},{"not_picked":["Body Slam","Havoc"],"picked":"Armaments","floor":10},{"not_picked":["Blood for Blood","Clothesline"],"picked":"Combust","floor":11},{"not_picked":["Clash","Pommel Strike"],"picked":"Carnage","floor":12},{"not_picked":["Barricade","Immolate"],"picked":"Fiend Fire","floor":16},{"not_picked":["Armaments+1","Warcry"],"picked":"Shrug It Off+1","floor":18},{"not_picked":["Heavy Blade","Wild Strike"],"picked":"Iron Wave","floor":19}],"player_experience":757359,"relics_obtained":[{"floor":6,"key":"Pen Nib"},{"floor":9,"key":"Bag of Marbles"},{"floor":11,"key":"Lantern"},{"floor":20,"key":"Nilry\u0027s Codex"}],"event_choices":[{"damage_healed":0,"gold_gain":75,"player_choice":"Gather Gold","damage_taken":11,"max_hp_gain":0,"max_hp_loss":0,"event_name":"World of Goop","floor":3,"gold_loss":0},{"damage_healed":0,"gold_gain":0,"player_choice":"Obtained Book","damage_taken":16,"max_hp_gain":0,"max_hp_loss":0,"event_name":"Cursed Tome","floor":20,"gold_loss":0}],"is_beta":false,"boss_relics":[{"not_picked":["Philosopher\u0027s Stone","Lizard Tail"],"picked":"Black Blood"}],"items_purged_floors":[14],"is_endless":false,"potions_floor_spawned":[4,5,8,12,18,19],"ascension_level":4}