{"gold_per_floor":[111,91,16,35,35,65,65,92,92,110,130,161,179,189,189,265,265,275,275,293,293],"floor_reached":21,"playtime":1110,"items_purged":["Strike_B"],"score":402,"play_id":"d8c7c2e3-5b61-4461-bef1-3bdc81194a36","local_time":"20190219194309","is_ascension_mode":true,"campfire_choices":[{"floor":7,"key":"REST"},{"floor":15,"key":"REST"}],"neow_cost":"NONE","seed_source_timestamp":251880534181145,"circlet_count":0,"master_deck":["AscendersBane","Strike_B+1","Strike_B+1","Strike_B+1","Defend_B+1","Defend_B+1","Defend_B+1","Defend_B+1","Zap","Dualcast","Tempest+1","Compile Driver","Coolheaded","Sweeping Beam","Capacitor","Chill","Seek","Ball Lightning","Genetic Algorithm","Echo Form","Genetic Algorithm+1","Reinforced Body"],"relics":["Cracked Core","Ancient Tea Set","Vajra","War Paint","Question Card","Pen Nib","Velvet Choker"],"potions_floor_usage":[6,8,20],"damage_taken":[{"damage":7,"enemies":"Jaw Worm","floor":1,"turns":4},{"damage":6,"enemies":"Cultist","floor":4,"turns":3},{"damage":20,"enemies":"Lagavulin","floor":6,"turns":8},{"damage":4,"enemies":"Gremlin Nob","floor":8,"turns":3},{"damage":0,"enemies":"Small Slimes","floor":10,"turns":3},{"damage":12,"enemies":"Gremlin Gang","floor":11,"turns":5},{"damage":20,"enemies":"Lagavulin","floor":12,"turns":5},{"damage":0,"enemies":"Large Slime","floor":13,"turns":4},{"damage":4,"enemies":"Looter","floor":14,"turns":3},{"damage":8,"enemies":"Slime Boss","floor":16,"turns":7},{"damage":3,"enemies":"Spheric Guardian","floor":18,"turns":3},{"damage":3,"enemies":"Chosen","floor":20,"turns":8},{"damage":60,"enemies":"Masked Bandits","floor":21,"turns":3}],"seed_played":"2308374893455816878","potions_obtained":[{"floor":1,"key":"FocusPotion"},{"floor":2,"key":"Block Potion"},{"floor":13,"key":"Swift Potion"},{"floor":20,"key":"GamblersBrew"}],"is_trial":false,"path_per_floor":["M","?","$","M","?","E","R","E","T","M","M","E","M","M","R","B",null,"M","?","M","?"],"character_chosen":"DEFECT","items_purchased":[],"campfire_rested":2,"item_purchase_floors":[],"current_hp_per_floor":[57,57,57,51,51,31,52,48,48,48,36,16,16,12,33,25,60,57,57,54,0],"gold":293,"neow_bonus":"RANDOM_COMMON_RELIC","is_prod":false,"is_daily":false,"chose_seed":false,"campfire_upgraded":0,"win_rate":0,"timestamp":1550601789,"path_taken":["M","?","?","M","?","E","R","E","T","M","M","E","?","M","R","BOSS","M","?","M","?"],"build_version":"2019-01-23","purchased_purges":1,"victory":false,"max_hp_per_floor":[71,71,71,71,71,71,71,71,71,71,71,71,71,71,71,71,71,71,71,71,71],"card_choices":[{"not_picked":["Go for the Eyes","Turbo"],"picked":"Tempest","floor":1},{"not_picked":["Barrage","Rebound"],"picked":"Compile Driver","floor":4},{"not_picked":["Redo","Gash"],"picked":"Coolheaded","floor":6},{"not_picked":["Streamline","Cold Snap"],"picked":"Sweeping Beam","floor":8},{"not_picked":["Beam Cell","Loop","Redo"],"picked":"Capacitor","floor":10},{"not_picked":["Cold Snap","Turbo","Compile Driver"],"picked":"Chill","floor":11},{"not_picked":["Conserve Battery","Static Discharge","Sweeping Beam"],"picked":"Seek","floor":12},{"not_picked":["Barrage","Conserve Battery","Skim"],"picked":"Ball Lightning","floor":13},{"not_picked":["Conserve Battery","Fusion","Turbo"],"picked":"Genetic Algorithm","floor":14},{"not_picked":["Thunder Strike","Seek","Rainbow"],"picked":"Echo Form","floor":16},{"not_picked":["Capacitor","Reprogram","Turbo"],"picked":"Genetic Algorithm+1","floor":18},{"not_picked":["Gash","Conserve Battery","Rebound"],"picked":"Reinforced Body","floor":20}],"player_experience":1911774,"relics_obtained":[{"floor":6,"key":"Vajra"},{"floor":8,"key":"War Paint"},{"floor":9,"key":"Question Card"},{"floor":12,"key":"Pen Nib"}],"event_choices":[{"damage_healed":0,"gold_gain":0,"player_choice":"Bought 1 Potion","damage_taken":0,"max_hp_gain":0,"max_hp_loss":0,"event_name":"The Woman in Blue","floor":2,"gold_loss":0},{"damage_healed":0,"gold_gain":0,"player_choice":"Upgraded","damage_taken":0,"max_hp_gain":0,"max_hp_loss":0,"event_name":"Upgrade Shrine","floor":5,"gold_loss":0,"cards_upgraded":["Tempest"]},{"damage_healed":0,"gold_gain":0,"player_choice":"Simplicity","damage_taken":0,"max_hp_gain":0,"max_hp_loss":0,"event_name":"Back to Basics","floor":19,"gold_loss":0,"cards_upgraded":["Strike_B","Strike_B","Strike_B","Defend_B","Defend_B"]},{"damage_healed":0,"gold_gain":0,"player_choice":"Fought Bandits","damage_taken":0,"max_hp_gain":0,"max_hp_loss":0,"event_name":"Masked Bandits","floor":21,"gold_loss":0}],"is_beta":false,"boss_relics":[{"not_picked":["Lizard Tail","Orrery"],"picked":"Velvet Choker"}],"items_purged_floors":[3],"is_endless":false,"potions_floor_spawned":[1,4,13,20],"killed_by":"Masked Bandits","ascension_level":20}