{"gold_per_floor":[109,139,139,10,110,110,145,157,184,213,0,0,0,29,29,103,103,115,5,5,21,21,47,47,47],"floor_reached":25,"playtime":1279,"items_purged":["Shame","Strike_R"],"score":516,"play_id":"4238e889-bb02-43e8-bef6-69b2cf4cae9a","local_time":"20181204211024","is_ascension_mode":true,"campfire_choices":[{"data":"Uppercut","floor":6.0,"key":"SMITH"},{"floor":12.0,"key":"REST"},{"data":"Whirlwind","floor":15.0,"key":"SMITH"},{"data":"Demon Form","floor":24,"key":"SMITH"}],"neow_cost":"CURSE","seed_source_timestamp":0,"circlet_count":0,"master_deck":["AscendersBane","Strike_R","Strike_R+1","Defend_R","Defend_R+1","Defend_R","Defend_R","Bash","Demon Form+1","Uppercut+1","Headbutt","Clothesline+1","Power Through","True Grit","Whirlwind+1","Impervious","Warcry","Offering"],"special_seed":0,"relics":["Burning Blood","Tiny Chest","Dead Branch","Juzu Bracelet","The Courier","Kunai","Sozu","SsserpentHead","Meat on the Bone"],"potions_floor_usage":[23],"damage_taken":[{"damage":11.0,"enemies":"Cultist","floor":1.0,"turns":4.0},{"damage":20.0,"enemies":"Gremlin Nob","floor":7.0,"turns":4.0},{"damage":2.0,"enemies":"2 Louse","floor":8.0,"turns":3.0},{"damage":17.0,"enemies":"Lagavulin","floor":10.0,"turns":6.0},{"damage":0.0,"enemies":"Gremlin Nob","floor":14.0,"turns":3.0},{"damage":24.0,"enemies":"The Guardian","floor":16.0,"turns":11.0},{"damage":8,"enemies":"Shell Parasite","floor":18,"turns":7},{"damage":8,"enemies":"Chosen","floor":21,"turns":4},{"damage":18,"enemies":"Gremlin Leader","floor":23,"turns":5},{"damage":50,"enemies":"Book of Stabbing","floor":25,"turns":5}],"seed_played":"-6259703615669418782","potions_obtained":[{"floor":14.0,"key":"AttackPotion"}],"is_trial":false,"path_per_floor":["M","?","?","$","?","R","E","M","T","E","$","R","$","E","R","B",null,"M","?","?","M","?","E","R","E"],"character_chosen":"IRONCLAD","items_purchased":["SteroidPotion","True Grit","Fire Potion","FearPotion"],"campfire_rested":1,"item_purchase_floors":[4,11,11,11],"current_hp_per_floor":[63,58,35,35,35,35,21,25,25,14,14,36,36,42,42,24,62,60,60,60,58,58,46,46,0],"gold":47,"neow_bonus":"THREE_RARE_CARDS","is_prod":false,"is_daily":false,"chose_seed":false,"campfire_upgraded":3,"win_rate":0,"timestamp":1543954224,"path_taken":["M","?","?","$","?","R","E","?","T","E","$","R","?","E","R","BOSS","M","?","?","M","?","E","R","E"],"build_version":"2018-11-15","purchased_purges":2,"victory":false,"max_hp_per_floor":[75,75,75,75,75,75,75,75,75,75,75,75,75,75,75,75,75,75,75,75,75,75,75,75,75],"card_choices":[{"not_picked":["Offering","Juggernaut"],"picked":"Demon Form","floor":0.0},{"not_picked":["True Grit","Reckless Charge"],"picked":"Uppercut","floor":1.0},{"not_picked":["Heavy Blade","Body Slam"],"picked":"Headbutt","floor":7.0},{"not_picked":["Twin Strike","Berserk"],"picked":"Clothesline","floor":8.0},{"not_picked":["Rupture","True Grit"],"picked":"Power Through","floor":10.0},{"not_picked":["Clothesline","Thunderclap"],"picked":"Whirlwind","floor":14.0},{"not_picked":["Offering","Barricade"],"picked":"Impervious","floor":16.0},{"not_picked":["Twin Strike","Seeing Red","Bloodletting"],"picked":"SKIP","floor":18},{"not_picked":["Sword Boomerang","Burning Pact"],"picked":"Warcry","floor":21},{"not_picked":["Flex","Twin Strike"],"picked":"Offering","floor":23}],"player_experience":1664174,"relics_obtained":[{"floor":7.0,"key":"Dead Branch"},{"floor":9.0,"key":"Juzu Bracelet"},{"floor":10.0,"key":"The Courier"},{"floor":14.0,"key":"Kunai"},{"floor":23,"key":"Meat on the Bone"}],"event_choices":[{"damage_healed":0.0,"max_hp_gain":0.0,"max_hp_loss":0.0,"gold_gain":0.0,"event_name":"Scrap Ooze","player_choice":"Success","floor":2.0,"gold_loss":0.0,"damage_taken":5.0,"relics_obtained":["Tiny Chest"]},{"damage_healed":0.0,"max_hp_gain":0.0,"max_hp_loss":0.0,"gold_gain":0.0,"event_name":"Shining Light","player_choice":"Entered Light","floor":3.0,"gold_loss":0.0,"damage_taken":23.0,"cards_upgraded":["Defend_R","Strike_R"]},{"damage_healed":0.0,"max_hp_gain":0.0,"max_hp_loss":0.0,"gold_gain":100.0,"event_name":"Wheel of Change","player_choice":"Gold","floor":5.0,"gold_loss":0.0,"damage_taken":0.0},{"cards_removed":["Strike_R"],"damage_healed":0,"gold_gain":0,"player_choice":"Upgrade and Remove","damage_taken":0,"max_hp_gain":0,"max_hp_loss":0,"event_name":"Designer","floor":19,"gold_loss":110,"cards_upgraded":["Clothesline"]},{"cards_removed":["Strike_R"],"damage_healed":0,"gold_gain":0,"player_choice":"Elegance","damage_taken":0,"max_hp_gain":0,"max_hp_loss":0,"event_name":"Back to Basics","floor":20,"gold_loss":0},{"damage_healed":0,"gold_gain":0,"player_choice":"Trade","damage_taken":0,"relics_obtained":["SsserpentHead"],"max_hp_gain":0,"max_hp_loss":0,"event_name":"FaceTrader","floor":22,"gold_loss":0}],"is_beta":false,"boss_relics":[{"not_picked":["Busted Crown","Lizard Tail"],"picked":"Sozu"}],"items_purged_floors":[4,11],"is_endless":false,"potions_floor_spawned":[14,18],"killed_by":"Book of Stabbing","ascension_level":20}