{"gold_per_floor":[118,118,130,130,143,175,175,175,175,175,189,200,279,42,42,42],"floor_reached":16,"playtime":590,"items_purged":[],"score":140,"play_id":"ba32faf1-a241-45e0-b3d2-5058a2e01d2a","local_time":"20190308001716","is_ascension_mode":true,"campfire_choices":[{"data":"Zap","floor":7,"key":"SMITH"},{"data":"Self Repair","floor":10,"key":"SMITH"},{"floor":15,"key":"REST"}],"neow_cost":"NONE","seed_source_timestamp":1891721582079800,"circlet_count":0,"master_deck":["Strike_B","Defend_B","Defend_B","Defend_B","Defend_B","Zap+1","Dualcast","Sweeping Beam","Self Repair+1","Barrage","Coolheaded","Glacier","Doom and Gloom","Loop","Compile Driver"],"relics":["Cracked Core","Singing Bowl","Dodecahedron","Ornamental Fan"],"potions_floor_usage":[6],"damage_taken":[{"damage":2,"enemies":"Jaw Worm","floor":1,"turns":3},{"damage":11,"enemies":"2 Louse","floor":3,"turns":2},{"damage":5,"enemies":"Small Slimes","floor":5,"turns":3},{"damage":34,"enemies":"Lagavulin","floor":6,"turns":9},{"damage":11,"enemies":"Red Slaver","floor":11,"turns":4},{"damage":24,"enemies":"Exordium Thugs","floor":12,"turns":5},{"damage":41,"enemies":"Hexaghost","floor":16,"turns":13}],"seed_played":"7397925373535448129","potions_obtained":[{"floor":5,"key":"EssenceOfSteel"}],"is_trial":false,"path_per_floor":["M","?","M","?","M","E","R","?","T","R","M","M","T","$","R","B"],"character_chosen":"DEFECT","items_purchased":["Glacier","Doom and Gloom","Loop","Compile Driver"],"campfire_rested":1,"item_purchase_floors":[14,14,14,14],"current_hp_per_floor":[66,71,60,53,55,30,30,30,30,30,29,15,15,15,39,0],"gold":42,"neow_bonus":"REMOVE_CARD","is_prod":false,"is_daily":false,"chose_seed":false,"campfire_upgraded":2,"win_rate":0,"timestamp":1552022236,"path_taken":["M","?","M","?","M","E","R","?","T","R","M","?","?","?","R","BOSS"],"build_version":"2019-01-23","purchased_purges":0,"victory":false,"max_hp_per_floor":[75,80,80,80,80,82,82,82,82,82,82,82,82,82,82,82],"card_choices":[{"not_picked":["Chill","Conserve Battery"],"picked":"Sweeping Beam","floor":1},{"not_picked":["White Noise","Hologram"],"picked":"Self Repair","floor":3},{"not_picked":["Stack","Turbo","Aggregate"],"picked":"SKIP","floor":5},{"not_picked":["Meteor Strike","Force Field","Recycle"],"picked":"Singing Bowl","floor":6},{"not_picked":["Compile Driver","Aggregate"],"picked":"Barrage","floor":11},{"not_picked":["Heatsinks","Steam"],"picked":"Coolheaded","floor":12}],"player_experience":365419,"relics_obtained":[{"floor":6,"key":"Singing Bowl"},{"floor":9,"key":"Dodecahedron"},{"floor":13,"key":"Ornamental Fan"}],"event_choices":[{"damage_healed":0,"gold_gain":0,"player_choice":"Donut","damage_taken":0,"max_hp_gain":5,"max_hp_loss":0,"event_name":"Big Fish","floor":2,"gold_loss":0},{"cards_removed":["Strike_B"],"damage_healed":0,"gold_gain":0,"player_choice":"Card Removal","damage_taken":7,"max_hp_gain":0,"max_hp_loss":0,"event_name":"Golden Wing","floor":4,"gold_loss":0},{"cards_removed":["Strike_B"],"damage_healed":0,"gold_gain":0,"player_choice":"Purged","damage_taken":0,"max_hp_gain":0,"max_hp_loss":0,"event_name":"Purifier","floor":8,"gold_loss":0}],"is_beta":false,"boss_relics":[],"items_purged_floors":[],"is_endless":false,"potions_floor_spawned":[5],"killed_by":"Hexaghost","ascension_level":8}