{"gold_per_floor":[112,132,132,146,164,164,197,197,221,253,253,553,553,570,570,671,671,686,701,256,256,273,273,285,318,318,233,266,301,336,349,349,453,453,472,388,398,398,411,411,423,448,475,486,6,6,26,58,58,58,58,58,33,59,59],"floor_reached":56,"playtime":7767,"items_purged":["Strike_B","Defend_B"],"score":1764,"play_id":"9db8b739-bd9e-42a8-b407-4bda4825c68b","local_time":"20190305132317","is_ascension_mode":true,"campfire_choices":[{"data":"Zap","floor":6,"key":"SMITH"},{"data":"Doom and Gloom","floor":11,"key":"SMITH"},{"data":"Go for the Eyes","floor":13,"key":"SMITH"},{"floor":15,"key":"REST"},{"data":"Defragment","floor":23,"key":"SMITH"},{"data":"Biased Cognition","floor":32,"key":"SMITH"},{"data":"Amplify","floor":40,"key":"SMITH"},{"data":"Echo Form","floor":46,"key":"SMITH"},{"floor":49,"key":"RECALL"},{"data":"Loop","floor":52,"key":"SMITH"}],"neow_cost":"PERCENT_DAMAGE","seed_source_timestamp":0,"circlet_count":0,"master_deck":["Defend_B+1","Defend_B+1","Defend_B+1","Zap+1","Dualcast","Cold Snap+1","Compile Driver","Doom and Gloom+1","Go for the Eyes+1","Echo Form+1","Coolheaded","Creative AI","Hologram+1","Defragment+1","FTL","Stack+1","Undo+1","Biased Cognition+1","Hologram+1","Amplify+1","Loop+1","Capacitor","Scrape","Stack","Core Surge","Stack","Consume","Recycle","Cold Snap","Defragment+1","Doom and Gloom+1","Cold Snap"],"special_seed":0,"relics":["Cracked Core","Omamori","Ancient Tea Set","War Paint","Old Coin","Snecko Eye","Thread and Needle","Orichalcum","Smiling Mask","Centennial Puzzle","Cables","Incense Burner","Red Mask","Bird Faced Urn","Empty Cage","Symbiotic Virus","Potion Belt","Blood Vial","Anchor"],"potions_floor_usage":[7,25,25,28,29,42,50,54,55,55],"damage_taken":[{"damage":3,"enemies":"Small Slimes","floor":1,"turns":4},{"damage":4,"enemies":"2 Louse","floor":2,"turns":3},{"damage":0,"enemies":"Jaw Worm","floor":4,"turns":3},{"damage":7,"enemies":"Exordium Thugs","floor":5,"turns":4},{"damage":1,"enemies":"Gremlin Nob","floor":7,"turns":3},{"damage":12,"enemies":"3 Sentries","floor":10,"turns":4},{"damage":0,"enemies":"2 Fungi Beasts","floor":14,"turns":1},{"damage":9,"enemies":"The Guardian","floor":16,"turns":10},{"damage":5,"enemies":"Shell Parasite","floor":18,"turns":4},{"damage":4,"enemies":"Chosen","floor":19,"turns":3},{"damage":0,"enemies":"Snake Plant","floor":22,"turns":4},{"damage":2,"enemies":"Cultist and Chosen","floor":24,"turns":5},{"damage":0,"enemies":"Gremlin Leader","floor":25,"turns":9},{"damage":8,"enemies":"Slavers","floor":28,"turns":4},{"damage":13,"enemies":"Masked Bandits","floor":29,"turns":3},{"damage":0,"enemies":"Gremlin Leader","floor":30,"turns":6},{"damage":0,"enemies":"Snecko","floor":31,"turns":4},{"damage":29,"enemies":"Automaton","floor":33,"turns":8},{"damage":17,"enemies":"3 Darklings","floor":35,"turns":5},{"damage":10,"enemies":"3 Shapes","floor":37,"turns":6},{"damage":0,"enemies":"Sphere and 2 Shapes","floor":39,"turns":9},{"damage":26,"enemies":"Spire Growth","floor":41,"turns":6},{"damage":46,"enemies":"Reptomancer","floor":42,"turns":6},{"damage":3,"enemies":"Writhing Mass","floor":44,"turns":5},{"damage":0,"enemies":"Maw","floor":47,"turns":7},{"damage":40,"enemies":"Nemesis","floor":48,"turns":9},{"damage":16,"enemies":"Time Eater","floor":50,"turns":9},{"damage":13,"enemies":"Shield and Spear","floor":54,"turns":11},{"damage":32,"enemies":"The Heart","floor":55,"turns":15}],"seed_played":"-2999791157977213210","potions_obtained":[{"floor":5,"key":"Block Potion"},{"floor":7,"key":"GamblersBrew"},{"floor":18,"key":"AttackPotion"},{"floor":25,"key":"PowerPotion"},{"floor":28,"key":"Strength Potion"},{"floor":30,"key":"SpeedPotion"},{"floor":33,"key":"Block Potion"},{"floor":44,"key":"Regen Potion"}],"is_trial":false,"path_per_floor":["M","M","?","M","M","R","E","?","T","E","R","?","R","M","R","B",null,"M","M","$","?","M","R","M","E","T","?","E","?","E","M","R","B",null,"M","$","M","?","M","R","M","E","T","M","$","R","M","E","R","B",null,"R","$","E","B",null],"character_chosen":"DEFECT","items_purchased":["Thread and Needle","FocusPotion","Loop","Consume","Potion Belt","Recycle","Cold Snap","Energy Potion","FocusPotion","Cold Snap"],"campfire_rested":1,"item_purchase_floors":[20,20,36,45,45,45,45,45,45,53],"current_hp_per_floor":[47,43,68,68,61,61,60,45,45,33,33,26,26,26,48,39,66,61,57,57,57,57,57,55,55,55,55,47,34,34,46,46,45,68,70,70,75,75,75,75,57,35,35,62,62,62,75,57,57,75,75,75,75,68,69],"gold":59,"neow_bonus":"REMOVE_TWO","is_prod":false,"is_daily":false,"chose_seed":false,"campfire_upgraded":8,"win_rate":0,"timestamp":1551810197,"path_taken":["M","M","?","M","M","R","E","?","T","E","R","?","R","?","R","BOSS","M","M","$","?","M","R","M","E","T","?","E","?","E","M","R","BOSS","M","$","M","?","M","R","?","E","T","M","$","R","M","E","R","BOSS","R","$","E","BOSS"],"build_version":"2019-01-23","purchased_purges":2,"victory":true,"max_hp_per_floor":[75,75,75,75,75,75,75,75,75,75,75,75,75,75,75,75,75,75,75,75,75,75,75,75,75,75,75,75,75,75,75,75,75,75,75,75,75,75,75,75,75,75,75,75,75,75,75,75,75,75,75,75,75,75,75],"card_choices":[{"not_picked":["Steam","Doom and Gloom"],"picked":"Cold Snap","floor":1},{"not_picked":["Capacitor","Coolheaded"],"picked":"Compile Driver","floor":2},{"not_picked":["Turbo","Tempest"],"picked":"Doom and Gloom","floor":4},{"not_picked":["Coolheaded","Doom and Gloom"],"picked":"Go for the Eyes","floor":5},{"not_picked":["FTL","Rip and Tear"],"picked":"Steam","floor":7},{"not_picked":["Glacier","Barrage"],"picked":"Echo Form","floor":10},{"not_picked":["Cold Snap","Beam Cell"],"picked":"Coolheaded","floor":14},{"not_picked":["Hyperbeam","Multi-Cast"],"picked":"Creative AI","floor":16},{"not_picked":["Conserve Battery","Redo"],"picked":"Hologram+1","floor":18},{"not_picked":["Leap+1","Coolheaded"],"picked":"Defragment","floor":19},{"not_picked":["Barrage","Blizzard"],"picked":"FTL","floor":22},{"not_picked":["Barrage","Chill"],"picked":"Stack+1","floor":24},{"not_picked":["Hologram","Static Discharge","Rebound+1"],"picked":"SKIP","floor":25},{"not_picked":["Melter","Ball Lightning"],"picked":"Conserve Battery","floor":28},{"not_picked":["Lockon","Melter"],"picked":"Undo+1","floor":29},{"not_picked":["Glacier","Gash"],"picked":"Biased Cognition","floor":30},{"not_picked":["Redo","Coolheaded"],"picked":"Hologram+1","floor":31},{"not_picked":["Electrodynamics","Echo Form"],"picked":"Amplify","floor":33},{"not_picked":["Barrage+1","Beam Cell","FTL"],"picked":"SKIP","floor":35},{"not_picked":["Leap+1","Stack"],"picked":"Capacitor","floor":37},{"not_picked":["FTL","Rebound+1"],"picked":"Scrape","floor":39},{"not_picked":["Go for the Eyes+1","Leap+1"],"picked":"Stack","floor":41},{"not_picked":["Rebound","Chaos+1"],"picked":"Core Surge","floor":42},{"not_picked":["Darkness","Turbo+1"],"picked":"Stack","floor":44},{"not_picked":["Sweeping Beam+1","Barrage+1"],"picked":"Defragment+1","floor":47},{"not_picked":["Redo","Cold Snap"],"picked":"Doom and Gloom+1","floor":48},{"not_picked":["Auto Shields","Biased Cognition","Fission"],"picked":"SKIP","floor":54}],"player_experience":1711690,"relics_obtained":[{"floor":7,"key":"Omamori"},{"floor":9,"key":"Ancient Tea Set"},{"floor":10,"key":"War Paint"},{"floor":25,"key":"Smiling Mask"},{"floor":26,"key":"Centennial Puzzle"},{"floor":28,"key":"Incense Burner"},{"floor":29,"key":"Red Mask"},{"floor":30,"key":"Bird Faced Urn"},{"floor":42,"key":"Symbiotic Virus"},{"floor":48,"key":"Blood Vial"},{"floor":54,"key":"Anchor"}],"event_choices":[{"damage_healed":25,"gold_gain":0,"player_choice":"Banana","damage_taken":0,"max_hp_gain":0,"max_hp_loss":0,"event_name":"Big Fish","floor":3,"gold_loss":0},{"damage_healed":0,"gold_gain":0,"player_choice":"Entered Light","damage_taken":15,"max_hp_gain":0,"max_hp_loss":0,"event_name":"Shining Light","floor":8,"gold_loss":0,"cards_upgraded":["Defend_B","Cold Snap"]},{"damage_healed":0,"gold_gain":0,"player_choice":"Success","damage_taken":7,"relics_obtained":["Old Coin"],"max_hp_gain":0,"max_hp_loss":0,"event_name":"Scrap Ooze","floor":12,"gold_loss":0},{"damage_healed":0,"gold_gain":0,"player_choice":"Opened","damage_taken":0,"relics_obtained":["Orichalcum"],"max_hp_gain":0,"max_hp_loss":0,"event_name":"The Mausoleum","floor":21,"gold_loss":0,"cards_obtained":["Writhe"]},{"damage_healed":0,"gold_gain":0,"player_choice":"Obtained Relic","damage_taken":0,"relics_obtained":["Cables"],"max_hp_gain":0,"max_hp_loss":0,"event_name":"Addict","floor":27,"gold_loss":85},{"damage_healed":0,"gold_gain":0,"player_choice":"Fought Bandits","damage_taken":0,"max_hp_gain":0,"max_hp_loss":0,"event_name":"Masked Bandits","floor":29,"gold_loss":0},{"cards_removed":["Conserve Battery"],"damage_healed":5,"gold_gain":0,"player_choice":"Offered Common","damage_taken":0,"max_hp_gain":0,"max_hp_loss":0,"event_name":"Bonfire Elementals","floor":38,"gold_loss":0},{"cards_removed":["Conserve Battery"],"damage_healed":5,"gold_gain":0,"player_choice":"Offered Special","damage_taken":0,"max_hp_gain":0,"max_hp_loss":0,"event_name":"Bonfire Elementals","floor":38,"gold_loss":0}],"is_beta":false,"boss_relics":[{"not_picked":["Velvet Choker","Runic Dome"],"picked":"Snecko Eye"},{"not_picked":["Black Star","Philosopher\u0027s Stone"],"picked":"Empty Cage"}],"items_purged_floors":[20,36],"is_endless":false,"potions_floor_spawned":[5,7,18,22,25,28,30,33,35,44,47],"ascension_level":9}