{"gold_per_floor":[113,113,124,124,24,24,57,57,135,171,195,195,195,195,195,294,294,312,312],"floor_reached":19,"playtime":579,"items_purged":["Strike_B"],"score":346,"play_id":"064cf54b-38fb-41ac-961d-d4a748fd2eea","local_time":"20181118225913","is_ascension_mode":true,"campfire_choices":[{"data":"Consume","floor":6,"key":"SMITH"},{"data":"Loop","floor":8,"key":"SMITH"},{"floor":15,"key":"REST"}],"neow_cost":"NONE","seed_source_timestamp":275176362711315,"circlet_count":0,"master_deck":["AscendersBane","Strike_B","Defend_B","Defend_B","Defend_B","Defend_B","Zap","Dualcast","Scrape","Consume+1","Auto Shields","Ball Lightning","Loop+1","Tempest","Core Surge","Conserve Battery"],"relics":["Cracked Core","Golden Idol","Cables","Darkstone Periapt","The Courier","Letter Opener","Bronze Scales","Sozu"],"potions_floor_usage":[10,19],"damage_taken":[{"damage":7,"enemies":"Jaw Worm","floor":1,"turns":3},{"damage":0,"enemies":"Cultist","floor":3,"turns":4},{"damage":15,"enemies":"Lagavulin","floor":7,"turns":6},{"damage":29,"enemies":"3 Sentries","floor":10,"turns":5},{"damage":10,"enemies":"Small Slimes","floor":11,"turns":2},{"damage":15,"enemies":"The Guardian","floor":16,"turns":7},{"damage":3,"enemies":"Chosen","floor":18,"turns":4},{"damage":12,"enemies":"Colosseum Slavers","floor":19,"turns":3},{"damage":56,"enemies":"Colosseum Nobs","floor":19,"turns":3}],"seed_played":"7745649855832869274","potions_obtained":[{"floor":1,"key":"Explosive Potion"},{"floor":10,"key":"EssenceOfSteel"},{"floor":11,"key":"LiquidBronze"}],"is_trial":false,"path_per_floor":["M","?","M","?","$","R","E","R","T","E","M","T","?","?","R","B",null,"M","?"],"character_chosen":"DEFECT","items_purchased":["Ball Lightning"],"campfire_rested":1,"item_purchase_floors":[5],"current_hp_per_floor":[57,57,57,57,57,57,42,42,42,13,3,3,3,3,22,7,50,47,0],"gold":312,"neow_bonus":"TRANSFORM_CARD","is_prod":false,"is_daily":false,"chose_seed":false,"campfire_upgraded":2,"win_rate":0,"timestamp":1542578353,"path_taken":["M","?","?","?","$","R","E","R","T","E","M","?","?","?","R","BOSS","M","?"],"build_version":"2018-11-15","purchased_purges":1,"victory":false,"max_hp_per_floor":[71,71,71,64,64,64,64,64,64,64,64,64,64,64,64,64,64,64,64],"card_choices":[{"not_picked":["Capacitor","Redo"],"picked":"Consume","floor":1},{"not_picked":["Beam Cell","Turbo"],"picked":"Auto Shields","floor":3},{"not_picked":["Cold Snap","Skim"],"picked":"Loop","floor":7},{"not_picked":["Turbo","Rebound"],"picked":"Tempest","floor":10},{"not_picked":["Consume","Streamline","Scrape"],"picked":"SKIP","floor":11},{"not_picked":["All For One","Rainbow"],"picked":"Core Surge","floor":16},{"not_picked":["Steam Power","Hello World"],"picked":"Conserve Battery","floor":18}],"player_experience":1641820,"relics_obtained":[{"floor":7,"key":"Cables"},{"floor":9,"key":"Darkstone Periapt"},{"floor":10,"key":"The Courier"},{"floor":12,"key":"Letter Opener"}],"event_choices":[{"cards_removed":["Strike_B"],"damage_healed":0,"gold_gain":0,"player_choice":"Offered Basic","damage_taken":0,"max_hp_gain":0,"max_hp_loss":0,"event_name":"Bonfire Elementals","floor":2,"gold_loss":0},{"damage_healed":0,"gold_gain":0,"player_choice":"Lose Max HP","damage_taken":0,"relics_obtained":["Golden Idol"],"max_hp_gain":0,"max_hp_loss":7,"event_name":"Golden Idol","floor":4,"gold_loss":0},{"damage_healed":0,"gold_gain":0,"player_choice":"Fled","damage_taken":0,"max_hp_gain":0,"max_hp_loss":0,"event_name":"Scrap Ooze","floor":13,"gold_loss":0},{"damage_healed":0,"gold_gain":0,"player_choice":"Gave Potion","damage_taken":0,"relics_obtained":["Bronze Scales"],"max_hp_gain":0,"max_hp_loss":0,"event_name":"WeMeetAgain","floor":14,"gold_loss":0},{"damage_healed":0,"gold_gain":0,"player_choice":"Fight","damage_taken":0,"max_hp_gain":0,"max_hp_loss":0,"event_name":"Colosseum","floor":19,"gold_loss":0},{"damage_healed":0,"gold_gain":0,"player_choice":"Fought Nobs","damage_taken":0,"max_hp_gain":0,"max_hp_loss":0,"event_name":"Colosseum","floor":19,"gold_loss":0}],"is_beta":false,"boss_relics":[{"not_picked":["Coffee Dripper","Cursed Key"],"picked":"Sozu"}],"items_purged_floors":[5],"is_endless":false,"potions_floor_spawned":[1,10,11,19],"killed_by":"Colosseum Nobs","ascension_level":20}