{"gold_per_floor":[111,128,142,156,170,170,204,218,218,218,218,230,230,200,200,298,298,312,412,105,30,30,30,58,70,96,96,111,128,128,143,143,248,248,263,263,281,291,310,310],"floor_reached":40,"playtime":3378,"items_purged":["Strike_B"],"score":556,"play_id":"445354e1-bd01-4d1b-aeba-3e63dabde763","local_time":"20190224115806","is_ascension_mode":true,"campfire_choices":[{"data":"Creative AI","floor":6.0,"key":"SMITH"},{"data":"Zap","floor":11.0,"key":"SMITH"},{"data":"Glacier","floor":13.0,"key":"SMITH"},{"data":"Coolheaded","floor":15.0,"key":"SMITH"},{"floor":23.0,"key":"REST"},{"floor":30.0,"key":"REST"},{"data":"Seek","floor":32.0,"key":"SMITH"}],"neow_cost":"TEN_PERCENT_HP_LOSS","seed_source_timestamp":0,"circlet_count":0,"master_deck":["Defend_B","Defend_B","Defend_B","Defend_B","Zap+1","Dualcast","Creative AI+1","Auto Shields","Coolheaded+1","Sweeping Beam","Seek+1","Self Repair","Glacier+1","Conserve Battery","Electrodynamics","Blizzard","Sunder","Tempest","Ball Lightning+1","Echo Form","Fission","Self Repair+1","Rainbow","Glacier"],"special_seed":0,"relics":["Cracked Core","Question Card","Calipers","Sozu","Ginger","Gremlin Horn","Happy Flower","Shuriken","Turnip","Boot","Bottled Lightning","Empty Cage"],"potions_floor_usage":[],"damage_taken":[{"damage":9.0,"enemies":"2 Louse","floor":1.0,"turns":4.0},{"damage":0.0,"enemies":"Small Slimes","floor":2.0,"turns":3.0},{"damage":0.0,"enemies":"Cultist","floor":3.0,"turns":4.0},{"damage":11.0,"enemies":"Gremlin Gang","floor":4.0,"turns":8.0},{"damage":1.0,"enemies":"Blue Slaver","floor":5.0,"turns":4.0},{"damage":3.0,"enemies":"Lagavulin","floor":7.0,"turns":6.0},{"damage":4.0,"enemies":"2 Fungi Beasts","floor":8.0,"turns":3.0},{"damage":9.0,"enemies":"Lots of Slimes","floor":12.0,"turns":3.0},{"damage":0.0,"enemies":"Looter","floor":14.0,"turns":4.0},{"damage":7.0,"enemies":"Hexaghost","floor":16.0,"turns":11.0},{"damage":6.0,"enemies":"Shell Parasite","floor":18.0,"turns":9.0},{"damage":24.0,"enemies":"Colosseum Slavers","floor":19.0,"turns":4.0},{"damage":27.0,"enemies":"Colosseum Nobs","floor":19.0,"turns":4.0},{"damage":8.0,"enemies":"Gremlin Leader","floor":24.0,"turns":6.0},{"damage":16.0,"enemies":"3 Byrds","floor":25.0,"turns":3.0},{"damage":2.0,"enemies":"3 Cultists","floor":28.0,"turns":3.0},{"damage":2.0,"enemies":"Centurion and Healer","floor":29.0,"turns":4.0},{"damage":2.0,"enemies":"Snecko","floor":31.0,"turns":7.0},{"damage":8,"enemies":"Champ","floor":33,"turns":10},{"damage":44,"enemies":"3 Darklings","floor":35,"turns":7},{"damage":24,"enemies":"Orb Walker","floor":37,"turns":5},{"damage":0,"enemies":"Maw","floor":38,"turns":8},{"damage":0,"enemies":"4 Shapes","floor":39,"turns":2},{"damage":98,"enemies":"Giant Head","floor":40,"turns":11}],"seed_played":"-5918752623046052543","potions_obtained":[{"floor":1.0,"key":"Swift Potion"},{"floor":3.0,"key":"AttackPotion"},{"floor":4.0,"key":"FearPotion"},{"floor":7.0,"key":"Dexterity Potion"},{"floor":12.0,"key":"Block Potion"}],"is_trial":false,"path_per_floor":["M","M","M","M","M","R","E","M","T","?","R","M","R","M","R","B",null,"M","?","$","?","?","R","E","M","T","T","M","M","R","M","R","B",null,"M","?","M","M","M","E"],"character_chosen":"DEFECT","items_purchased":["Happy Flower","Sunder"],"campfire_rested":2,"item_purchase_floors":[20,20],"current_hp_per_floor":[59,59,59,48,47,47,44,40,40,33,33,31,31,38,38,38,61,62,18,18,18,18,38,37,21,21,21,26,24,44,49,49,41,61,31,31,41,68,68,0],"gold":310,"neow_bonus":"THREE_RARE_CARDS","is_prod":false,"is_daily":false,"chose_seed":false,"campfire_upgraded":5,"win_rate":0,"timestamp":1551027486,"path_taken":["M","M","M","M","M","R","E","M","T","?","R","M","R","M","R","BOSS","M","?","$","?","?","R","E","M","T","?","M","M","R","M","R","BOSS","M","?","?","M","?","E"],"build_version":"2019-01-23","purchased_purges":1,"victory":false,"max_hp_per_floor":[68,68,68,68,68,68,68,68,68,68,68,68,68,68,68,68,68,68,68,68,68,68,68,68,68,68,68,68,68,68,68,68,68,68,68,68,68,68,68,68],"card_choices":[{"not_picked":["Thunder Strike","Multi-Cast"],"picked":"Creative AI","floor":0.0},{"not_picked":["Capacitor","Aggregate"],"picked":"Auto Shields","floor":1.0},{"not_picked":["Chaos","Go for the Eyes","Hello World"],"picked":"SKIP","floor":2.0},{"not_picked":["Compile Driver","Redo"],"picked":"Coolheaded","floor":3.0},{"not_picked":["Gash","Scrape"],"picked":"Sweeping Beam","floor":4.0},{"not_picked":["Compile Driver","Sweeping Beam","Redo"],"picked":"SKIP","floor":5.0},{"not_picked":["Redo","Auto Shields"],"picked":"Seek","floor":7.0},{"not_picked":["Steam","Turbo","Coolheaded"],"picked":"Self Repair","floor":8.0},{"not_picked":["Gash","All For One","Turbo"],"picked":"Glacier","floor":12.0},{"not_picked":["Consume","Chaos","Beam Cell"],"picked":"Conserve Battery","floor":14.0},{"not_picked":["Reboot","Core Surge","Fission"],"picked":"Electrodynamics","floor":16.0},{"not_picked":["Turbo","Rebound","Go for the Eyes"],"picked":"Blizzard","floor":18.0},{"not_picked":["Barrage","Force Field","Rip and Tear+1"],"picked":"Tempest","floor":24.0},{"not_picked":["Streamline","Barrage","Go for the Eyes"],"picked":"Ball Lightning+1","floor":25.0},{"not_picked":["FTL","Beam Cell","Barrage","Melter"],"picked":"SKIP","floor":28.0},{"not_picked":["Streamline","Lockon+1","Conserve Battery+1","Chaos"],"picked":"SKIP","floor":29.0},{"not_picked":["Hologram","Steam","Go for the Eyes"],"picked":"Echo Form","floor":31.0},{"not_picked":["Buffer","All For One","Hyperbeam"],"picked":"Fission","floor":33},{"not_picked":["Beam Cell","Turbo","Streamline+1"],"picked":"Self Repair+1","floor":35},{"not_picked":["Streamline","Gash+1","Redo"],"picked":"Rainbow","floor":37},{"not_picked":["Reprogram+1","Steam+1","Capacitor","Sweeping Beam"],"picked":"SKIP","floor":38},{"not_picked":["Barrage+1","Conserve Battery+1","Skim+1"],"picked":"Glacier","floor":39}],"player_experience":275359,"relics_obtained":[{"floor":7.0,"key":"Question Card"},{"floor":9.0,"key":"Calipers"},{"floor":19.0,"key":"Ginger"},{"floor":19.0,"key":"Gremlin Horn"},{"floor":24.0,"key":"Turnip"},{"floor":26.0,"key":"Boot"},{"floor":27.0,"key":"Bottled Lightning"}],"event_choices":[{"cards_removed":["Strike_B"],"damage_healed":0.0,"max_hp_gain":0.0,"max_hp_loss":0.0,"gold_gain":0.0,"event_name":"Golden Wing","player_choice":"Card Removal","floor":10.0,"gold_loss":0.0,"damage_taken":7.0},{"damage_healed":0.0,"max_hp_gain":0.0,"max_hp_loss":0.0,"gold_gain":0.0,"event_name":"Colosseum","player_choice":"Fight","floor":19.0,"gold_loss":0.0,"damage_taken":0.0},{"damage_healed":0.0,"max_hp_gain":0.0,"max_hp_loss":0.0,"gold_gain":0.0,"event_name":"Colosseum","player_choice":"Fought Nobs","floor":19.0,"gold_loss":0.0,"damage_taken":0.0},{"cards_removed":["Strike_B"],"damage_healed":0.0,"max_hp_gain":0.0,"max_hp_loss":0.0,"gold_gain":0.0,"event_name":"Beggar","player_choice":"Gave Gold","floor":21.0,"gold_loss":75.0,"damage_taken":0.0},{"damage_healed":0.0,"max_hp_gain":0.0,"max_hp_loss":0.0,"gold_gain":0.0,"event_name":"The Mausoleum","player_choice":"Opened","floor":22.0,"gold_loss":0.0,"damage_taken":0.0,"relics_obtained":["Shuriken"],"cards_obtained":["Writhe"]},{"damage_healed":0,"gold_gain":0,"player_choice":"Bought 0 Potions","damage_taken":0,"max_hp_gain":0,"max_hp_loss":0,"event_name":"The Woman in Blue","floor":36,"gold_loss":0}],"is_beta":false,"boss_relics":[{"not_picked":["Busted Crown","Ectoplasm"],"picked":"Sozu"},{"not_picked":["Black Star","White Beast Statue"],"picked":"Empty Cage"}],"items_purged_floors":[20],"is_endless":false,"potions_floor_spawned":[1,3,4,7,12,19,25,28,33,35],"killed_by":"Giant Head","ascension_level":7}