{"gold_per_floor":[119,138,5,5,19,53,53,88,88,121,121,140,160,192,192,269,269,285,285,301,251,263,263,280,280,280,330,330,330,341,360,360,431,431,451,467,161,171,191,217,217,245,245,245,245,245,271,291,291,291,291,291,1,33,33],"floor_reached":56,"playtime":6153,"items_purged":["Strike_B","Parasite"],"score":2074,"play_id":"2754280a-01ab-4be5-8f26-6f74a99c8d4c","local_time":"20190221213208","is_ascension_mode":true,"campfire_choices":[{"data":"Go for the Eyes","floor":7,"key":"SMITH"},{"data":"Zap","floor":11,"key":"SMITH"},{"data":"Recycle","floor":15,"key":"SMITH"},{"data":"Hologram","floor":23,"key":"SMITH"},{"data":"Dualcast","floor":25,"key":"SMITH"},{"data":"Conserve Battery","floor":28,"key":"SMITH"},{"data":"Turbo","floor":32,"key":"SMITH"},{"floor":41,"key":"RECALL"},{"data":"Defend_B","floor":45,"key":"SMITH"},{"data":"Undo","floor":49,"key":"SMITH"},{"data":"Undo","floor":52,"key":"SMITH"}],"neow_cost":"NONE","seed_source_timestamp":41434352954421,"circlet_count":0,"master_deck":["AscendersBane","Strike_B","Strike_B","Strike_B","Defend_B+1","Defend_B","Defend_B","Defend_B","Zap+1","Dualcast+1","Ball Lightning","Leap+1","Rip and Tear+1","Hologram+1","Ball Lightning","Go for the Eyes+1","Conserve Battery+1","Undo+1","Recycle+1","Turbo+1","Undo+1","All For One","Gash","Beam Cell+1","Gash","Gash","Rebound","Madness","Conserve Battery+1","Skim+1","Madness","Madness","Recycle","Reprogram"],"relics":["Cursed Key","Unceasing Top","PreservedInsect","Question Card","Vajra","Coffee Dripper","Runic Pyramid","Orichalcum","Ancient Tea Set","Bird Faced Urn","Ice Cream"],"potions_floor_usage":[6,10,14,16,20,24,33,33,33,35,48,48,50,54,55],"damage_taken":[{"damage":1,"enemies":"2 Louse","floor":1,"turns":2},{"damage":0,"enemies":"Cultist","floor":2,"turns":3},{"damage":0,"enemies":"Small Slimes","floor":5,"turns":3},{"damage":12,"enemies":"3 Sentries","floor":6,"turns":5},{"damage":13,"enemies":"Gremlin Nob","floor":8,"turns":4},{"damage":0,"enemies":"Lagavulin","floor":10,"turns":4},{"damage":0,"enemies":"Gremlin Gang","floor":12,"turns":4},{"damage":0,"enemies":"Blue Slaver","floor":13,"turns":2},{"damage":10,"enemies":"3 Sentries","floor":14,"turns":5},{"damage":9,"enemies":"Slime Boss","floor":16,"turns":8},{"damage":0,"enemies":"3 Byrds","floor":18,"turns":4},{"damage":8,"enemies":"2 Thieves","floor":20,"turns":3},{"damage":0,"enemies":"Centurion and Healer","floor":22,"turns":6},{"damage":4,"enemies":"Sentry and Sphere","floor":24,"turns":6},{"damage":8,"enemies":"3 Cultists","floor":30,"turns":4},{"damage":0,"enemies":"Centurion and Healer","floor":31,"turns":4},{"damage":2,"enemies":"Collector","floor":33,"turns":4},{"damage":0,"enemies":"3 Darklings","floor":35,"turns":6},{"damage":4,"enemies":"3 Shapes","floor":36,"turns":9},{"damage":0,"enemies":"Jaw Worm Horde","floor":38,"turns":3},{"damage":0,"enemies":"3 Darklings","floor":39,"turns":3},{"damage":0,"enemies":"Giant Head","floor":40,"turns":5},{"damage":0,"enemies":"Reptomancer","floor":42,"turns":2},{"damage":17,"enemies":"Nemesis","floor":47,"turns":3},{"damage":10,"enemies":"4 Shapes","floor":48,"turns":11},{"damage":67,"enemies":"Time Eater","floor":50,"turns":10},{"damage":24,"enemies":"Shield and Spear","floor":54,"turns":5},{"damage":46,"enemies":"The Heart","floor":55,"turns":8}],"seed_played":"-6768032887175810210","potions_obtained":[{"floor":6,"key":"EssenceOfSteel"},{"floor":8,"key":"SteroidPotion"},{"floor":13,"key":"Regen Potion"},{"floor":16,"key":"FocusPotion"},{"floor":18,"key":"Energy Potion"},{"floor":22,"key":"SpeedPotion"},{"floor":31,"key":"EntropicBrew"},{"floor":33,"key":"SpeedPotion"},{"floor":36,"key":"Explosive Potion"},{"floor":48,"key":"Swift Potion"}],"is_trial":false,"path_per_floor":["M","M","$","?","M","E","R","E","T","E","R","M","M","E","R","B",null,"M","?","M","?","M","R","M","R","T","?","R","?","M","M","R","B",null,"M","M","$","M","M","E","R","E","T","?","R","?","E","M","R","B",null,"R","$","E","B",null],"character_chosen":"DEFECT","items_purchased":["Rip and Tear","Hologram","AttackPotion","Madness","Regen Potion","Regen Potion","Regen Potion","Weak Potion","Recycle"],"campfire_rested":0,"item_purchase_floors":[3,3,3,37,37,37,53,53,53],"current_hp_per_floor":[63,63,63,63,63,51,51,38,38,38,38,38,38,42,42,33,62,62,42,34,34,34,34,30,30,30,30,30,30,22,22,22,20,62,62,58,58,58,58,58,58,58,58,44,44,44,27,72,72,5,58,58,58,48,2],"gold":33,"neow_bonus":"BOSS_RELIC","is_prod":false,"is_daily":false,"chose_seed":false,"campfire_upgraded":10,"win_rate":0,"timestamp":1550802728,"path_taken":["M","M","$","?","M","E","R","E","T","E","R","M","M","E","R","BOSS","M","?","M","?","M","R","?","R","T","?","R","?","M","M","R","BOSS","M","M","$","M","?","E","R","E","T","?","R","?","E","M","R","BOSS","R","$","E","BOSS"],"build_version":"2019-01-23","purchased_purges":2,"victory":true,"max_hp_per_floor":[71,71,71,71,71,71,71,71,71,71,71,71,71,71,71,71,71,71,76,76,76,76,76,76,76,76,76,76,76,76,76,76,76,76,76,76,76,76,76,76,76,76,76,76,76,76,76,76,76,76,76,76,73,73,73],"card_choices":[{"not_picked":["Undo","Compile Driver"],"picked":"Ball Lightning","floor":1},{"not_picked":["Rebound","White Noise"],"picked":"Leap","floor":2},{"not_picked":["Steam","Reprogram"],"picked":"Ball Lightning","floor":5},{"not_picked":["Static Discharge","Meteor Strike"],"picked":"Go for the Eyes","floor":6},{"not_picked":["Hologram","Compile Driver"],"picked":"Conserve Battery","floor":8},{"not_picked":["Static Discharge","Chill"],"picked":"Undo","floor":10},{"not_picked":["BootSequence","Hologram","Streamline"],"picked":"Recycle","floor":12},{"not_picked":["Compile Driver","Rebound","Static Discharge"],"picked":"Turbo","floor":13},{"not_picked":["Genetic Algorithm","Redo","Storm"],"picked":"Undo","floor":14},{"not_picked":["Multi-Cast","Electrodynamics","Core Surge"],"picked":"All For One","floor":16},{"not_picked":["BootSequence","Ball Lightning","Streamline"],"picked":"Gash","floor":18},{"not_picked":["Capacitor+1","Defragment","Rebound+1"],"picked":"Beam Cell+1","floor":20},{"not_picked":["Streamline","Beam Cell","Barrage"],"picked":"Gash","floor":22},{"not_picked":["Go for the Eyes+1","Rebound","Streamline+1"],"picked":"Gash","floor":24},{"not_picked":["Force Field","Redo","Biased Cognition"],"picked":"Rebound","floor":30},{"not_picked":["Barrage","Cold Snap","Ball Lightning","Conserve Battery"],"picked":"SKIP","floor":31},{"not_picked":["Cold Snap","Turbo","Sweeping Beam+1","Stack"],"picked":"SKIP","floor":35},{"not_picked":["Conserve Battery","Barrage","Machine Learning","Aggregate"],"picked":"SKIP","floor":36},{"not_picked":["Force Field","Darkness","Stack","Auto Shields"],"picked":"SKIP","floor":38},{"not_picked":["Conserve Battery","Beam Cell","Sweeping Beam","Steam+1"],"picked":"SKIP","floor":39},{"not_picked":["Undo","Electrodynamics","Go for the Eyes"],"picked":"Conserve Battery+1","floor":40},{"not_picked":["Tempest","Double Energy+1","Force Field+1"],"picked":"Skim+1","floor":42},{"not_picked":["Storm","Cold Snap","Darkness","Chill"],"picked":"SKIP","floor":47},{"not_picked":["Cold Snap","Static Discharge","Capacitor","Stack"],"picked":"SKIP","floor":48},{"not_picked":["Scrape+1","Chaos","Recycle"],"picked":"Reprogram","floor":54}],"player_experience":1719934,"relics_obtained":[{"floor":6,"key":"Unceasing Top"},{"floor":8,"key":"PreservedInsect"},{"floor":10,"key":"Question Card"},{"floor":14,"key":"Vajra"},{"floor":40,"key":"Orichalcum"},{"floor":42,"key":"Ancient Tea Set"},{"floor":47,"key":"Bird Faced Urn"},{"floor":54,"key":"Ice Cream"}],"event_choices":[{"damage_healed":0,"gold_gain":0,"player_choice":"Upgraded","damage_taken":0,"max_hp_gain":0,"max_hp_loss":0,"event_name":"Upgrade Shrine","floor":4,"gold_loss":0,"cards_upgraded":["Rip and Tear"]},{"damage_healed":0,"gold_gain":0,"player_choice":"Shed Blood","damage_taken":25,"max_hp_gain":5,"max_hp_loss":0,"event_name":"Forgotten Altar","floor":19,"gold_loss":0},{"damage_healed":0,"gold_gain":0,"player_choice":"Bet on Murderer","damage_taken":0,"max_hp_gain":0,"max_hp_loss":0,"event_name":"The Joust","floor":21,"gold_loss":50},{"damage_healed":0,"gold_gain":50,"player_choice":"Stole From Cult","damage_taken":0,"max_hp_gain":0,"max_hp_loss":0,"event_name":"Nest","floor":27,"gold_loss":0},{"damage_healed":0,"gold_gain":0,"player_choice":"Forge","damage_taken":0,"max_hp_gain":0,"max_hp_loss":0,"event_name":"Accursed Blacksmith","floor":29,"gold_loss":0,"cards_upgraded":["Leap"]},{"damage_healed":0,"gold_gain":0,"player_choice":"Embrace Madness","damage_taken":14,"max_hp_gain":0,"max_hp_loss":0,"event_name":"Winding Halls","floor":44,"gold_loss":0,"cards_obtained":["Madness","Madness"]},{"damage_healed":0,"gold_gain":0,"player_choice":"Ignored","damage_taken":0,"max_hp_gain":0,"max_hp_loss":0,"event_name":"Tomb of Lord Red Mask","floor":46,"gold_loss":0}],"is_beta":false,"boss_relics":[{"not_picked":["Philosopher\u0027s Stone","Tiny House"],"picked":"Coffee Dripper"},{"not_picked":["Fusion Hammer","Empty Cage"],"picked":"Runic Pyramid"}],"items_purged_floors":[37,53],"is_endless":false,"potions_floor_spawned":[6,8,13,16,18,22,31,33,36,42,47,48],"ascension_level":15}