{"gold_per_floor":[118,118,418,493,493,493,522,522,522,522,534,534,293,305,305,384,384,394,79,125,125,145,170,170,202,202,77,77,91,107,137,137,208,208,225,235,85,102,118,146,146,198,248,277,292,59,59],"floor_reached":47,"playtime":2443,"items_purged":["Defend_R","Defend_R","Defend_R","Defend_R"],"score":1128,"play_id":"8e146359-5895-4c0d-a3e5-59d3fbb09df8","local_time":"20181025231731","is_ascension_mode":true,"campfire_choices":[{"data":"Bash","floor":6,"key":"SMITH"},{"data":"Clash","floor":8,"key":"SMITH"},{"data":"1","floor":10,"key":"LIFT"},{"data":"2","floor":12,"key":"LIFT"},{"data":"3","floor":15,"key":"LIFT"},{"data":"Demon Form","floor":24,"key":"SMITH"},{"data":"Cleave","floor":28,"key":"SMITH"},{"data":"Double Tap","floor":32,"key":"SMITH"}],"neow_cost":"NONE","seed_source_timestamp":786602961588147,"circlet_count":0,"master_deck":["Strike_R","Strike_R","Strike_R","Strike_R","Strike_R","Bash+1","AscendersBane","Deep Breath+1","Clash+1","Double Tap+1","Twin Strike","Anger","Demon Form+1","Pummel","Pummel","Battle Trance","Cleave+1","Flame Barrier+1","Warcry+1","Feed","Exhume","Reckless Charge+1","Havoc+1","Flash of Steel","Flash of Steel","Panache","Anger","Pummel","Iron Wave+1","True Grit+1","Fiend Fire"],"relics":["Burning Blood","Old Coin","Meat on the Bone","Calipers","Girya","Orichalcum","Coffee Dripper","Tiny Chest","Bronze Scales","Kunai","PreservedInsect","Sundial","Mummified Hand","Lizard Tail","Lantern","Prayer Wheel","War Paint","Mango"],"potions_floor_usage":[7,16,25,33,33,42,47],"damage_taken":[{"damage":8,"enemies":"Small Slimes","floor":1,"turns":5},{"damage":45,"enemies":"Lagavulin","floor":7,"turns":7},{"damage":1,"enemies":"Cultist","floor":11,"turns":3},{"damage":7,"enemies":"Jaw Worm","floor":14,"turns":2},{"damage":46,"enemies":"Slime Boss","floor":16,"turns":9},{"damage":0,"enemies":"Spheric Guardian","floor":18,"turns":2},{"damage":21,"enemies":"2 Thieves","floor":22,"turns":2},{"damage":41,"enemies":"Book of Stabbing","floor":23,"turns":3},{"damage":15,"enemies":"Slavers","floor":25,"turns":3},{"damage":8,"enemies":"Centurion and Healer","floor":29,"turns":3},{"damage":13,"enemies":"Snecko","floor":30,"turns":4},{"damage":26,"enemies":"Gremlin Leader","floor":31,"turns":3},{"damage":15,"enemies":"Collector","floor":33,"turns":5},{"damage":65,"enemies":"3 Shapes","floor":35,"turns":11},{"damage":11,"enemies":"Orb Walker","floor":36,"turns":2},{"damage":0,"enemies":"Transient","floor":38,"turns":6},{"damage":28,"enemies":"Maw","floor":39,"turns":5},{"damage":23,"enemies":"Nemesis","floor":40,"turns":5},{"damage":30,"enemies":"2 Orb Walkers","floor":42,"turns":3},{"damage":48,"enemies":"Reptomancer","floor":44,"turns":5},{"damage":22,"enemies":"Sphere and 2 Shapes","floor":45,"turns":8},{"damage":34,"enemies":"Nemesis","floor":47,"turns":4}],"seed_played":"8285611599523254172","potions_obtained":[{"floor":2,"key":"LiquidBronze"},{"floor":2,"key":"Ancient Potion"},{"floor":11,"key":"Regen Potion"},{"floor":16,"key":"Swift Potion"},{"floor":22,"key":"AttackPotion"},{"floor":25,"key":"PowerPotion"},{"floor":33,"key":"Poison Potion"},{"floor":38,"key":"Explosive Potion"}],"is_trial":false,"path_per_floor":["M","?","?","?","T","R","E","R","T","R","M","R","$","M","R","B",null,"M","$","T","?","M","E","R","E","T","$","R","M","M","E","R","B",null,"M","M","$","M","M","E","?","?","T","E","M","$"],"character_chosen":"IRONCLAD","items_purchased":["Orichalcum","Pummel","Tiny Chest","Fiend Fire","PowerPotion"],"campfire_rested":0,"item_purchase_floors":[13,19,19,46,46],"current_hp_per_floor":[66,66,66,55,55,55,28,28,28,28,45,45,45,44,44,21,62,68,68,68,68,53,30,30,33,33,33,33,43,48,40,40,46,70,29,36,36,54,44,39,29,51,51,35,34,34,0],"gold":59,"neow_bonus":"RANDOM_COLORLESS","is_prod":false,"is_daily":false,"chose_seed":false,"campfire_upgraded":5,"win_rate":0,"timestamp":1540502251,"path_taken":["M","?","?","?","?","R","E","R","T","R","M","R","?","M","R","BOSS","M","$","?","?","M","E","R","E","T","$","R","M","M","E","R","BOSS","M","M","$","M","?","E","?","?","T","E","M","$","E"],"build_version":"2018-10-18","purchased_purges":4,"victory":false,"max_hp_per_floor":[75,75,75,75,75,75,75,75,75,75,75,75,75,75,75,75,75,75,75,75,75,75,75,75,75,75,75,75,75,75,75,75,78,78,84,84,84,84,84,84,84,87,87,101,104,104,104],"card_choices":[{"not_picked":["Corruption","Pommel Strike"],"picked":"Clash","floor":1},{"not_picked":["Armaments","Sword Boomerang"],"picked":"Double Tap","floor":7},{"not_picked":["Dual Wield","Fire Breathing"],"picked":"Twin Strike","floor":11},{"not_picked":["Warcry","Seeing Red"],"picked":"Anger","floor":14},{"not_picked":["Dark Embrace","Brutality"],"picked":"Demon Form","floor":16},{"not_picked":["Perfected Strike","Iron Wave","Havoc"],"picked":"SKIP","floor":18},{"not_picked":["Power Through","Feel No Pain"],"picked":"Battle Trance","floor":22},{"not_picked":["Burning Pact","Rampage","Uppercut"],"picked":"SKIP","floor":23},{"not_picked":["Intimidate","Wild Strike+1"],"picked":"Cleave","floor":25},{"not_picked":["Warcry","Entrench+1"],"picked":"Flame Barrier","floor":29},{"not_picked":["Corruption","Thunderclap"],"picked":"Warcry+1","floor":30},{"not_picked":["Anger","Cleave"],"picked":"Feed","floor":31},{"not_picked":["Brutality","Dark Embrace"],"picked":"Exhume","floor":33},{"not_picked":["Dual Wield","True Grit"],"picked":"Reckless Charge+1","floor":35},{"not_picked":["Shrug It Off","True Grit"],"picked":"Havoc+1","floor":36},{"not_picked":["Entrench","Inflame","Rupture"],"picked":"SKIP","floor":38},{"not_picked":["Thunderclap","Berserk","Heavy Blade"],"picked":"SKIP","floor":39},{"not_picked":["Iron Wave","Seeing Red","Clash+1"],"picked":"SKIP","floor":40},{"not_picked":["Panacea","Secret Weapon"],"picked":"Flash of Steel","floor":41},{"not_picked":["HandOfGreed","Trip"],"picked":"Flash of Steel","floor":41},{"not_picked":["Jack Of All Trades","Mind Blast"],"picked":"Panache","floor":41},{"not_picked":["Bloodletting+1","Flex"],"picked":"Anger","floor":42},{"not_picked":["Body Slam","Corruption"],"picked":"Pummel","floor":44},{"not_picked":["Searing Blow","Anger"],"picked":"Iron Wave+1","floor":45},{"not_picked":["Intimidate","Reckless Charge"],"picked":"True Grit+1","floor":45}],"player_experience":1484325,"relics_obtained":[{"floor":5,"key":"Meat on the Bone"},{"floor":7,"key":"Calipers"},{"floor":9,"key":"Girya"},{"floor":20,"key":"Bronze Scales"},{"floor":23,"key":"Kunai"},{"floor":25,"key":"PreservedInsect"},{"floor":26,"key":"Sundial"},{"floor":31,"key":"Mummified Hand"},{"floor":40,"key":"Lantern"},{"floor":42,"key":"Prayer Wheel"},{"floor":43,"key":"War Paint"},{"floor":44,"key":"Mango"}],"event_choices":[{"damage_healed":0,"gold_gain":0,"player_choice":"Got Potions","damage_taken":0,"max_hp_gain":0,"max_hp_loss":0,"event_name":"The Lab","floor":2,"gold_loss":0},{"damage_healed":0,"gold_gain":0,"player_choice":"Gave Potion","damage_taken":0,"relics_obtained":["Old Coin"],"max_hp_gain":0,"max_hp_loss":0,"event_name":"WeMeetAgain","floor":3,"gold_loss":0},{"damage_healed":0,"gold_gain":75,"player_choice":"Gather Gold","damage_taken":11,"max_hp_gain":0,"max_hp_loss":0,"event_name":"World of Goop","floor":4,"gold_loss":0},{"damage_healed":0,"gold_gain":0,"player_choice":"Copied","damage_taken":0,"max_hp_gain":0,"max_hp_loss":0,"event_name":"Duplicator","floor":21,"gold_loss":0,"cards_obtained":["Pummel"]},{"damage_healed":0,"gold_gain":0,"player_choice":"Memory 3","damage_taken":10,"max_hp_gain":0,"max_hp_loss":0,"event_name":"SensoryStone","floor":41,"gold_loss":0},{"damage_healed":0,"gold_gain":0,"player_choice":"Fight","damage_taken":0,"max_hp_gain":0,"max_hp_loss":0,"event_name":"Mysterious Sphere","floor":42,"gold_loss":0}],"is_beta":false,"boss_relics":[{"not_picked":["Sozu","Runic Dome"],"picked":"Coffee Dripper"},{"not_picked":["Black Blood","Orrery"],"picked":"Lizard Tail"}],"items_purged_floors":[13,19,27,37],"is_endless":false,"potions_floor_spawned":[11,16,22,25,31,33,38,39],"killed_by":"Nemesis","ascension_level":20}