{"gold_per_floor":[18,41,56,36,56,81,81,108,108,108,134,59,94,9,9,86,86,96,96,11,26,42,42,75,75,101,115,145,145,163,163,163,234,234,253,266,94,113,163,193,193,68,68,83,116,116,116,66,66,66,66],"floor_reached":52,"playtime":2943,"items_purged":["Strike_R","Defend_R","Defend_R"],"score":1923,"play_id":"f29aee50-0506-423a-91be-a007eca7ab84","local_time":"20181117144558","is_ascension_mode":true,"campfire_choices":[{"data":"Inflame","floor":7,"key":"SMITH"},{"data":"Bash","floor":10,"key":"SMITH"},{"data":"Inflame","floor":15,"key":"SMITH"},{"data":"Whirlwind","floor":23,"key":"SMITH"},{"floor":25,"key":"REST"},{"data":"Inflame","floor":29,"key":"SMITH"},{"data":"Limit Break","floor":32,"key":"SMITH"},{"floor":41,"key":"REST"},{"floor":46,"key":"REST"},{"floor":49,"key":"REST"}],"neow_cost":"NO_GOLD","seed_source_timestamp":156824984170105,"circlet_count":0,"master_deck":["AscendersBane","Strike_R","Strike_R","Strike_R","Defend_R+1","Defend_R+1","Bash+1","Clothesline","Pummel","Disarm","Inflame+1","Battle Trance","Inflame+1","Limit Break+1","Inflame+1","Impervious","Disarm","Whirlwind+1","Dropkick","Pummel","Shockwave","Battle Trance","Impervious","Shrug It Off","Disarm","Dropkick","True Grit","Burning Pact","Havoc+1","Feed"],"relics":["Burning Blood","Anchor","Paper Frog","War Paint","Ornamental Fan","Darkstone Periapt","Incense Burner","Lizard Tail","Sundial","Blood Vial","Art of War","Letter Opener","Cursed Key","Bag of Preparation","Nunchaku","Smiling Mask","Dead Branch"],"potions_floor_usage":[6,13,24,27,45,51,51],"damage_taken":[{"damage":8,"enemies":"Cultist","floor":1,"turns":5},{"damage":0,"enemies":"2 Louse","floor":3,"turns":4},{"damage":2,"enemies":"Jaw Worm","floor":5,"turns":3},{"damage":36,"enemies":"3 Sentries","floor":6,"turns":13},{"damage":16,"enemies":"Lagavulin","floor":8,"turns":6},{"damage":3,"enemies":"Gremlin Nob","floor":11,"turns":3},{"damage":2,"enemies":"3 Sentries","floor":13,"turns":4},{"damage":36,"enemies":"Hexaghost","floor":16,"turns":7},{"damage":11,"enemies":"Chosen","floor":18,"turns":6},{"damage":2,"enemies":"3 Byrds","floor":21,"turns":6},{"damage":23,"enemies":"Centurion and Healer","floor":22,"turns":6},{"damage":35,"enemies":"Slavers","floor":24,"turns":6},{"damage":8,"enemies":"Snake Plant","floor":27,"turns":6},{"damage":7,"enemies":"Gremlin Leader","floor":28,"turns":7},{"damage":25,"enemies":"Cultist and Chosen","floor":30,"turns":7},{"damage":20,"enemies":"Champ","floor":33,"turns":7},{"damage":0,"enemies":"3 Shapes","floor":35,"turns":2},{"damage":0,"enemies":"3 Darklings","floor":36,"turns":5},{"damage":0,"enemies":"Transient","floor":38,"turns":6},{"damage":43,"enemies":"2 Orb Walkers","floor":39,"turns":4},{"damage":23,"enemies":"Giant Head","floor":40,"turns":6},{"damage":6,"enemies":"Maw","floor":44,"turns":6},{"damage":39,"enemies":"Reptomancer","floor":45,"turns":6},{"damage":27,"enemies":"Time Eater","floor":50,"turns":7},{"damage":26,"enemies":"Awakened One","floor":51,"turns":10}],"seed_played":"5522119581610632420","potions_obtained":[{"floor":3,"key":"Dexterity Potion"},{"floor":4,"key":"AttackPotion"},{"floor":11,"key":"Dexterity Potion"},{"floor":16,"key":"GamblersBrew"},{"floor":18,"key":"FearPotion"},{"floor":22,"key":"Strength Potion"},{"floor":24,"key":"Weak Potion"},{"floor":35,"key":"Fire Potion"},{"floor":36,"key":"FearPotion"},{"floor":45,"key":"Ancient Potion"}],"is_trial":false,"path_per_floor":["M","T","M","?","M","E","R","E","T","R","E","$","E","$","R","B",null,"M","?","$","M","M","R","E","R","T","M","E","R","M","T","R","B",null,"M","M","$","M","?","E","R","$","T","M","E","R","?","$","R","B","B",null],"character_chosen":"IRONCLAD","items_purchased":["Inflame","Whirlwind","Bag of Preparation","Burning Pact"],"campfire_rested":4,"item_purchase_floors":[14,20,37,42],"current_hp_per_floor":[80,80,86,86,89,59,59,49,49,49,52,52,56,56,56,26,73,68,68,68,72,55,55,26,52,52,52,53,53,36,36,36,24,73,81,89,89,89,52,37,63,63,63,65,34,60,60,60,86,67,52],"gold":66,"neow_bonus":"TWENTY_PERCENT_HP_BONUS","is_prod":false,"is_daily":false,"chose_seed":false,"campfire_upgraded":6,"win_rate":0,"timestamp":1542462358,"path_taken":["M","?","M","?","?","E","R","E","T","R","E","$","E","?","R","BOSS","M","?","$","M","M","R","E","R","T","M","E","R","M","?","R","BOSS","M","?","$","M","?","E","R","$","T","M","E","R","?","$","R","BOSS","BOSS"],"build_version":"2018-11-15","purchased_purges":3,"victory":true,"max_hp_per_floor":[89,89,89,89,89,89,89,89,89,89,89,89,89,89,89,89,89,89,89,89,89,89,89,89,89,89,89,89,89,89,89,89,89,89,89,89,89,89,89,89,89,89,89,89,89,89,89,89,89,89,92],"card_choices":[{"not_picked":["Burning Pact","Pommel Strike"],"picked":"Clothesline","floor":1},{"not_picked":["Anger","Whirlwind"],"picked":"Pummel","floor":3},{"not_picked":["Armaments","Flex"],"picked":"Disarm","floor":5},{"not_picked":["Armaments","Twin Strike"],"picked":"Inflame","floor":6},{"not_picked":["Heavy Blade","Pommel Strike"],"picked":"Battle Trance","floor":8},{"not_picked":["Infernal Blade","Perfected Strike"],"picked":"Inflame","floor":11},{"not_picked":["Second Wind","Corruption"],"picked":"Limit Break","floor":13},{"not_picked":["Juggernaut","Immolate"],"picked":"Impervious","floor":16},{"not_picked":["Twin Strike","Searing Blow"],"picked":"Disarm","floor":18},{"not_picked":["Rupture","Headbutt"],"picked":"Dropkick","floor":21},{"not_picked":["Clash","Perfected Strike","Body Slam"],"picked":"SKIP","floor":22},{"not_picked":["Clothesline","Iron Wave"],"picked":"Pummel","floor":24},{"not_picked":["Cleave","Feel No Pain"],"picked":"Shockwave","floor":27},{"not_picked":["Pommel Strike","Clothesline"],"picked":"Battle Trance","floor":28},{"not_picked":["Heavy Blade","Havoc","Dual Wield"],"picked":"SKIP","floor":30},{"not_picked":["Offering","Barricade"],"picked":"Impervious","floor":33},{"not_picked":["Intimidate","Body Slam"],"picked":"Shrug It Off","floor":35},{"not_picked":["Power Through","Heavy Blade"],"picked":"Disarm","floor":36},{"not_picked":["Twin Strike","Wild Strike","Sever Soul+1"],"picked":"SKIP","floor":38},{"not_picked":["Cleave","Havoc"],"picked":"Dropkick","floor":39},{"not_picked":["Clothesline+1","Immolate"],"picked":"True Grit","floor":40},{"not_picked":["Pummel","Shrug It Off"],"picked":"Havoc+1","floor":44},{"not_picked":["Clothesline","Armaments"],"picked":"Feed","floor":45}],"player_experience":1617664,"relics_obtained":[{"floor":2,"key":"Anchor"},{"floor":6,"key":"Paper Frog"},{"floor":8,"key":"War Paint"},{"floor":9,"key":"Ornamental Fan"},{"floor":11,"key":"Darkstone Periapt"},{"floor":13,"key":"Incense Burner"},{"floor":24,"key":"Sundial"},{"floor":26,"key":"Blood Vial"},{"floor":28,"key":"Art of War"},{"floor":31,"key":"Letter Opener"},{"floor":39,"key":"Nunchaku"},{"floor":40,"key":"Smiling Mask"},{"floor":45,"key":"Dead Branch"}],"event_choices":[{"damage_healed":0,"gold_gain":0,"player_choice":"Bought 1 Potion","damage_taken":0,"max_hp_gain":0,"max_hp_loss":0,"event_name":"The Woman in Blue","floor":4,"gold_loss":0},{"damage_healed":0,"gold_gain":0,"player_choice":"Ignored","damage_taken":0,"max_hp_gain":0,"max_hp_loss":0,"event_name":"Vampires","floor":19,"gold_loss":0},{"damage_healed":0,"gold_gain":0,"player_choice":"Fight","damage_taken":0,"max_hp_gain":0,"max_hp_loss":0,"event_name":"Mysterious Sphere","floor":39,"gold_loss":0},{"cards_removed":["Strike_R"],"damage_healed":0,"gold_gain":0,"player_choice":"Removed Attack","damage_taken":0,"max_hp_gain":0,"max_hp_loss":0,"event_name":"Falling","floor":47,"gold_loss":0}],"is_beta":false,"boss_relics":[{"not_picked":["Black Blood","Calling Bell"],"picked":"Lizard Tail"},{"not_picked":["Pandora\u0027s Box","Black Star"],"picked":"Cursed Key"}],"items_purged_floors":[12,42,48],"is_endless":false,"potions_floor_spawned":[3,11,16,18,22,24,35,36,39,45],"ascension_level":20}