{"gold_per_floor":[109,109,124,134,151,177,191,191,191,206,206,235,235,248,248,322,372,391,391,391,407,427,427,441,456,456,1,11,11],"floor_reached":29,"playtime":1532,"items_purged":[],"score":505,"play_id":"39c345df-d06e-469d-85a2-cb959ded73ed","local_time":"20180928041946","is_ascension_mode":true,"campfire_choices":[{"floor":8,"key":"REST"},{"floor":11,"key":"REST"},{"data":"After Image","floor":13,"key":"SMITH"},{"data":"Sucker Punch","floor":15,"key":"SMITH"},{"floor":23,"key":"REST"}],"neow_cost":"","seed_source_timestamp":715812438955639,"circlet_count":0,"master_deck":["Defend_G","Defend_G","Defend_G","Defend_G","Defend_G","Strike_G","Strike_G","Strike_G","Strike_G","Survivor","Neutralize","AscendersBane","Footwork+1","Poisoned Stab","Poisoned Stab","PiercingWail","Sucker Punch+1","Footwork","Poisoned Stab","Backflip","Corpse Explosion","Crippling Poison","Calculated Gamble","Doppelganger","Bane","Footwork+1","Masterful Stab+1","Dash"],"relics":["Ring of the Snake","Dream Catcher","Blood Vial","Bronze Scales","Tiny House","Singing Bowl","Paper Crane","Snake Skull"],"potions_floor_usage":[6,10,12,22,24],"damage_taken":[{"damage":6,"enemies":"Cultist","floor":1,"turns":5},{"damage":0,"enemies":"2 Louse","floor":3,"turns":4},{"damage":2,"enemies":"Jaw Worm","floor":4,"turns":6},{"damage":9,"enemies":"3 Louse","floor":5,"turns":6},{"damage":14,"enemies":"Lagavulin","floor":6,"turns":11},{"damage":22,"enemies":"Exordium Wildlife","floor":7,"turns":7},{"damage":18,"enemies":"Large Slime","floor":10,"turns":7},{"damage":18,"enemies":"3 Sentries","floor":12,"turns":18},{"damage":0,"enemies":"Looter","floor":14,"turns":3},{"damage":13,"enemies":"The Guardian","floor":16,"turns":11},{"damage":21,"enemies":"Shell Parasite","floor":18,"turns":7},{"damage":16,"enemies":"3 Byrds","floor":21,"turns":3},{"damage":24,"enemies":"Snecko","floor":22,"turns":6},{"damage":24,"enemies":"Snake Plant","floor":24,"turns":5},{"damage":5,"enemies":"Centurion and Healer","floor":25,"turns":7},{"damage":13,"enemies":"Cultist and Chosen","floor":28,"turns":6},{"damage":11,"enemies":"Sentry and Sphere","floor":29,"turns":3}],"seed_played":"1245711177093739491","potions_obtained":[{"floor":3,"key":"Fire Potion"},{"floor":4,"key":"Explosive Potion"},{"floor":7,"key":"EssenceOfSteel"},{"floor":10,"key":"Strength Potion"},{"floor":17,"key":"AttackPotion"},{"floor":21,"key":"Regen Potion"},{"floor":22,"key":"Ancient Potion"}],"is_trial":false,"path_per_floor":["M","?","M","M","M","E","M","R","T","M","R","E","R","M","R","B",null,"M","?","?","M","M","R","M","M","T","$","M"],"character_chosen":"THE_SILENT","items_purchased":["Paper Crane","Snake Skull"],"campfire_rested":3,"item_purchase_floors":[27,27],"current_hp_per_floor":[53,58,58,56,47,33,11,32,32,16,37,21,21,23,23,12,61,42,42,42,28,6,28,20,17,17,17,8,0],"gold":11,"neow_bonus":"","is_prod":false,"is_daily":false,"chose_seed":false,"campfire_upgraded":2,"win_rate":0,"timestamp":1538101186,"path_taken":["M","?","M","M","M","E","M","R","T","M","R","E","R","M","R","BOSS","M","?","?","M","?","R","M","M","T","$","?","M"],"build_version":"2018-09-27","purchased_purges":0,"victory":false,"max_hp_per_floor":[66,71,71,71,71,71,71,71,71,71,71,71,71,71,71,71,76,76,76,76,76,76,76,76,76,76,76,78,78],"card_choices":[{"not_picked":["Prepared","Flechettes"],"picked":"Footwork","floor":1},{"not_picked":["Tactician","Expertise"],"picked":"Poisoned Stab","floor":3},{"not_picked":["Reflex","Dagger Spray"],"picked":"Poisoned Stab","floor":4},{"not_picked":["Cloak And Dagger","Slice"],"picked":"After Image","floor":5},{"not_picked":["Flying Knee","Tactician","Blade Dance"],"picked":"SKIP","floor":6},{"not_picked":["Expertise","Dagger Spray"],"picked":"PiercingWail","floor":7},{"not_picked":["Backflip","Flying Knee"],"picked":"Sucker Punch","floor":8},{"not_picked":["Catalyst","Dodge and Roll"],"picked":"Footwork","floor":10},{"not_picked":["Blade Dance","Underhanded Strike"],"picked":"Terror","floor":11},{"not_picked":["Terror","Doppelganger"],"picked":"Poisoned Stab","floor":12},{"not_picked":["Deflect","Blade Dance"],"picked":"Backflip","floor":14},{"not_picked":["Night Terror","Tools of the Trade"],"picked":"Corpse Explosion","floor":16},{"not_picked":["Tactician","Expertise"],"picked":"Crippling Poison","floor":18},{"not_picked":["Flying Knee","Deadly Poison"],"picked":"Footwork+1","floor":21},{"not_picked":["Skewer","Dagger Throw","Sucker Punch"],"picked":"SKIP","floor":22},{"not_picked":["Dagger Throw","Heel Hook"],"picked":"Masterful Stab+1","floor":23},{"not_picked":["Outmaneuver","Choke"],"picked":"Dash","floor":24},{"not_picked":["Accuracy+1","Poisoned Stab","Eviscerate"],"picked":"SKIP","floor":25},{"not_picked":["Sucker Punch","Deflect","Footwork"],"picked":"Singing Bowl","floor":28}],"player_experience":1272878,"relics_obtained":[{"floor":6,"key":"Dream Catcher"},{"floor":9,"key":"Blood Vial"},{"floor":12,"key":"Bronze Scales"},{"floor":26,"key":"Singing Bowl"}],"event_choices":[{"event_name":"Big Fish","player_choice":"Donut","floor":2,"damage_taken":0},{"event_name":"Drug Dealer","player_choice":"Became Test Subject","floor":19,"damage_taken":0},{"event_name":"The Mausoleum","player_choice":"No","floor":20,"damage_taken":0}],"is_beta":false,"boss_relics":[{"not_picked":["Eternal Feather","WristBlade"],"picked":"Tiny House"}],"items_purged_floors":[],"is_endless":false,"potions_floor_spawned":[3,4,7,10,21,22],"killed_by":"Sentry and Sphere","ascension_level":18}