{"gold_per_floor":[110,130,130,140,151,151,177,177,177,177,216,216,247,247,247,338,338,353,268,23,38,59,59,99,99,99,99,123,146,146,169,169,259,259,279,292,310,328,328,328,368,386,386,386,271,292,292,6,6,6,6],"floor_reached":51,"playtime":3157,"items_purged":["Strike_R","Defend_R"],"score":1434,"play_id":"b6acd6f3-c75a-4533-937d-1c29a948223f","local_time":"20181001172201","is_ascension_mode":true,"campfire_choices":[{"data":"Bash","floor":6,"key":"SMITH"},{"floor":8,"key":"REST"},{"floor":15,"key":"REST"},{"data":"Clothesline","floor":23,"key":"SMITH"},{"data":"Shrug It Off","floor":25,"key":"SMITH"},{"data":"Strike_R","floor":27,"key":"PURGE"},{"data":"Strike_R","floor":30,"key":"PURGE"},{"data":"Strike_R","floor":32,"key":"PURGE"},{"data":"Defend_R","floor":40,"key":"PURGE"},{"floor":44,"key":"REST"},{"data":"Defend_R","floor":47,"key":"PURGE"},{"data":"Defend_R","floor":49,"key":"PURGE"}],"neow_cost":"NONE","seed_source_timestamp":1019955338475764,"circlet_count":0,"master_deck":["Bash+1","AscendersBane","Hemokinesis+1","Clothesline+1","Shrug It Off+1","Shockwave","Impervious+1","Flame Barrier+1","Impervious+1","Thunderclap","Whirlwind+1","Warcry+1","Shockwave+1","Cleave+1","Offering+1","Havoc+1","Offering+1","True Grit+1","Flame Barrier+1","Dropkick+1","Discovery+1","Rupture"],"relics":["Burning Blood","Bronze Scales","Potion Belt","Blood Vial","Golden Idol","Toxic Egg 2","Pocketwatch","Cursed Key","Blue Candle","Orichalcum","Peace Pipe","Fusion Hammer","Whetstone"],"potions_floor_usage":[7,24,33,38,46,50,50,51],"damage_taken":[{"damage":8,"enemies":"2 Louse","floor":1,"turns":3},{"damage":17,"enemies":"Jaw Worm","floor":2,"turns":4},{"damage":3,"enemies":"Cultist","floor":4,"turns":3},{"damage":6,"enemies":"Blue Slaver","floor":5,"turns":5},{"damage":22,"enemies":"Gremlin Nob","floor":7,"turns":4},{"damage":23,"enemies":"Lagavulin","floor":11,"turns":7},{"damage":23,"enemies":"Gremlin Nob","floor":13,"turns":5},{"damage":4,"enemies":"The Guardian","floor":16,"turns":15},{"damage":0,"enemies":"3 Byrds","floor":18,"turns":1},{"damage":4,"enemies":"2 Thieves","floor":21,"turns":4},{"damage":0,"enemies":"Centurion and Healer","floor":22,"turns":5},{"damage":11,"enemies":"Gremlin Leader","floor":24,"turns":6},{"damage":4,"enemies":"Snecko","floor":28,"turns":4},{"damage":2,"enemies":"Snake Plant","floor":29,"turns":3},{"damage":6,"enemies":"Centurion and Healer","floor":31,"turns":5},{"damage":18,"enemies":"Automaton","floor":33,"turns":13},{"damage":3,"enemies":"3 Darklings","floor":35,"turns":3},{"damage":8,"enemies":"3 Shapes","floor":36,"turns":6},{"damage":12,"enemies":"Spire Growth","floor":37,"turns":4},{"damage":12,"enemies":"Transient","floor":38,"turns":6},{"damage":44,"enemies":"Giant Head","floor":41,"turns":10},{"damage":6,"enemies":"4 Shapes","floor":42,"turns":2},{"damage":6,"enemies":"Sphere and 2 Shapes","floor":46,"turns":5},{"damage":64,"enemies":"Time Eater","floor":50,"turns":17},{"damage":72,"enemies":"Awakened One","floor":51,"turns":13}],"seed_played":"-6212310385301628811","potions_obtained":[{"floor":1,"key":"Strength Potion"},{"floor":11,"key":"Regen Potion"},{"floor":16,"key":"SkillPotion"},{"floor":18,"key":"SkillPotion"},{"floor":22,"key":"PowerPotion"},{"floor":24,"key":"Fruit Juice"},{"floor":33,"key":"Ancient Potion"},{"floor":38,"key":"Swift Potion"},{"floor":41,"key":"AttackPotion"},{"floor":42,"key":"Ancient Potion"}],"is_trial":false,"path_per_floor":["M","M","?","M","M","R","E","R","T","?","E","?","E","?","R","B",null,"M","?","$","M","M","R","E","R","T","R","M","M","R","M","R","B",null,"M","M","M","M","?","R","E","M","T","R","$","M","R","$","R","B"],"character_chosen":"IRONCLAD","items_purchased":["Orichalcum","Dexterity Potion","Strength Potion","Discovery+1","Rupture"],"campfire_rested":3,"item_purchase_floors":[20,45,45,48,48],"current_hp_per_floor":[66,55,60,63,63,63,47,71,71,71,55,55,40,5,26,30,62,70,70,70,72,72,72,72,72,72,72,76,77,77,77,77,65,74,77,75,71,67,67,67,31,33,33,56,56,72,72,72,72,50,0],"gold":6,"neow_bonus":"RANDOM_COMMON_RELIC","is_prod":false,"is_daily":false,"chose_seed":false,"campfire_upgraded":3,"win_rate":0,"timestamp":1538407321,"path_taken":["M","M","?","M","M","R","E","R","T","?","E","?","E","?","R","BOSS","M","?","?","M","M","R","E","R","T","R","M","M","R","M","R","BOSS","M","?","?","?","?","R","E","M","T","R","$","M","R","$","R","BOSS","BOSS"],"build_version":"2018-09-27","purchased_purges":2,"victory":false,"max_hp_per_floor":[75,75,80,80,80,80,80,80,80,72,72,72,72,72,72,72,72,72,72,72,72,72,72,77,77,77,77,77,77,77,77,77,77,77,77,77,77,77,77,77,77,77,77,77,77,77,77,77,77,77,77],"card_choices":[{"not_picked":["Sever Soul","Warcry"],"picked":"Hemokinesis","floor":1},{"not_picked":["Warcry","Anger"],"picked":"Clothesline","floor":2},{"not_picked":["Intimidate","Havoc"],"picked":"Shrug It Off","floor":4},{"not_picked":["Thunderclap","Flex"],"picked":"Shockwave","floor":5},{"not_picked":["Havoc","Heavy Blade","Sword Boomerang"],"picked":"SKIP","floor":7},{"not_picked":["Ghostly Armor","Flame Barrier"],"picked":"Impervious","floor":11},{"not_picked":["Intimidate+1","Clothesline"],"picked":"Flame Barrier+1","floor":13},{"not_picked":["Brutality","Immolate"],"picked":"Impervious+1","floor":16},{"not_picked":["Uppercut","Pommel Strike"],"picked":"Thunderclap","floor":18},{"not_picked":["Clash","Clothesline"],"picked":"Whirlwind+1","floor":21},{"not_picked":["Uppercut","Anger"],"picked":"Warcry+1","floor":22},{"not_picked":["Feel No Pain","Anger"],"picked":"Shockwave+1","floor":24},{"not_picked":["Thunderclap","Clothesline"],"picked":"Cleave+1","floor":28},{"not_picked":["Shrug It Off+1","Havoc+1"],"picked":"Offering+1","floor":29},{"not_picked":["Sword Boomerang","Iron Wave"],"picked":"Havoc+1","floor":31},{"not_picked":["Double Tap+1","Dark Embrace"],"picked":"Offering+1","floor":33},{"not_picked":["Reckless Charge","Thunderclap","Body Slam"],"picked":"SKIP","floor":35},{"not_picked":["Heavy Blade","Burning Pact+1","Clothesline+1"],"picked":"SKIP","floor":36},{"not_picked":["Rupture","Power Through+1"],"picked":"True Grit+1","floor":37},{"not_picked":["Anger","Warcry+1"],"picked":"Flame Barrier+1","floor":38},{"not_picked":["Flame Barrier+1","Wild Strike"],"picked":"Dropkick","floor":41},{"not_picked":["Infernal Blade+1","Clash","Heavy Blade"],"picked":"SKIP","floor":42},{"not_picked":["Sword Boomerang","Armaments+1","Clash+1"],"picked":"SKIP","floor":46}],"player_experience":1324458,"relics_obtained":[{"floor":7,"key":"Potion Belt"},{"floor":9,"key":"Blood Vial"},{"floor":11,"key":"Toxic Egg 2"},{"floor":13,"key":"Pocketwatch"},{"floor":24,"key":"Peace Pipe"},{"floor":41,"key":"Whetstone"}],"event_choices":[{"event_name":"Big Fish","player_choice":"Donut","floor":3,"damage_taken":0},{"event_name":"Golden Idol","player_choice":"Lose Max HP","floor":10,"damage_taken":0},{"event_name":"Liars Game","player_choice":"disagreed","floor":12,"damage_taken":0},{"event_name":"Scrap Ooze","player_choice":"unsuccessful","floor":14,"damage_taken":35},{"event_name":"Addict","player_choice":"Obtained Relic","floor":19,"damage_taken":0},{"event_name":"Purifier","player_choice":"One Purge","floor":39,"damage_taken":0}],"is_beta":false,"boss_relics":[{"not_picked":["Busted Crown","Tiny House"],"picked":"Cursed Key"},{"not_picked":["Astrolabe","Philosopher\u0027s Stone"],"picked":"Fusion Hammer"}],"items_purged_floors":[20,48],"is_endless":false,"potions_floor_spawned":[1,11,16,18,22,24,33,38,41,42],"killed_by":"Awakened One","ascension_level":20}