{"gold_per_floor":[112,128,145,145,145,145,158,184,256,256,266,295,130,146,146,146],"floor_reached":16,"playtime":973,"items_purged":["Strike_G"],"score":168,"play_id":"685b25ba-24e7-48c4-a4d2-2f6a9ec3b06b","local_time":"20190306105737","is_ascension_mode":true,"campfire_choices":[{"data":"Neutralize","floor":6.0,"key":"SMITH"},{"data":"Poisoned Stab","floor":10,"key":"SMITH"},{"data":"Caltrops","floor":15,"key":"SMITH"}],"neow_cost":"NONE","seed_source_timestamp":1756863127882000,"circlet_count":0,"master_deck":["AscendersBane","Defend_G","Defend_G","Defend_G","Defend_G","Defend_G","Strike_G","Survivor","Neutralize+1","Choke","Poisoned Stab+1","PiercingWail","Dodge and Roll","Backstab","Catalyst","PiercingWail","Caltrops+1","Backflip"],"special_seed":0,"relics":["Ring of the Snake","FossilizedHelix","Centennial Puzzle"],"potions_floor_usage":[7,7,8,16],"damage_taken":[{"damage":0.0,"enemies":"Small Slimes","floor":1.0,"turns":3.0},{"damage":1.0,"enemies":"2 Louse","floor":2.0,"turns":3.0},{"damage":2.0,"enemies":"Jaw Worm","floor":3.0,"turns":5.0},{"damage":7,"enemies":"Exordium Wildlife","floor":7,"turns":10},{"damage":10,"enemies":"3 Sentries","floor":8,"turns":15},{"damage":0,"enemies":"2 Fungi Beasts","floor":11,"turns":3},{"damage":13,"enemies":"Lagavulin","floor":12,"turns":6},{"damage":0,"enemies":"Red Slaver","floor":14,"turns":3},{"damage":23,"enemies":"Hexaghost","floor":16,"turns":15}],"seed_played":"-3564147125282075470","potions_obtained":[{"floor":1.0,"key":"EssenceOfSteel"},{"floor":2.0,"key":"Dexterity Potion"},{"floor":3.0,"key":"SpeedPotion"}],"is_trial":false,"path_per_floor":["M","M","M","?","?","R","M","E","T","R","M","E","$","M","R","B"],"character_chosen":"THE_SILENT","items_purchased":["Caltrops","Dexterity Potion"],"campfire_rested":0,"item_purchase_floors":[13,13],"current_hp_per_floor":[63,62,60,60,53,53,46,36,36,36,36,23,23,23,23,0],"gold":146,"neow_bonus":"TRANSFORM_CARD","is_prod":false,"is_daily":false,"chose_seed":false,"campfire_upgraded":3,"win_rate":0,"timestamp":1551887857,"path_taken":["M","M","M","?","?","R","M","E","T","R","M","E","$","M","R","BOSS"],"build_version":"2019-01-23","purchased_purges":1,"victory":false,"max_hp_per_floor":[70,70,70,70,70,70,70,70,70,70,70,70,70,70,70,70],"card_choices":[{"not_picked":["Accuracy","Outmaneuver"],"picked":"Poisoned Stab","floor":1.0},{"not_picked":["Setup","Predator"],"picked":"PiercingWail","floor":2.0},{"not_picked":["All Out Attack","Sucker Punch"],"picked":"Dodge and Roll","floor":3.0},{"not_picked":["Flechettes","Flying Knee"],"picked":"Backstab","floor":7},{"not_picked":["Deflect","Backflip"],"picked":"Catalyst","floor":8},{"not_picked":["Dagger Throw","Dodge and Roll","Bane"],"picked":"SKIP","floor":11},{"not_picked":["Wraith Form v2","Bane"],"picked":"PiercingWail","floor":12},{"not_picked":["PiercingWail","Dodge and Roll"],"picked":"Backflip","floor":14}],"player_experience":350172,"relics_obtained":[{"floor":8,"key":"FossilizedHelix"},{"floor":12,"key":"Centennial Puzzle"}],"event_choices":[{"cards_removed":["Strike_G"],"damage_healed":0.0,"max_hp_gain":0.0,"max_hp_loss":0.0,"gold_gain":0.0,"event_name":"Living Wall","player_choice":"Forget","floor":4.0,"gold_loss":0.0,"damage_taken":0.0},{"cards_removed":["Strike_G"],"damage_healed":0.0,"max_hp_gain":0.0,"max_hp_loss":0.0,"gold_gain":0.0,"event_name":"Golden Wing","player_choice":"Card Removal","floor":5.0,"gold_loss":0.0,"damage_taken":7.0}],"is_beta":false,"boss_relics":[],"items_purged_floors":[13],"is_endless":false,"potions_floor_spawned":[1,2,3],"killed_by":"Hexaghost","ascension_level":10}