{"gold_per_floor":[116,116,130,146,161,161,186,186,186,198,198,228,246,25,25,104,104,121,147,163,177,177,177,177,177,177,196,196,210,210],"floor_reached":30,"playtime":1275,"items_purged":[],"score":484,"play_id":"2b0a1f0b-5c7f-4840-b767-f33a6341131f","local_time":"20190205003322","is_ascension_mode":true,"campfire_choices":[{"data":"Streamline","floor":6.0,"key":"SMITH"},{"data":"Ball Lightning","floor":11,"key":"SMITH"},{"floor":15,"key":"REST"},{"data":"Creative AI","floor":23,"key":"SMITH"},{"floor":25,"key":"REST"},{"data":"Capacitor","floor":28,"key":"SMITH"}],"neow_cost":"NONE","seed_source_timestamp":527319029607003,"circlet_count":0,"master_deck":["AscendersBane","Strike_B","Strike_B","Strike_B","Strike_B","Defend_B","Defend_B","Defend_B","Defend_B","Zap","Dualcast","Ball Lightning+1","Seek","Capacitor+1","Streamline+1","Sunder","Zap","Skim","Rainbow","Genetic Algorithm","Beam Cell","Creative AI+1","Thunder Strike","Ball Lightning","Leap","Leap","Turbo","Redo+1","Coolheaded+1","Decay","Static Discharge"],"special_seed":0,"relics":["Cracked Core","Emotion Chip","Matryoshka","Mummified Hand","Symbiotic Virus","DataDisk","Orrery","Gremlin Horn","Smiling Mask","Nloth\u0027s Gift","The Courier"],"potions_floor_usage":[10,12,29],"damage_taken":[{"damage":1.0,"enemies":"Cultist","floor":1.0,"turns":3.0},{"damage":0.0,"enemies":"2 Louse","floor":3.0,"turns":2.0},{"damage":4.0,"enemies":"Jaw Worm","floor":4.0,"turns":3.0},{"damage":6.0,"enemies":"3 Louse","floor":5.0,"turns":3.0},{"damage":20,"enemies":"Lagavulin","floor":7,"turns":5},{"damage":1,"enemies":"Exordium Thugs","floor":10,"turns":3},{"damage":10,"enemies":"3 Sentries","floor":12,"turns":3},{"damage":0,"enemies":"2 Fungi Beasts","floor":13,"turns":1},{"damage":40,"enemies":"Slime Boss","floor":16,"turns":6},{"damage":1,"enemies":"Spheric Guardian","floor":18,"turns":3},{"damage":20,"enemies":"3 Byrds","floor":20,"turns":4},{"damage":8,"enemies":"Snecko","floor":21,"turns":4},{"damage":14,"enemies":"Sentry and Sphere","floor":27,"turns":4},{"damage":19,"enemies":"Snake Plant","floor":29,"turns":3},{"damage":24,"enemies":"3 Cultists","floor":30,"turns":3}],"seed_played":"-8530806385067240338","potions_obtained":[{"floor":1.0,"key":"GamblersBrew"},{"floor":7,"key":"Explosive Potion"},{"floor":10,"key":"AttackPotion"},{"floor":18,"key":"Poison Potion"}],"is_trial":false,"path_per_floor":["M","?","M","M","M","R","E","?","T","M","R","E","M","$","R","B",null,"M","T","M","M","?","R","?","R","T","M","R","M","M"],"character_chosen":"DEFECT","items_purchased":["DataDisk","Beam Cell"],"campfire_rested":2,"item_purchase_floors":[14,14],"current_hp_per_floor":[70,70,70,66,60,60,40,40,40,39,39,29,29,29,52,12,62,61,61,41,33,33,33,33,56,56,42,42,23,0],"gold":210,"neow_bonus":"TEN_PERCENT_HP_BONUS","is_prod":false,"is_daily":false,"chose_seed":false,"campfire_upgraded":4,"win_rate":0,"timestamp":1549319602,"path_taken":["M","?","?","M","M","R","E","?","T","M","R","E","M","$","R","BOSS","M","?","M","M","?","R","?","R","T","M","R","?","M"],"build_version":"2019-01-23","purchased_purges":0,"victory":false,"max_hp_per_floor":[78,78,78,78,78,78,78,78,78,78,78,78,78,78,78,78,78,78,78,78,78,78,78,78,78,78,78,78,78,78],"card_choices":[{"not_picked":["Consume","Sweeping Beam"],"picked":"Ball Lightning","floor":1.0},{"not_picked":["Hologram","Storm"],"picked":"Seek","floor":3.0},{"not_picked":["Coolheaded","Cold Snap"],"picked":"Capacitor","floor":4.0},{"not_picked":["Hologram","Recycle"],"picked":"Streamline","floor":5.0},{"not_picked":["Rebound","Static Discharge"],"picked":"Sunder","floor":7},{"not_picked":["Rebound","Redo"],"picked":"Skim","floor":10},{"not_picked":["Tempest","Coolheaded"],"picked":"Rainbow","floor":12},{"not_picked":["Scrape","Lockon"],"picked":"Genetic Algorithm","floor":13},{"not_picked":["Rainbow","Core Surge"],"picked":"Creative AI","floor":16},{"not_picked":["Beam Cell","Coolheaded"],"picked":"Thunder Strike","floor":17},{"not_picked":["Cold Snap","Redo"],"picked":"Ball Lightning","floor":17},{"not_picked":["FTL","Chill"],"picked":"Leap","floor":17},{"not_picked":["Go for the Eyes","Conserve Battery"],"picked":"Leap","floor":17},{"not_picked":["Beam Cell","Rebound"],"picked":"Turbo","floor":17},{"not_picked":["Beam Cell+1","Blizzard","Turbo"],"picked":"SKIP","floor":18},{"not_picked":["Stack","Streamline"],"picked":"Redo+1","floor":20},{"not_picked":["Skim","Beam Cell"],"picked":"Coolheaded+1","floor":21},{"not_picked":["Gash","Beam Cell+1"],"picked":"Static Discharge","floor":27},{"not_picked":["All For One","Redo","Scrape"],"picked":"SKIP","floor":29}],"player_experience":1517682,"relics_obtained":[{"floor":7,"key":"Matryoshka"},{"floor":9,"key":"Mummified Hand"},{"floor":9,"key":"Symbiotic Virus"},{"floor":12,"key":"Potion Belt"},{"floor":19,"key":"Gremlin Horn"},{"floor":19,"key":"Smiling Mask"},{"floor":26,"key":"The Courier"}],"event_choices":[{"damage_healed":0.0,"max_hp_gain":0.0,"max_hp_loss":0.0,"gold_gain":0.0,"event_name":"WeMeetAgain","player_choice":"Gave Potion","floor":2.0,"gold_loss":0.0,"damage_taken":0.0,"relics_obtained":["Emotion Chip"]},{"damage_healed":0,"gold_gain":0,"player_choice":"1 cards matched","damage_taken":0,"max_hp_gain":0,"max_hp_loss":0,"event_name":"Match and Keep!","floor":8,"gold_loss":0,"cards_obtained":["Zap"]},{"damage_healed":0,"gold_gain":0,"player_choice":"Smashed Altar","damage_taken":0,"max_hp_gain":0,"max_hp_loss":0,"event_name":"Forgotten Altar","floor":22,"gold_loss":0,"cards_obtained":["Decay"]},{"damage_healed":0,"gold_gain":0,"player_choice":"Traded Relic","damage_taken":0,"relics_obtained":["Nloth\u0027s Gift"],"max_hp_gain":0,"max_hp_loss":0,"event_name":"N\u0027loth","floor":24,"relics_lost":["Potion Belt"],"gold_loss":0}],"is_beta":false,"boss_relics":[{"not_picked":["Lizard Tail","Busted Crown"],"picked":"Orrery"}],"items_purged_floors":[],"is_endless":false,"potions_floor_spawned":[1,7,10,18],"killed_by":"3 Cultists","ascension_level":20}