{"gold_per_floor":[110,110,130,148,73,102,102,102,176,176,188,199,215,231,231,327,327,346,346,8,25,25,25,39,39,39,57,67,79,79,97,97,97],"floor_reached":33,"playtime":1721,"items_purged":["Defend_R","Strike_R"],"score":253,"play_id":"7275075b-442d-4667-8cad-6b694636683e","local_time":"20190309100537","is_ascension_mode":false,"campfire_choices":[{"data":"Bash","floor":7,"key":"SMITH"},{"floor":15,"key":"REST"},{"data":"Shrug It Off","floor":23,"key":"SMITH"},{"data":"Clash","floor":30,"key":"SMITH"},{"floor":32,"key":"REST"}],"neow_cost":"NONE","seed_source_timestamp":12649431667808,"circlet_count":0,"master_deck":["Strike_R","Strike_R","Strike_R","Defend_R","Defend_R","Defend_R","Bash+1","Clash+1","Shrug It Off+1"],"special_seed":0,"relics":["Burning Blood","NeowsBlessing","Turnip","Dodecahedron","Darkstone Periapt","Incense Burner","Sozu","Matryoshka","Anchor","Pantograph"],"potions_floor_usage":[6,8,16,33],"damage_taken":[{"damage":0.0,"enemies":"Cultist","floor":1.0,"turns":1.0},{"damage":0.0,"enemies":"2 Louse","floor":3.0,"turns":1.0},{"damage":0.0,"enemies":"Jaw Worm","floor":4.0,"turns":1.0},{"damage":39,"enemies":"3 Sentries","floor":6,"turns":9},{"damage":0,"enemies":"The Mushroom Lair","floor":8,"turns":2},{"damage":13,"enemies":"Lots of Slimes","floor":11,"turns":5},{"damage":10,"enemies":"Gremlin Gang","floor":12,"turns":5},{"damage":6,"enemies":"2 Fungi Beasts","floor":13,"turns":3},{"damage":16,"enemies":"Large Slime","floor":14,"turns":7},{"damage":37,"enemies":"Slime Boss","floor":16,"turns":21},{"damage":0,"enemies":"Chosen","floor":18,"turns":3},{"damage":7,"enemies":"Shell Parasite","floor":21,"turns":5},{"damage":14,"enemies":"3 Cultists","floor":24,"turns":7},{"damage":9,"enemies":"Shelled Parasite and Fungi","floor":27,"turns":4},{"damage":16,"enemies":"Snake Plant","floor":28,"turns":5},{"damage":22,"enemies":"Chosen and Byrds","floor":29,"turns":9},{"damage":38,"enemies":"Cultist and Chosen","floor":31,"turns":11},{"damage":86,"enemies":"Champ","floor":33,"turns":16}],"seed_played":"7303508843677903830","potions_obtained":[{"floor":1.0,"key":"SmokeBomb"},{"floor":4.0,"key":"Explosive Potion"},{"floor":6,"key":"SmokeBomb"},{"floor":11,"key":"Weak Potion"},{"floor":16,"key":"Block Potion"}],"is_trial":false,"path_per_floor":["M","T","M","M","$","E","R","?","T","?","M","M","M","M","R","B",null,"M","?","$","M","?","R","M","$","T","M","M","M","R","M","R","B"],"character_chosen":"IRONCLAD","items_purchased":["Matryoshka"],"campfire_rested":2,"item_purchase_floors":[20],"current_hp_per_floor":[80,80,80,80,80,47,47,53,53,53,46,42,42,32,56,25,80,80,80,80,79,79,79,71,71,71,68,58,42,42,10,34,0],"gold":97,"neow_bonus":"THREE_ENEMY_KILL","is_prod":false,"is_daily":false,"chose_seed":false,"campfire_upgraded":3,"win_rate":0,"timestamp":1552093537,"path_taken":["M","?","M","?","$","E","R","?","T","?","M","M","M","?","R","BOSS","M","?","?","M","?","R","M","?","T","M","M","M","R","?","R","BOSS"],"build_version":"2019-01-23","purchased_purges":2,"victory":false,"max_hp_per_floor":[80,80,80,80,80,80,80,80,80,80,80,80,80,80,80,80,80,80,80,80,80,80,80,80,80,80,80,80,80,80,80,80,80],"card_choices":[{"not_picked":["Sword Boomerang","Body Slam","Headbutt"],"picked":"SKIP","floor":1.0},{"not_picked":["Perfected Strike","Clash","Power Through"],"picked":"SKIP","floor":3.0},{"not_picked":["Twin Strike","Body Slam"],"picked":"Clash","floor":4.0},{"not_picked":["Body Slam","Fiend Fire","Sever Soul"],"picked":"SKIP","floor":6},{"not_picked":["Twin Strike","Carnage"],"picked":"Shrug It Off","floor":11},{"not_picked":["Burning Pact","True Grit","Flex"],"picked":"SKIP","floor":12},{"not_picked":["Thunderclap","Spot Weakness","Shrug It Off"],"picked":"SKIP","floor":13},{"not_picked":["Headbutt","Clash","Flame Barrier"],"picked":"SKIP","floor":14},{"not_picked":["Hemokinesis","Shrug It Off","Searing Blow"],"picked":"SKIP","floor":18},{"not_picked":["Searing Blow","Cleave+1","Hemokinesis+1"],"picked":"SKIP","floor":21},{"not_picked":["Metallicize","Clothesline","Anger"],"picked":"SKIP","floor":24},{"not_picked":["Seeing Red","Clothesline+1","Pommel Strike+1"],"picked":"SKIP","floor":27},{"not_picked":["Shockwave","Corruption","Anger+1"],"picked":"SKIP","floor":28},{"not_picked":["Infernal Blade","Thunderclap+1","Headbutt"],"picked":"SKIP","floor":29},{"not_picked":["Seeing Red","Cleave","Intimidate"],"picked":"SKIP","floor":31}],"player_experience":248845,"relics_obtained":[{"floor":2.0,"key":"Turnip"},{"floor":6,"key":"Dodecahedron"},{"floor":9,"key":"Darkstone Periapt"},{"floor":26,"key":"Anchor"},{"floor":26,"key":"Pantograph"}],"event_choices":[{"damage_healed":0,"gold_gain":0,"player_choice":"Fought Mushrooms","damage_taken":0,"max_hp_gain":0,"max_hp_loss":0,"event_name":"Mushrooms","floor":8,"gold_loss":0},{"damage_healed":0,"gold_gain":0,"player_choice":"Gave Potion","damage_taken":0,"relics_obtained":["Incense Burner"],"max_hp_gain":0,"max_hp_loss":0,"event_name":"WeMeetAgain","floor":10,"gold_loss":0},{"cards_removed":["Strike_R"],"damage_healed":0,"gold_gain":0,"player_choice":"Offered Basic","damage_taken":0,"max_hp_gain":0,"max_hp_loss":0,"event_name":"Bonfire Elementals","floor":19,"gold_loss":0},{"damage_healed":0,"gold_gain":0,"player_choice":"Ignored","damage_taken":0,"max_hp_gain":0,"max_hp_loss":0,"event_name":"Cursed Tome","floor":22,"gold_loss":0}],"is_beta":false,"boss_relics":[{"not_picked":["Mark of Pain","Cursed Key"],"picked":"Sozu"}],"items_purged_floors":[5,20],"is_endless":false,"potions_floor_spawned":[1,4,6,11,16,24,29],"killed_by":"Champ","ascension_level":0}