{"gold_per_floor":[112,128,147,147,162,191,191,211,211,288,302,302,302,68,68,68],"floor_reached":16,"playtime":1085,"items_purged":["Strike_G"],"score":168,"play_id":"4e3172a0-fe9f-4a54-b244-7d26d359649a","local_time":"20190309213259","is_ascension_mode":true,"campfire_choices":[{"data":"Neutralize","floor":7,"key":"SMITH"},{"floor":15,"key":"REST"}],"neow_cost":"NONE","seed_source_timestamp":2054162239424200,"circlet_count":0,"master_deck":["AscendersBane","Defend_G","Defend_G","Defend_G","Defend_G","Defend_G","Strike_G","Strike_G","Strike_G","Survivor","Neutralize+1","Dodge and Roll","Flying Knee","Backflip","Predator","PiercingWail","Dagger Spray","Crippling Poison","Well Laid Plans","Skewer"],"relics":["Ring of the Snake","Dream Catcher","Mummified Hand","Darkstone Periapt"],"potions_floor_usage":[6,12,16,16],"damage_taken":[{"damage":5,"enemies":"Small Slimes","floor":1,"turns":6},{"damage":0,"enemies":"Jaw Worm","floor":2,"turns":5},{"damage":1,"enemies":"Cultist","floor":3,"turns":5},{"damage":4,"enemies":"3 Louse","floor":5,"turns":4},{"damage":25,"enemies":"3 Sentries","floor":6,"turns":12},{"damage":1,"enemies":"Large Slime","floor":8,"turns":6},{"damage":2,"enemies":"Blue Slaver","floor":11,"turns":5},{"damage":0,"enemies":"Gremlin Nob","floor":12,"turns":2},{"damage":47,"enemies":"Slime Boss","floor":16,"turns":10}],"seed_played":"3678788805527253100","potions_obtained":[{"floor":1,"key":"Strength Potion"},{"floor":3,"key":"SkillPotion"},{"floor":11,"key":"SmokeBomb"}],"is_trial":false,"path_per_floor":["M","M","M","?","M","E","R","M","T","?","M","E","?","$","R","B"],"character_chosen":"THE_SILENT","items_purchased":["Well Laid Plans","Skewer","SteroidPotion"],"campfire_rested":1,"item_purchase_floors":[14,14,14],"current_hp_per_floor":[58,58,57,57,53,28,28,27,27,27,25,25,25,25,46,0],"gold":68,"neow_bonus":"THREE_CARDS","is_prod":false,"is_daily":false,"chose_seed":false,"campfire_upgraded":1,"win_rate":0,"timestamp":1552185179,"path_taken":["M","M","M","?","M","E","R","M","T","?","M","E","?","$","R","BOSS"],"build_version":"2019-01-23","purchased_purges":1,"victory":false,"max_hp_per_floor":[70,70,70,70,70,70,70,70,70,70,70,70,70,70,70,70],"card_choices":[{"not_picked":["Acrobatics","Riddle With Holes"],"picked":"Dodge and Roll","floor":0},{"not_picked":["Accuracy","Eviscerate"],"picked":"Flying Knee","floor":1},{"not_picked":["Poisoned Stab","Dodge and Roll"],"picked":"Backflip","floor":2},{"not_picked":["Backstab","Terror"],"picked":"Predator","floor":3},{"not_picked":["Dagger Throw","Slice"],"picked":"PiercingWail","floor":5},{"not_picked":["Expertise","Masterful Stab"],"picked":"Dagger Spray","floor":6},{"not_picked":["Reflex","Bane"],"picked":"Crippling Poison","floor":8},{"not_picked":["Unload","Eviscerate","Backflip"],"picked":"SKIP","floor":11}],"player_experience":382030,"relics_obtained":[{"floor":6,"key":"Dream Catcher"},{"floor":9,"key":"Mummified Hand"}],"event_choices":[{"cards_removed":["Strike_G"],"damage_healed":0,"gold_gain":0,"player_choice":"Forget","damage_taken":0,"max_hp_gain":0,"max_hp_loss":0,"event_name":"Living Wall","floor":4,"gold_loss":0},{"damage_healed":0,"gold_gain":77,"player_choice":"Gained Gold","damage_taken":0,"max_hp_gain":0,"max_hp_loss":0,"event_name":"Golden Wing","floor":10,"gold_loss":0},{"damage_healed":0,"gold_gain":0,"player_choice":"Searched \u00271\u0027 times","damage_taken":0,"relics_obtained":["Darkstone Periapt"],"max_hp_gain":0,"max_hp_loss":0,"event_name":"Dead Adventurer","floor":13,"gold_loss":0}],"is_beta":false,"boss_relics":[],"items_purged_floors":[14],"is_endless":false,"potions_floor_spawned":[1,3,11,12],"killed_by":"Slime Boss","ascension_level":10}