{"gold_per_floor":[14,34,34,50,50,76,76,111,111,111],"floor_reached":10,"playtime":463,"items_purged":[],"score":152,"play_id":"ffe2259a-d9e2-46e7-95af-a96f41ac1994","local_time":"20181104171537","is_ascension_mode":true,"campfire_choices":[{"data":"Bash","floor":7,"key":"SMITH"}],"neow_cost":"NO_GOLD","seed_source_timestamp":1634474046876130,"circlet_count":0,"master_deck":["AscendersBane","Strike_R","Strike_R","Strike_R","Strike_R","Strike_R","Defend_R","Defend_R","Defend_R","Defend_R","Bash+1","Reaper","Disarm","Headbutt","Pain","Thunderclap","Impervious","Cleave+1"],"relics":["Burning Blood","WarpedTongs","Pantograph","Molten Egg 2","Ornamental Fan"],"potions_floor_usage":[6,10],"damage_taken":[{"damage":7,"enemies":"2 Louse","floor":1,"turns":5},{"damage":18,"enemies":"Cultist","floor":2,"turns":5},{"damage":12,"enemies":"Jaw Worm","floor":4,"turns":4},{"damage":33,"enemies":"3 Sentries","floor":6,"turns":7},{"damage":35,"enemies":"Lagavulin","floor":8,"turns":10},{"damage":21,"enemies":"Gremlin Nob","floor":10,"turns":3}],"seed_played":"6287187073960703950","potions_obtained":[{"floor":1,"key":"PowerPotion"},{"floor":4,"key":"Strength Potion"}],"is_trial":false,"path_per_floor":["M","M","?","M","?","E","R","E","T","E"],"character_chosen":"IRONCLAD","items_purchased":[],"campfire_rested":0,"item_purchase_floors":[],"current_hp_per_floor":[73,65,65,65,65,45,45,21,21,0],"gold":111,"neow_bonus":"THREE_RARE_CARDS","is_prod":false,"is_daily":false,"chose_seed":false,"campfire_upgraded":1,"win_rate":0,"timestamp":1541348137,"path_taken":["M","M","?","?","?","E","R","E","T","E"],"build_version":"2018-11-01","purchased_purges":0,"victory":false,"max_hp_per_floor":[75,75,75,75,75,75,75,75,75,75],"card_choices":[{"not_picked":["Dark Embrace","Impervious"],"picked":"Reaper","floor":0},{"not_picked":["True Grit","Sentinel"],"picked":"Disarm","floor":1},{"not_picked":["Iron Wave","Seeing Red"],"picked":"Headbutt","floor":2},{"not_picked":["Entrench","Pommel Strike"],"picked":"Thunderclap","floor":4},{"not_picked":["Sever Soul","Pommel Strike"],"picked":"Impervious","floor":6},{"not_picked":["Power Through","Combust"],"picked":"Cleave","floor":8}],"player_experience":1553325,"relics_obtained":[{"floor":6,"key":"Pantograph"},{"floor":8,"key":"Molten Egg 2"},{"floor":9,"key":"Ornamental Fan"}],"event_choices":[{"damage_healed":0,"gold_gain":0,"player_choice":"Rummage","damage_taken":0,"relics_obtained":["WarpedTongs"],"max_hp_gain":0,"max_hp_loss":0,"event_name":"Accursed Blacksmith","floor":3,"gold_loss":0,"cards_obtained":["Pain"]},{"damage_healed":0,"gold_gain":0,"player_choice":"Leave","damage_taken":0,"max_hp_gain":0,"max_hp_loss":0,"event_name":"The Cleric","floor":5,"gold_loss":0}],"is_beta":false,"boss_relics":[],"items_purged_floors":[],"is_endless":false,"potions_floor_spawned":[1,4],"killed_by":"Gremlin Nob","ascension_level":20}