{"gold_per_floor":[118,186,237,237,253,287,287,319,319,319,381,392,422,53,53,53],"floor_reached":16,"playtime":509,"items_purged":["Strike_B"],"score":232,"play_id":"1e903458-36b9-4d24-9d92-694a913c5ef7","local_time":"20181230180224","is_ascension_mode":true,"campfire_choices":[{"data":"Sunder","floor":7,"key":"SMITH"},{"data":"Zap","floor":10,"key":"SMITH"},{"floor":15,"key":"REST"}],"neow_cost":"NONE","seed_source_timestamp":498945626472141,"circlet_count":0,"master_deck":["AscendersBane","Strike_B","Strike_B","Strike_B","Defend_B","Defend_B","Defend_B","Defend_B","Zap+1","Dualcast","Sunder+1","Go for the Eyes","Conserve Battery+1","Conserve Battery+1","Genetic Algorithm+1","Genetic Algorithm+1","Loop"],"special_seed":0,"relics":["Cracked Core","Omamori","DataDisk","Toxic Egg 2","Unceasing Top","Art of War","Kunai","Bronze Scales"],"potions_floor_usage":[11],"damage_taken":[{"damage":2.0,"enemies":"Jaw Worm","floor":1.0,"turns":3.0},{"damage":4.0,"enemies":"Small Slimes","floor":5.0,"turns":2.0},{"damage":8.0,"enemies":"Gremlin Nob","floor":6.0,"turns":3.0},{"damage":20,"enemies":"Lagavulin","floor":8,"turns":7},{"damage":0,"enemies":"Gremlin Nob","floor":11,"turns":2},{"damage":0,"enemies":"2 Louse","floor":12,"turns":1},{"damage":15,"enemies":"3 Sentries","floor":13,"turns":6},{"damage":37,"enemies":"Slime Boss","floor":16,"turns":3}],"seed_played":"-1183238005429346765","potions_obtained":[{"floor":1.0,"key":"FocusPotion"},{"floor":5.0,"key":"FearPotion"},{"floor":12,"key":"LiquidBronze"}],"is_trial":false,"path_per_floor":["M","?","T","?","M","E","E","R","E","T","R","?","M","E","$","R","B"],"character_chosen":"DEFECT","items_purchased":["Bronze Scales","Genetic Algorithm+1","Loop"],"campfire_rested":1,"item_purchase_floors":[14,14,14],"current_hp_per_floor":[62,62,62,62,58,50,50,30,30,30,30,30,15,15,36,0],"gold":53,"neow_bonus":"RANDOM_COMMON_RELIC","is_prod":false,"is_daily":false,"chose_seed":false,"campfire_upgraded":2,"win_rate":0,"timestamp":1546189344,"path_taken":["M","?","?","?","M","E","R","E","T","R","?","M","E","?","R","BOSS"],"build_version":"2018-12-20","purchased_purges":1,"victory":false,"max_hp_per_floor":[71,71,71,71,71,71,71,71,71,71,71,71,71,71,71,71],"card_choices":[{"not_picked":["Chaos","Steam Power"],"picked":"Sunder","floor":1.0},{"not_picked":["Barrage","Rip and Tear"],"picked":"Go for the Eyes","floor":5.0},{"not_picked":["Hello World","Chaos"],"picked":"Conserve Battery","floor":6},{"not_picked":["Go for the Eyes","Compile Driver","Skim+1"],"picked":"SKIP","floor":8},{"not_picked":["Cold Snap","Rip and Tear"],"picked":"Conserve Battery+1","floor":11},{"not_picked":["Rebound","Gash","Cold Snap"],"picked":"SKIP","floor":12},{"not_picked":["Stack+1","Streamline"],"picked":"Genetic Algorithm+1","floor":13}],"player_experience":1758135,"relics_obtained":[{"floor":3.0,"key":"DataDisk"},{"floor":6,"key":"Toxic Egg 2"},{"floor":8,"key":"Unceasing Top"},{"floor":11,"key":"Art of War"},{"floor":13,"key":"Kunai"}],"event_choices":[{"damage_healed":0.0,"max_hp_gain":0.0,"max_hp_loss":0.0,"gold_gain":68.0,"event_name":"Golden Wing","player_choice":"Gained Gold","floor":2.0,"gold_loss":0.0,"damage_taken":0.0},{"damage_healed":0.0,"max_hp_gain":0.0,"max_hp_loss":0.0,"gold_gain":0.0,"event_name":"Liars Game","player_choice":"Ignored","floor":4.0,"gold_loss":0.0,"damage_taken":0.0},{"damage_healed":0,"gold_gain":30,"player_choice":"Searched \u00272\u0027 times","damage_taken":0,"max_hp_gain":0,"max_hp_loss":0,"event_name":"Dead Adventurer","floor":11,"gold_loss":0}],"is_beta":false,"boss_relics":[],"items_purged_floors":[14],"is_endless":false,"potions_floor_spawned":[1,5,12],"killed_by":"Slime Boss","ascension_level":20}