{"gold_per_floor":[365,376,390,400,93,123,123,123,123,153,153,172,202,218,218,218],"floor_reached":16,"playtime":842,"items_purged":["Clumsy"],"score":183,"play_id":"5de626f4-f662-4570-a317-dfd0e28a3e7b","local_time":"20190226163050","is_ascension_mode":true,"campfire_choices":[{"data":"Whirlwind","floor":7,"key":"SMITH"},{"floor":11,"key":"REST"},{"data":"Bash","floor":15,"key":"SMITH"}],"neow_cost":"CURSE","seed_source_timestamp":1085895555512500,"circlet_count":0,"master_deck":["AscendersBane","Strike_R","Strike_R","Strike_R","Strike_R","Defend_R","Defend_R","Defend_R","Defend_R","Bash+1","Pommel Strike","Shrug It Off","Flame Barrier","Metallicize","Whirlwind+1","Pummel","Metallicize","Clothesline"],"relics":["Burning Blood","Lantern","Regal Pillow","Art of War","Bottled Lightning","Boot"],"potions_floor_usage":[6,10],"damage_taken":[{"damage":12,"enemies":"Jaw Worm","floor":1,"turns":3},{"damage":0,"enemies":"Small Slimes","floor":2,"turns":3},{"damage":1,"enemies":"Cultist","floor":3,"turns":4},{"damage":11,"enemies":"3 Louse","floor":4,"turns":5},{"damage":43,"enemies":"Lagavulin","floor":6,"turns":11},{"damage":13,"enemies":"Gremlin Nob","floor":10,"turns":4},{"damage":12,"enemies":"Lots of Slimes","floor":12,"turns":3},{"damage":31,"enemies":"Lagavulin","floor":13,"turns":8},{"damage":0,"enemies":"2 Fungi Beasts","floor":14,"turns":2},{"damage":38,"enemies":"Hexaghost","floor":16,"turns":14}],"seed_played":"4583333341779211278","potions_obtained":[{"floor":4,"key":"GamblersBrew"},{"floor":6,"key":"FearPotion"}],"is_trial":false,"path_per_floor":["M","M","M","M","$","E","R","?","T","E","R","M","E","M","R","B"],"character_chosen":"IRONCLAD","items_purchased":["Whirlwind","Lantern"],"campfire_rested":1,"item_purchase_floors":[5,5],"current_hp_per_floor":[66,72,77,72,72,35,35,28,28,21,60,54,29,35,35,0],"gold":218,"neow_bonus":"TWO_FIFTY_GOLD","is_prod":false,"is_daily":false,"chose_seed":false,"campfire_upgraded":2,"win_rate":0,"timestamp":1551216650,"path_taken":["M","M","M","M","$","E","R","?","T","E","R","M","E","M","R","BOSS"],"build_version":"2019-01-23","purchased_purges":1,"victory":false,"max_hp_per_floor":[80,80,80,80,80,80,80,80,80,80,80,80,80,80,80,80],"card_choices":[{"not_picked":["Havoc","Intimidate"],"picked":"Pommel Strike","floor":1},{"not_picked":["Cleave","Burning Pact"],"picked":"Shrug It Off","floor":2},{"not_picked":["Dropkick","Sever Soul"],"picked":"Flame Barrier","floor":3},{"not_picked":["Iron Wave","Heavy Blade"],"picked":"Metallicize","floor":4},{"not_picked":["Rupture","Headbutt","Evolve"],"picked":"SKIP","floor":6},{"not_picked":["Blood for Blood","Entrench"],"picked":"Pummel","floor":10},{"not_picked":["Clash","Shrug It Off"],"picked":"Metallicize","floor":12},{"not_picked":["Fire Breathing","Blood for Blood","Thunderclap"],"picked":"SKIP","floor":13},{"not_picked":["Heavy Blade","Pommel Strike"],"picked":"Clothesline","floor":14}],"player_experience":304965,"relics_obtained":[{"floor":6,"key":"Regal Pillow"},{"floor":9,"key":"Art of War"},{"floor":10,"key":"Bottled Lightning"},{"floor":13,"key":"Boot"}],"event_choices":[{"cards_removed":["Strike_R"],"damage_healed":0,"gold_gain":0,"player_choice":"Card Removal","damage_taken":7,"max_hp_gain":0,"max_hp_loss":0,"event_name":"Golden Wing","floor":8,"gold_loss":0}],"is_beta":false,"boss_relics":[],"items_purged_floors":[5],"is_endless":false,"potions_floor_spawned":[4,6],"killed_by":"Hexaghost","ascension_level":10}