{"gold_per_floor":[369,382,402,10,10,44,58,93,93,108,108,139,139,156,156,230,230,247,262,262,275,23,54,65,11,11,38,38,64,111,161,161,161],"floor_reached":33,"playtime":1655,"items_purged":["Bite"],"score":643,"play_id":"9a23c3eb-f120-48c4-a784-aa24ef723d38","local_time":"20180930022358","is_ascension_mode":true,"campfire_choices":[{"data":"Skewer","floor":11,"key":"SMITH"},{"data":"Predator","floor":13,"key":"SMITH"},{"data":"Caltrops","floor":15,"key":"SMITH"},{"floor":28,"key":"REST"},{"floor":32,"key":"REST"}],"neow_cost":"TEN_PERCENT_HP_LOSS","seed_source_timestamp":881533691320258,"circlet_count":0,"master_deck":["Defend_G","Defend_G","Defend_G","Defend_G","Defend_G","Survivor","Neutralize","AscendersBane","Predator+1","Caltrops+1","Endless Agony","Discovery","Footwork","Skewer+1","Phantasmal Killer+1","Deflect+1","After Image","Bite","Bite","Bite","Bite","Cloak And Dagger+1","Malaise+1","Leg Sweep+1","Cloak And Dagger+1","Cloak And Dagger+1","Terror+1"],"relics":["Ring of the Snake","Mercury Hourglass","Bronze Scales","Ninja Scroll","Toxic Egg 2","Orichalcum","Fusion Hammer","Omamori","Sundial","Potion Belt","Bottled Flame","Bag of Marbles","Lantern"],"potions_floor_usage":[8,14,19,19,27,29],"damage_taken":[{"damage":1,"enemies":"2 Louse","floor":1,"turns":4},{"damage":4,"enemies":"Jaw Worm","floor":2,"turns":5},{"damage":6,"enemies":"Cultist","floor":3,"turns":4},{"damage":15,"enemies":"Lagavulin","floor":6,"turns":7},{"damage":0,"enemies":"Large Slime","floor":7,"turns":4},{"damage":6,"enemies":"Gremlin Nob","floor":8,"turns":3},{"damage":0,"enemies":"2 Fungi Beasts","floor":10,"turns":2},{"damage":3,"enemies":"Lagavulin","floor":12,"turns":6},{"damage":3,"enemies":"Exordium Thugs","floor":14,"turns":3},{"damage":15,"enemies":"Hexaghost","floor":16,"turns":7},{"damage":17,"enemies":"Chosen","floor":18,"turns":3},{"damage":6,"enemies":"Shell Parasite","floor":19,"turns":2},{"damage":7,"enemies":"Centurion and Healer","floor":21,"turns":11},{"damage":22,"enemies":"Book of Stabbing","floor":23,"turns":3},{"damage":3,"enemies":"Snake Plant","floor":24,"turns":5},{"damage":13,"enemies":"Slavers","floor":27,"turns":4},{"damage":17,"enemies":"Book of Stabbing","floor":29,"turns":3},{"damage":50,"enemies":"Champ","floor":33,"turns":9}],"seed_played":"-7523288564252887961","potions_obtained":[{"floor":1,"key":"Explosive Potion"},{"floor":3,"key":"Poison Potion"},{"floor":8,"key":"Strength Potion"},{"floor":18,"key":"AttackPotion"},{"floor":19,"key":"Weak Potion"},{"floor":24,"key":"Explosive Potion"}],"is_trial":false,"path_per_floor":["M","M","M","$","?","E","M","E","T","M","R","E","R","M","R","B",null,"M","M","?","M","$","E","M","$","T","E","R","E","T","?","R"],"character_chosen":"THE_SILENT","items_purchased":["Discovery","Mercury Hourglass","Omamori","Cloak And Dagger+1"],"campfire_rested":2,"item_purchase_floors":[4,4,22,25],"current_hp_per_floor":[58,54,48,48,48,33,33,27,27,27,27,24,24,21,21,6,47,30,24,24,42,42,22,27,27,27,16,28,17,17,17,29,0],"gold":161,"neow_bonus":"TWO_FIFTY_GOLD","is_prod":false,"is_daily":false,"chose_seed":false,"campfire_upgraded":3,"win_rate":0,"timestamp":1538267038,"path_taken":["M","M","M","$","?","E","M","E","T","M","R","E","R","M","R","BOSS","M","M","?","M","$","E","?","$","T","E","R","E","?","?","R","BOSS"],"build_version":"2018-09-27","purchased_purges":1,"victory":false,"max_hp_per_floor":[60,60,60,60,60,60,60,60,60,60,60,60,60,60,60,60,60,60,60,42,42,42,42,42,42,42,42,42,42,42,42,42,42],"card_choices":[{"not_picked":["Tactician","Slice"],"picked":"Predator","floor":1},{"not_picked":["Slice","Choke"],"picked":"Caltrops","floor":2},{"not_picked":["Quick Slash","Bane"],"picked":"Endless Agony","floor":3},{"not_picked":["Dodge and Roll","Caltrops"],"picked":"Footwork","floor":6},{"not_picked":["Outmaneuver","Underhanded Strike","Cloak And Dagger"],"picked":"SKIP","floor":7},{"not_picked":["Quick Slash","Dagger Spray"],"picked":"Skewer","floor":8},{"not_picked":["Riddle With Holes","Predator"],"picked":"Phantasmal Killer+1","floor":10},{"not_picked":["Slice","Riddle With Holes","Bane"],"picked":"SKIP","floor":12},{"not_picked":["Reflex+1","Dash"],"picked":"Deflect+1","floor":14},{"not_picked":["Venomology+1","Unload"],"picked":"After Image","floor":16},{"not_picked":["Deadly Poison+1","Flying Knee","Finisher"],"picked":"SKIP","floor":18},{"not_picked":["Quick Slash","Deadly Poison+1","Flying Knee"],"picked":"SKIP","floor":19},{"not_picked":["PiercingWail+1","Flying Knee"],"picked":"Cloak And Dagger+1","floor":21},{"not_picked":["Caltrops","Riddle With Holes"],"picked":"Malaise+1","floor":23},{"not_picked":["Underhanded Strike","Backflip+1"],"picked":"Leg Sweep+1","floor":24},{"not_picked":["Poisoned Stab+1","Calculated Gamble+1"],"picked":"Cloak And Dagger+1","floor":27},{"not_picked":["Eviscerate","Underhanded Strike"],"picked":"Terror+1","floor":29}],"player_experience":1292790,"relics_obtained":[{"floor":6,"key":"Bronze Scales"},{"floor":8,"key":"Ninja Scroll"},{"floor":9,"key":"Toxic Egg 2"},{"floor":12,"key":"Orichalcum"},{"floor":23,"key":"Sundial"},{"floor":26,"key":"Potion Belt"},{"floor":27,"key":"Bottled Flame"},{"floor":29,"key":"Bag of Marbles"},{"floor":30,"key":"Lantern"}],"event_choices":[{"event_name":"Liars Game","player_choice":"disagreed","floor":5,"damage_taken":0},{"event_name":"Vampires","player_choice":"Became a vampire","floor":20,"damage_taken":0},{"event_name":"Golden Shrine","player_choice":"Pray","floor":31,"damage_taken":0}],"is_beta":false,"boss_relics":[{"not_picked":["Philosopher\u0027s Stone","Busted Crown"],"picked":"Fusion Hammer"}],"items_purged_floors":[22],"is_endless":false,"potions_floor_spawned":[1,3,7,8,10,18,19,24],"killed_by":"Champ","ascension_level":18}