{"gold_per_floor":[112,187,206,225,241,275,275,307,386,396,396,415,478,488,488,562,562,574,588,588,360,375,375],"floor_reached":23,"playtime":1933,"items_purged":["Strike_B"],"score":430,"play_id":"14c9a176-5c02-498e-9453-256318317a72","local_time":"20181024200228","is_ascension_mode":true,"campfire_choices":[{"data":"Zap","floor":7,"key":"SMITH"},{"data":"Glacier","floor":11,"key":"SMITH"},{"data":"Ball Lightning","floor":15,"key":"SMITH"}],"neow_cost":"NONE","seed_source_timestamp":688978955857743,"circlet_count":0,"master_deck":["Strike_B","Strike_B","Defend_B","Defend_B","Defend_B","Defend_B","Zap+1","Dualcast","AscendersBane","Self Repair","BootSequence","Ball Lightning","Ball Lightning","Glacier+1","Ball Lightning+1","Hologram","Genetic Algorithm","Hologram","Machine Learning","Defragment","Master of Strategy","Capacitor"],"relics":["Cracked Core","Smiling Mask","FossilizedHelix","Shuriken","Tiny Chest","Coffee Dripper"],"potions_floor_usage":[6,13,16,23,23,23,23],"damage_taken":[{"damage":0,"enemies":"2 Louse","floor":1,"turns":2},{"damage":5,"enemies":"Small Slimes","floor":3,"turns":3},{"damage":2,"enemies":"Jaw Worm","floor":4,"turns":3},{"damage":5,"enemies":"3 Louse","floor":5,"turns":3},{"damage":8,"enemies":"Gremlin Nob","floor":6,"turns":3},{"damage":1,"enemies":"Lagavulin","floor":8,"turns":6},{"damage":0,"enemies":"Exordium Wildlife","floor":10,"turns":3},{"damage":5,"enemies":"Gremlin Gang","floor":12,"turns":4},{"damage":23,"enemies":"Gremlin Nob","floor":13,"turns":4},{"damage":0,"enemies":"Red Slaver","floor":14,"turns":4},{"damage":18,"enemies":"Slime Boss","floor":16,"turns":6},{"damage":0,"enemies":"2 Thieves","floor":18,"turns":4},{"damage":0,"enemies":"Chosen","floor":19,"turns":4},{"damage":27,"enemies":"Snake Plant","floor":22,"turns":4},{"damage":45,"enemies":"Slavers","floor":23,"turns":4}],"seed_played":"-6252296415615296869","potions_obtained":[{"floor":1,"key":"Strength Potion"},{"floor":5,"key":"Fruit Juice"},{"floor":8,"key":"SteroidPotion"},{"floor":13,"key":"EntropicBrew"},{"floor":14,"key":"Fire Potion"},{"floor":19,"key":"PowerPotion"}],"is_trial":false,"path_per_floor":["M","?","M","M","M","E","R","E","T","M","R","M","E","M","R","B",null,"M","M","?","$","M"],"character_chosen":"DEFECT","items_purchased":["Master of Strategy"],"campfire_rested":0,"item_purchase_floors":[21],"current_hp_per_floor":[64,53,55,60,62,66,66,72,72,76,76,76,60,67,67,56,71,76,76,54,54,34,0],"gold":375,"neow_bonus":"REMOVE_CARD","is_prod":false,"is_daily":false,"chose_seed":false,"campfire_upgraded":3,"win_rate":0,"timestamp":1540404148,"path_taken":["M","?","M","M","M","E","R","E","T","M","R","M","E","M","R","BOSS","M","M","?","$","?","E"],"build_version":"2018-10-18","purchased_purges":1,"victory":false,"max_hp_per_floor":[71,71,71,71,71,76,76,76,76,76,76,76,76,76,76,76,76,76,76,81,81,81,81],"card_choices":[{"not_picked":["Leap","Hologram"],"picked":"Self Repair","floor":1},{"not_picked":["Darkness","Melter"],"picked":"BootSequence","floor":3},{"not_picked":["Cold Snap","Reprogram"],"picked":"Ball Lightning","floor":4},{"not_picked":["Reinforced Body","Steam"],"picked":"Ball Lightning","floor":5},{"not_picked":["Sweeping Beam","Scrape"],"picked":"Glacier","floor":6},{"not_picked":["Barrage","Coolheaded"],"picked":"Ball Lightning","floor":8},{"not_picked":["Conserve Battery","Leap"],"picked":"Hologram","floor":10},{"not_picked":["Rip and Tear","Compile Driver"],"picked":"Genetic Algorithm","floor":12},{"not_picked":["Cold Snap","Beam Cell","Rip and Tear"],"picked":"SKIP","floor":13},{"not_picked":["Redo","Blizzard"],"picked":"Hologram","floor":14},{"not_picked":["Hyperbeam","Amplify"],"picked":"Machine Learning","floor":16},{"not_picked":["Turbo+1","Hologram","Streamline"],"picked":"SKIP","floor":18},{"not_picked":["Cold Snap+1","Barrage"],"picked":"Defragment","floor":19},{"not_picked":["Lockon+1","Steam"],"picked":"Capacitor","floor":22}],"player_experience":1477373,"relics_obtained":[{"floor":6,"key":"Smiling Mask"},{"floor":8,"key":"FossilizedHelix"},{"floor":9,"key":"Shuriken"},{"floor":13,"key":"Tiny Chest"}],"event_choices":[{"damage_healed":0,"gold_gain":75,"player_choice":"Gather Gold","damage_taken":11,"max_hp_gain":0,"max_hp_loss":0,"event_name":"World of Goop","floor":2,"gold_loss":0},{"damage_healed":0,"gold_gain":0,"player_choice":"Shed Blood","damage_taken":27,"max_hp_gain":5,"max_hp_loss":0,"event_name":"Forgotten Altar","floor":20,"gold_loss":0}],"is_beta":false,"boss_relics":[{"not_picked":["Philosopher\u0027s Stone","Eternal Feather"],"picked":"Coffee Dripper"}],"items_purged_floors":[21],"is_endless":false,"potions_floor_spawned":[1,5,8,13,14,19],"killed_by":"Slavers","ascension_level":20}