{"gold_per_floor":[112,132,132,132,112,112,143,143,143,167,185,185,219,219,219,219],"floor_reached":16,"playtime":494,"items_purged":[],"score":216,"play_id":"3c2d2ee2-3286-4008-a147-92c77345a284","local_time":"20181222183754","is_ascension_mode":true,"campfire_choices":[{"data":"Barrage","floor":6,"key":"SMITH"},{"data":"Leap","floor":8,"key":"SMITH"},{"floor":12,"key":"REST"},{"floor":15,"key":"REST"}],"neow_cost":"NONE","seed_source_timestamp":544859954073642,"circlet_count":0,"master_deck":["AscendersBane","Strike_B","Strike_B","Strike_B","Strike_B","Defend_B","Defend_B","Defend_B","Defend_B","Zap+1","Dualcast","Capacitor","Barrage+1","Leap+1","Doubt","Leap","Ball Lightning","Barrage+1"],"relics":["Cursed Key","Golden Idol","Unceasing Top","Vajra","Molten Egg 2"],"potions_floor_usage":[7,7,7,11,13],"damage_taken":[{"damage":11,"enemies":"Small Slimes","floor":1,"turns":5},{"damage":4,"enemies":"Jaw Worm","floor":2,"turns":4},{"damage":31,"enemies":"Gremlin Nob","floor":7,"turns":4},{"damage":0,"enemies":"2 Louse","floor":10,"turns":3},{"damage":14,"enemies":"Lots of Slimes","floor":11,"turns":4},{"damage":19,"enemies":"3 Sentries","floor":13,"turns":9},{"damage":26,"enemies":"The Guardian","floor":16,"turns":9}],"seed_played":"4479101955423957369","potions_obtained":[{"floor":1,"key":"Poison Potion"},{"floor":2,"key":"FearPotion"},{"floor":5,"key":"EntropicBrew"},{"floor":7,"key":"Dexterity Potion"}],"is_trial":false,"path_per_floor":["M","M","?","?","?","R","E","R","T","M","M","R","E","?","R","B"],"character_chosen":"DEFECT","items_purchased":[],"campfire_rested":2,"item_purchase_floors":[],"current_hp_per_floor":[53,49,49,49,49,49,18,18,18,18,4,23,4,4,23,0],"gold":219,"neow_bonus":"BOSS_RELIC","is_prod":false,"is_daily":false,"chose_seed":false,"campfire_upgraded":2,"win_rate":0,"timestamp":1545500274,"path_taken":["M","M","?","?","?","R","E","R","T","?","M","R","E","?","R","BOSS"],"build_version":"2018-12-20","purchased_purges":0,"victory":false,"max_hp_per_floor":[71,71,64,64,64,64,64,64,64,64,64,64,64,64,64,64],"card_choices":[{"not_picked":["Storm","Cold Snap"],"picked":"Capacitor","floor":1},{"not_picked":["Stack","Skim"],"picked":"Barrage","floor":2},{"not_picked":["Steam","Melter"],"picked":"Leap","floor":7},{"not_picked":["Go for the Eyes","Melter"],"picked":"Leap","floor":10},{"not_picked":["Turbo","Cold Snap"],"picked":"Ball Lightning","floor":11},{"not_picked":["Conserve Battery","Storm"],"picked":"Barrage","floor":13}],"player_experience":1688048,"relics_obtained":[{"floor":7,"key":"Unceasing Top"},{"floor":9,"key":"Vajra"},{"floor":13,"key":"Molten Egg 2"}],"event_choices":[{"damage_healed":0,"gold_gain":0,"player_choice":"Lose Max HP","damage_taken":0,"relics_obtained":["Golden Idol"],"max_hp_gain":0,"max_hp_loss":7,"event_name":"Golden Idol","floor":3,"gold_loss":0},{"damage_healed":0,"gold_gain":0,"player_choice":"Grow","damage_taken":0,"max_hp_gain":0,"max_hp_loss":0,"event_name":"Living Wall","floor":4,"gold_loss":0,"cards_upgraded":["Zap"]},{"damage_healed":0,"gold_gain":0,"player_choice":"Bought 1 Potion","damage_taken":0,"max_hp_gain":0,"max_hp_loss":0,"event_name":"The Woman in Blue","floor":5,"gold_loss":0},{"damage_healed":0,"gold_gain":0,"player_choice":"Fled","damage_taken":0,"max_hp_gain":0,"max_hp_loss":0,"event_name":"Scrap Ooze","floor":14,"gold_loss":0}],"is_beta":false,"boss_relics":[],"items_purged_floors":[],"is_endless":false,"potions_floor_spawned":[1,2,7],"killed_by":"The Guardian","ascension_level":20}