{"gold_per_floor":[113,0,19,36,54,89,89,114,114,144,159,159,188,202,202,278,278,291,291,291,30,50,50,76,86,86,103,116,147,162,193,193,265,265,285,298,298],"floor_reached":37,"playtime":3032,"items_purged":["Strike_R"],"score":909,"play_id":"94396310-39d6-40d3-b331-ce3cba062d49","local_time":"20180927012629","is_ascension_mode":true,"campfire_choices":[{"floor":7,"key":"REST"},{"data":"Shrug It Off","floor":12,"key":"SMITH"},{"floor":15,"key":"REST"},{"floor":23,"key":"REST"},{"floor":32,"key":"REST"}],"neow_cost":"","seed_source_timestamp":617494204363570,"circlet_count":0,"master_deck":["Strike_R","Strike_R","Strike_R","Strike_R","Defend_R","Defend_R","Defend_R","Defend_R","Bash","AscendersBane","Twin Strike","Pummel","Disarm","Rampage","Shrug It Off+1","Carnage","Shrug It Off","Power Through","Battle Trance","Battle Trance","Offering","Spot Weakness","Flame Barrier","Evolve+1","Feed","Reaper","Burning Pact","Demon Form","Disarm+1","Shrug It Off+1","Feel No Pain"],"relics":["Burning Blood","PreservedInsect","Blue Candle","Ginger","Odd Mushroom","Dead Branch","Fusion Hammer","Du-Vu Doll","Orichalcum","Meat on the Bone","Centennial Puzzle","Torii","Orrery"],"potions_floor_usage":[10,11,16,27,27,37,37],"damage_taken":[{"damage":2,"enemies":"Cultist","floor":1,"turns":4},{"damage":16,"enemies":"Small Slimes","floor":3,"turns":4},{"damage":8,"enemies":"2 Louse","floor":4,"turns":3},{"damage":15,"enemies":"Blue Slaver","floor":5,"turns":6},{"damage":42,"enemies":"3 Sentries","floor":6,"turns":11},{"damage":14,"enemies":"Lagavulin","floor":8,"turns":7},{"damage":16,"enemies":"The Mushroom Lair","floor":10,"turns":5},{"damage":10,"enemies":"Exordium Wildlife","floor":11,"turns":6},{"damage":14,"enemies":"Gremlin Nob","floor":13,"turns":3},{"damage":6,"enemies":"3 Louse","floor":14,"turns":4},{"damage":27,"enemies":"The Guardian","floor":16,"turns":14},{"damage":9,"enemies":"Spheric Guardian","floor":18,"turns":4},{"damage":13,"enemies":"2 Thieves","floor":22,"turns":3},{"damage":8,"enemies":"Book of Stabbing","floor":24,"turns":5},{"damage":29,"enemies":"Shelled Parasite and Fungi","floor":25,"turns":7},{"damage":11,"enemies":"3 Cultists","floor":27,"turns":6},{"damage":33,"enemies":"Snake Plant","floor":28,"turns":6},{"damage":12,"enemies":"Slavers","floor":29,"turns":7},{"damage":13,"enemies":"Cultist and Chosen","floor":30,"turns":5},{"damage":17,"enemies":"Gremlin Leader","floor":31,"turns":8},{"damage":79,"enemies":"Collector","floor":33,"turns":10},{"damage":61,"enemies":"3 Shapes","floor":35,"turns":22},{"damage":49,"enemies":"3 Darklings","floor":36,"turns":6},{"damage":64,"enemies":"Reptomancer","floor":37,"turns":2}],"seed_played":"7720430566201148535","potions_obtained":[{"floor":3,"key":"Regen Potion"},{"floor":8,"key":"Poison Potion"},{"floor":10,"key":"BloodPotion"},{"floor":13,"key":"EssenceOfSteel"},{"floor":16,"key":"LiquidBronze"},{"floor":29,"key":"Poison Potion"},{"floor":30,"key":"EssenceOfSteel"},{"floor":33,"key":"Swift Potion"}],"is_trial":false,"path_per_floor":["M","$","M","M","M","E","R","E","T","?","M","R","E","M","R","B",null,"M","?","T","$","M","R","E","M","T","M","M","E","M","E","R","B",null,"M","M"],"character_chosen":"IRONCLAD","items_purchased":["Pummel","Regen Potion","Spot Weakness","Flame Barrier"],"campfire_rested":4,"item_purchase_floors":[2,21,21,21],"current_hp_per_floor":[72,72,62,60,51,15,37,29,29,19,22,22,14,14,36,15,60,57,36,36,36,29,53,51,28,28,63,51,51,64,68,92,58,84,61,57,0],"gold":298,"neow_bonus":"","is_prod":false,"is_daily":false,"chose_seed":false,"campfire_upgraded":1,"win_rate":0,"timestamp":1538004389,"path_taken":["M","$","M","?","M","E","R","E","T","?","M","R","E","M","R","BOSS","M","?","?","$","M","R","E","M","T","M","M","E","M","E","R","BOSS","M","M","M"],"build_version":"2018-09-20","purchased_purges":1,"victory":false,"max_hp_per_floor":[75,75,75,75,75,75,75,75,75,75,75,75,75,75,75,75,75,75,80,80,80,80,80,80,80,80,80,83,89,92,92,92,92,92,95,98,98],"card_choices":[{"not_picked":["Armaments","Sword Boomerang"],"picked":"Twin Strike","floor":1},{"not_picked":["Heavy Blade","Iron Wave"],"picked":"Disarm","floor":3},{"not_picked":["Hemokinesis","True Grit"],"picked":"Rampage","floor":4},{"not_picked":["Body Slam","Havoc"],"picked":"Shrug It Off","floor":5},{"not_picked":["Wild Strike","Searing Blow"],"picked":"Carnage","floor":6},{"not_picked":["Cleave","Seeing Red"],"picked":"Shrug It Off","floor":8},{"not_picked":["Whirlwind","Bloodletting"],"picked":"Power Through","floor":10},{"not_picked":["Heavy Blade","Flex"],"picked":"Battle Trance","floor":11},{"not_picked":["Searing Blow","Exhume"],"picked":"Battle Trance","floor":13},{"not_picked":["Pommel Strike","Dropkick","Evolve"],"picked":"SKIP","floor":14},{"not_picked":["Juggernaut","Dark Embrace"],"picked":"Offering","floor":16},{"not_picked":["Pommel Strike","Sever Soul","Perfected Strike"],"picked":"SKIP","floor":18},{"not_picked":["Wild Strike","Iron Wave","True Grit"],"picked":"SKIP","floor":22},{"not_picked":["Flex","Body Slam","Perfected Strike"],"picked":"SKIP","floor":24},{"not_picked":["Corruption","Heavy Blade"],"picked":"Evolve+1","floor":25},{"not_picked":["Combust","Armaments"],"picked":"Feed","floor":27},{"not_picked":["Entrench","Warcry","Flex"],"picked":"SKIP","floor":28},{"not_picked":["Clash","Anger"],"picked":"Reaper","floor":29},{"not_picked":["Armaments","Whirlwind","Pommel Strike"],"picked":"SKIP","floor":30},{"not_picked":["Whirlwind","Armaments"],"picked":"Burning Pact","floor":31},{"not_picked":["Feed","Juggernaut"],"picked":"Demon Form","floor":33},{"not_picked":["Dropkick","Iron Wave+1"],"picked":"Disarm+1","floor":34},{"not_picked":["True Grit","Corruption"],"picked":"Shrug It Off+1","floor":34},{"not_picked":["Warcry","Rage","Clothesline"],"picked":"SKIP","floor":35},{"not_picked":["Bludgeon","Warcry"],"picked":"Feel No Pain","floor":36}],"player_experience":1258575,"relics_obtained":[{"floor":6,"key":"PreservedInsect"},{"floor":8,"key":"Blue Candle"},{"floor":9,"key":"Ginger"},{"floor":10,"key":"Odd Mushroom"},{"floor":13,"key":"Dead Branch"},{"floor":20,"key":"Du-Vu Doll"},{"floor":24,"key":"Orichalcum"},{"floor":26,"key":"Meat on the Bone"},{"floor":29,"key":"Centennial Puzzle"},{"floor":31,"key":"Torii"}],"event_choices":[{"event_name":"Mushrooms","player_choice":"Fought Mushrooms","floor":10,"damage_taken":0},{"event_name":"Forgotten Altar","player_choice":"Shed Blood","floor":19,"damage_taken":0}],"is_beta":false,"boss_relics":[{"not_picked":["Runic Cube","Philosopher\u0027s Stone"],"picked":"Fusion Hammer"},{"not_picked":["White Beast Statue","Eternal Feather"],"picked":"Orrery"}],"items_purged_floors":[2],"is_endless":false,"potions_floor_spawned":[3,8,10,13,16,18,24,25,29,30,33],"killed_by":"Reptomancer","ascension_level":17}