{"gold_per_floor":[117,136,136,159,28,69,69,104,130,205,205,240,240,258,258,354,354,375,205,205,215,3,3,19,29,76,86,86,96,148,158,158,158],"floor_reached":33,"playtime":1952,"items_purged":["Defend_R"],"score":534,"play_id":"ef7f76fa-3746-4d3a-aee5-b9d00ee9b2e9","local_time":"20181010225716","is_ascension_mode":true,"campfire_choices":[{"data":"Bash","floor":7,"key":"SMITH"},{"floor":11,"key":"REST"},{"data":"Uppercut","floor":15,"key":"SMITH"},{"floor":23,"key":"REST"},{"data":"Dropkick","floor":28,"key":"SMITH"},{"data":"Limit Break","floor":32,"key":"SMITH"}],"neow_cost":"NONE","seed_source_timestamp":32529206040562,"circlet_count":0,"master_deck":["Bash+1","AscendersBane","Wild Strike","Iron Wave","Battle Trance","Cleave","True Grit","Limit Break+1","Flex","Anger","Uppercut+1","Reaper","Thunderclap","Shrug It Off+1","Rampage","Body Slam","Warcry","Pommel Strike","Infernal Blade","Havoc+1","Metallicize","Anger","Master of Strategy","Anger","Dropkick+1","Reaper","Battle Trance"],"relics":["Burning Blood","Bloody Idol","Regal Pillow","Dream Catcher","Lantern","Question Card","Pear","Pandora\u0027s Box","Bag of Marbles","War Paint","Boot"],"potions_floor_usage":[6,8,14,16,29,33,33],"damage_taken":[{"damage":6,"enemies":"2 Louse","floor":1,"turns":3},{"damage":6,"enemies":"Small Slimes","floor":2,"turns":4},{"damage":6,"enemies":"Cultist","floor":4,"turns":3},{"damage":20,"enemies":"3 Sentries","floor":6,"turns":7},{"damage":39,"enemies":"Lagavulin","floor":8,"turns":8},{"damage":26,"enemies":"Gremlin Nob","floor":12,"turns":4},{"damage":12,"enemies":"Lots of Slimes","floor":14,"turns":4},{"damage":10,"enemies":"Hexaghost","floor":16,"turns":6},{"damage":45,"enemies":"Shell Parasite","floor":18,"turns":4},{"damage":4,"enemies":"Chosen","floor":21,"turns":3},{"damage":36,"enemies":"Shelled Parasite and Fungi","floor":24,"turns":4},{"damage":9,"enemies":"3 Cultists","floor":25,"turns":4},{"damage":26,"enemies":"Chosen and Byrds","floor":27,"turns":5},{"damage":53,"enemies":"Snecko","floor":29,"turns":6},{"damage":22,"enemies":"Cultist and Chosen","floor":31,"turns":7},{"damage":70,"enemies":"Champ","floor":33,"turns":10}],"seed_played":"634970924803135826","potions_obtained":[{"floor":2,"key":"Explosive Potion"},{"floor":8,"key":"Fruit Juice"},{"floor":12,"key":"EssenceOfSteel"},{"floor":14,"key":"SteroidPotion"},{"floor":24,"key":"FearPotion"},{"floor":29,"key":"Poison Potion"}],"is_trial":false,"path_per_floor":["M","M","?","M","$","E","R","E","T","?","R","E","T","M","R","B",null,"M","$","?","M","$","R","M","M","T","M","R","M","T","M","R"],"character_chosen":"IRONCLAD","items_purchased":["Poison Potion","Bag of Marbles","Master of Strategy"],"campfire_rested":2,"item_purchase_floors":[5,19,22],"current_hp_per_floor":[68,68,68,68,68,54,54,21,21,10,45,25,35,34,34,30,70,31,31,31,47,47,83,58,78,83,68,68,30,35,33,33,0],"gold":158,"neow_bonus":"THREE_CARDS","is_prod":false,"is_daily":false,"chose_seed":false,"campfire_upgraded":4,"win_rate":0,"timestamp":1539205036,"path_taken":["M","M","?","?","$","E","R","E","T","?","R","E","?","?","R","BOSS","M","$","?","M","$","R","M","M","T","M","R","M","?","M","R","BOSS"],"build_version":"2018-10-04v2","purchased_purges":1,"victory":false,"max_hp_per_floor":[75,75,68,68,68,68,68,68,68,68,68,68,78,83,83,83,83,83,83,83,83,83,83,83,83,83,83,83,83,83,83,83,83],"card_choices":[{"not_picked":["Iron Wave","Havoc"],"picked":"Wild Strike","floor":0},{"not_picked":["Flex","True Grit"],"picked":"Iron Wave","floor":1},{"not_picked":["Iron Wave","Warcry"],"picked":"Battle Trance","floor":2},{"not_picked":["Armaments","Entrench"],"picked":"Cleave","floor":4},{"not_picked":["Burning Pact","Corruption"],"picked":"True Grit","floor":6},{"not_picked":["Havoc","Pommel Strike"],"picked":"Limit Break","floor":8},{"not_picked":["Heavy Blade","Clash"],"picked":"Flex","floor":11},{"not_picked":["Thunderclap","Havoc"],"picked":"Anger","floor":12},{"not_picked":["Thunderclap","Heavy Blade","Carnage"],"picked":"Uppercut","floor":14},{"not_picked":["Fiend Fire","Dark Embrace","Limit Break"],"picked":"Reaper","floor":16},{"not_picked":["Heavy Blade","Feel No Pain","Thunderclap"],"picked":"Metallicize","floor":18},{"not_picked":["Clothesline","Armaments","Perfected Strike+1"],"picked":"Anger","floor":21},{"not_picked":["Searing Blow+1","Shrug It Off","Warcry"],"picked":"Anger","floor":24},{"not_picked":["Clash","Perfected Strike","Iron Wave","Feel No Pain"],"picked":"SKIP","floor":25},{"not_picked":["Sword Boomerang","Pommel Strike","Body Slam"],"picked":"Dropkick","floor":27},{"not_picked":["Iron Wave","Perfected Strike","True Grit"],"picked":"Reaper","floor":29},{"not_picked":["Fire Breathing","Burning Pact","Armaments"],"picked":"Battle Trance","floor":31}],"player_experience":1409587,"relics_obtained":[{"floor":6,"key":"Regal Pillow"},{"floor":8,"key":"Dream Catcher"},{"floor":9,"key":"Lantern"},{"floor":12,"key":"Question Card"},{"floor":13,"key":"Pear"},{"floor":26,"key":"War Paint"},{"floor":30,"key":"Boot"}],"event_choices":[{"event_name":"Golden Idol","player_choice":"Lose Max HP","floor":3,"damage_taken":0},{"event_name":"World of Goop","player_choice":"Gather Gold","floor":10,"damage_taken":0},{"event_name":"Forgotten Altar","player_choice":"Gave Idol","floor":20,"damage_taken":0}],"is_beta":false,"boss_relics":[{"not_picked":["Black Star","Astrolabe"],"picked":"Pandora\u0027s Box"}],"items_purged_floors":[5],"is_endless":false,"potions_floor_spawned":[2,8,12,14,24,27,29],"killed_by":"Champ","ascension_level":20}