{"gold_per_floor":[113,132,142,142,155,155,188,188,188,217,233,233,233,252,252,351,351,291,291,301,301],"floor_reached":21,"playtime":1330,"items_purged":[],"score":325,"play_id":"11e7049d-6c94-4b4a-bf4e-4a56203bdc27","local_time":"20190303015703","is_ascension_mode":true,"campfire_choices":[{"data":"Deadly Poison","floor":6,"key":"SMITH"},{"data":"Catalyst","floor":8,"key":"SMITH"},{"floor":12,"key":"REST"},{"floor":15,"key":"REST"}],"neow_cost":"NONE","seed_source_timestamp":1464972840039500,"circlet_count":0,"master_deck":["Defend_G","Defend_G","Defend_G","Defend_G","Defend_G","Strike_G","Strike_G","Strike_G","Survivor","Neutralize","Night Terror+1","Deadly Poison+1","Deflect","PiercingWail","Catalyst+1","Crippling Poison","Deflect","Backflip","Burst","Blur"],"relics":["Ring of the Snake","Centennial Puzzle","Juzu Bracelet","Bottled Flame","Empty Cage"],"potions_floor_usage":[7,10,13,16,16,21],"damage_taken":[{"damage":0,"enemies":"2 Louse","floor":1,"turns":3},{"damage":0,"enemies":"Cultist","floor":2,"turns":3},{"damage":0,"enemies":"Jaw Worm","floor":3,"turns":5},{"damage":3,"enemies":"Looter","floor":5,"turns":4},{"damage":15,"enemies":"Lagavulin","floor":7,"turns":7},{"damage":42,"enemies":"Gremlin Nob","floor":10,"turns":5},{"damage":2,"enemies":"Blue Slaver","floor":11,"turns":5},{"damage":17,"enemies":"3 Sentries","floor":13,"turns":8},{"damage":3,"enemies":"Exordium Wildlife","floor":14,"turns":6},{"damage":20,"enemies":"The Guardian","floor":16,"turns":8},{"damage":12,"enemies":"2 Thieves","floor":18,"turns":4},{"damage":34,"enemies":"3 Byrds","floor":20,"turns":5},{"damage":10,"enemies":"Cultist and Chosen","floor":21,"turns":4}],"seed_played":"-3117797134307937675","potions_obtained":[{"floor":1,"key":"Swift Potion"},{"floor":4,"key":"SmokeBomb"},{"floor":4,"key":"Fire Potion"},{"floor":5,"key":"SteroidPotion"},{"floor":7,"key":"PowerPotion"},{"floor":10,"key":"Weak Potion"},{"floor":14,"key":"Block Potion"},{"floor":20,"key":"Poison Potion"}],"is_trial":false,"path_per_floor":["M","M","M","?","M","R","E","R","T","E","M","R","E","M","R","B",null,"M","?","M","M"],"character_chosen":"THE_SILENT","items_purchased":[],"campfire_rested":2,"item_purchase_floors":[],"current_hp_per_floor":[63,63,63,63,60,60,45,45,45,3,1,22,5,2,23,3,53,41,41,7,0],"gold":301,"neow_bonus":"ONE_RANDOM_RARE_CARD","is_prod":false,"is_daily":false,"chose_seed":false,"campfire_upgraded":2,"win_rate":0,"timestamp":1551596223,"path_taken":["M","M","M","?","M","R","E","R","T","E","M","R","E","M","R","BOSS","M","?","M","M"],"build_version":"2019-01-23","purchased_purges":0,"victory":false,"max_hp_per_floor":[70,70,70,70,70,70,70,70,70,70,70,70,70,70,70,70,70,70,70,70,70],"card_choices":[{"not_picked":["Dagger Spray","Dagger Throw"],"picked":"Deadly Poison","floor":1},{"not_picked":["Bouncing Flask","Masterful Stab"],"picked":"Deflect","floor":2},{"not_picked":["Crippling Poison","Outmaneuver"],"picked":"PiercingWail","floor":3},{"not_picked":["Outmaneuver","Tactician","Bane"],"picked":"SKIP","floor":5},{"not_picked":["Dash","Flying Knee"],"picked":"Catalyst","floor":7},{"not_picked":["Deadly Poison","Prepared"],"picked":"Crippling Poison","floor":10},{"not_picked":["Dagger Spray","Endless Agony"],"picked":"Deflect","floor":11},{"not_picked":["A Thousand Cuts","Dagger Throw"],"picked":"Backflip","floor":14},{"not_picked":["Malaise","Wraith Form v2"],"picked":"Burst","floor":16},{"not_picked":["Choke+1","Masterful Stab","Acrobatics"],"picked":"SKIP","floor":18},{"not_picked":["Terror","Bouncing Flask"],"picked":"Blur","floor":20}],"player_experience":327233,"relics_obtained":[{"floor":7,"key":"Centennial Puzzle"},{"floor":9,"key":"Juzu Bracelet"},{"floor":10,"key":"Bottled Flame"}],"event_choices":[{"damage_healed":0,"gold_gain":0,"player_choice":"Got Potions","damage_taken":0,"max_hp_gain":0,"max_hp_loss":0,"event_name":"Lab","floor":4,"gold_loss":0},{"damage_healed":0,"gold_gain":0,"player_choice":"Forge","damage_taken":0,"max_hp_gain":0,"max_hp_loss":0,"event_name":"Accursed Blacksmith","floor":19,"gold_loss":0,"cards_upgraded":["Night Terror"]}],"is_beta":false,"boss_relics":[{"not_picked":["Runic Dome","HoveringKite"],"picked":"Empty Cage"}],"items_purged_floors":[],"is_endless":false,"potions_floor_spawned":[1,5,7,10,14,20],"killed_by":"Cultist and Chosen","ascension_level":9}