{"gold_per_floor":[117,16,16,16,33,33,62,78,78,78,53,70,83,109,109,109],"floor_reached":16,"playtime":794,"items_purged":[],"score":162,"play_id":"bc7ff0fb-8a20-455a-b177-3d8f557cb171","local_time":"20190310202440","is_ascension_mode":true,"campfire_choices":[{"data":"Havoc","floor":6,"key":"SMITH"},{"data":"Clothesline","floor":10,"key":"SMITH"},{"data":"Armaments","floor":15,"key":"SMITH"}],"neow_cost":"NONE","seed_source_timestamp":20919699478723,"circlet_count":0,"master_deck":["Strike_R","Strike_R","Strike_R","Strike_R","Strike_R","Defend_R","Defend_R+1","Defend_R","Defend_R+1","Bash","Havoc+1","Metallicize","Pommel Strike","Clothesline+1","Armaments+1","Power Through","Headbutt","Iron Wave","Impervious"],"relics":["Burning Blood","NeowsBlessing","Darkstone Periapt","Oddly Smooth Stone","Question Card"],"potions_floor_usage":[],"damage_taken":[{"damage":0,"enemies":"Cultist","floor":1,"turns":1},{"damage":0,"enemies":"Small Slimes","floor":5,"turns":1},{"damage":0,"enemies":"3 Sentries","floor":7,"turns":1},{"damage":1,"enemies":"Jaw Worm","floor":8,"turns":4},{"damage":7,"enemies":"Blue Slaver","floor":12,"turns":4},{"damage":0,"enemies":"Large Slime","floor":13,"turns":7},{"damage":12,"enemies":"Gremlin Nob","floor":14,"turns":4},{"damage":74,"enemies":"Hexaghost","floor":16,"turns":17}],"seed_played":"-4986204690509306054","potions_obtained":[{"floor":5,"key":"SteroidPotion"},{"floor":7,"key":"Swift Potion"},{"floor":13,"key":"Explosive Potion"},{"floor":14,"key":"PowerPotion"}],"is_trial":false,"path_per_floor":["M","$","?","$","M","R","E","M","T","R","$","M","M","E","R","B"],"character_chosen":"IRONCLAD","items_purchased":["Metallicize","Pommel Strike","Headbutt"],"campfire_rested":0,"item_purchase_floors":[2,2,11],"current_hp_per_floor":[80,80,64,64,70,70,76,80,80,80,80,79,80,74,74,0],"gold":109,"neow_bonus":"THREE_ENEMY_KILL","is_prod":false,"is_daily":false,"chose_seed":false,"campfire_upgraded":3,"win_rate":0,"timestamp":1552242280,"path_taken":["M","?","?","?","M","R","E","M","T","R","$","M","M","E","R","BOSS"],"build_version":"2019-01-23","purchased_purges":0,"victory":false,"max_hp_per_floor":[80,80,80,80,80,80,80,80,80,80,80,80,80,80,80,80],"card_choices":[{"not_picked":["Clash","Searing Blow"],"picked":"Havoc","floor":1},{"not_picked":["Rupture","Bloodletting"],"picked":"Clothesline","floor":5},{"not_picked":["Anger","Second Wind"],"picked":"Armaments","floor":7},{"not_picked":["Clothesline","Bloodletting"],"picked":"Power Through","floor":8},{"not_picked":["Bloodletting","Thunderclap"],"picked":"Iron Wave","floor":12},{"not_picked":["Twin Strike","Iron Wave","Sentinel"],"picked":"SKIP","floor":13},{"not_picked":["Heavy Blade","Feel No Pain"],"picked":"Impervious","floor":14}],"player_experience":753013,"relics_obtained":[{"floor":7,"key":"Darkstone Periapt"},{"floor":9,"key":"Oddly Smooth Stone"},{"floor":14,"key":"Question Card"}],"event_choices":[{"damage_healed":0,"gold_gain":0,"player_choice":"Entered Light","damage_taken":16,"max_hp_gain":0,"max_hp_loss":0,"event_name":"Shining Light","floor":3,"gold_loss":0,"cards_upgraded":["Defend_R","Defend_R"]}],"is_beta":false,"boss_relics":[],"items_purged_floors":[],"is_endless":false,"potions_floor_spawned":[5,7,13,14],"killed_by":"Hexaghost","ascension_level":4}