{"gold_per_floor":[114,126,140,152,152,152,182,182,237,265,281,293,293,308,308,385,385,399,499,499,499,519,546,546,546,617,617],"floor_reached":27,"playtime":2003,"items_purged":[],"score":401,"play_id":"fb5dc642-1b8b-41ce-8e75-1880d19a790f","local_time":"20190309164802","is_ascension_mode":true,"campfire_choices":[{"data":"Bash","floor":6,"key":"SMITH"},{"data":"Flame Barrier","floor":8,"key":"SMITH"},{"data":"Armaments","floor":13,"key":"SMITH"},{"data":"Juggernaut","floor":15,"key":"SMITH"},{"floor":25,"key":"REST"}],"neow_cost":"NONE","seed_source_timestamp":2036151897181100,"circlet_count":0,"master_deck":["AscendersBane","Strike_R+1","Strike_R+1","Strike_R+1","Defend_R+1","Defend_R+1","Defend_R+1","Defend_R+1","Bash+1","Juggernaut+1","Flame Barrier+1","Feel No Pain","Headbutt","Iron Wave","Battle Trance","Armaments+1","Feed","Burning Pact","Shrug It Off","Feel No Pain","Uppercut","Wild Strike"],"relics":["Burning Blood","Bottled Lightning","Bronze Scales","Happy Flower","Sozu","Girya","Pantograph","Dead Branch"],"potions_floor_usage":[7],"damage_taken":[{"damage":1,"enemies":"Cultist","floor":1,"turns":4},{"damage":5,"enemies":"Small Slimes","floor":2,"turns":4},{"damage":4,"enemies":"2 Louse","floor":3,"turns":4},{"damage":42,"enemies":"Exordium Wildlife","floor":4,"turns":8},{"damage":26,"enemies":"3 Sentries","floor":7,"turns":7},{"damage":12,"enemies":"Lagavulin","floor":10,"turns":8},{"damage":2,"enemies":"3 Louse","floor":11,"turns":3},{"damage":4,"enemies":"Large Slime","floor":12,"turns":6},{"damage":0,"enemies":"2 Fungi Beasts","floor":14,"turns":3},{"damage":29,"enemies":"The Guardian","floor":16,"turns":10},{"damage":9,"enemies":"2 Thieves","floor":18,"turns":4},{"damage":13,"enemies":"Colosseum Slavers","floor":19,"turns":4},{"damage":48,"enemies":"Colosseum Nobs","floor":19,"turns":6},{"damage":0,"enemies":"Shell Parasite","floor":22,"turns":4},{"damage":49,"enemies":"Slavers","floor":23,"turns":6},{"damage":38,"enemies":"Gremlin Leader","floor":27,"turns":6}],"seed_played":"-6671519899067187637","potions_obtained":[{"floor":3,"key":"Regen Potion"},{"floor":7,"key":"LiquidBronze"},{"floor":10,"key":"Swift Potion"}],"is_trial":false,"path_per_floor":["M","M","M","M","?","R","E","R","T","E","M","M","R","M","R","B",null,"M","?","?","?","M","E","?","R","T","E"],"character_chosen":"IRONCLAD","items_purchased":[],"campfire_rested":1,"item_purchase_floors":[],"current_hp_per_floor":[77,78,80,44,44,44,39,39,39,33,37,39,39,45,45,22,66,63,17,44,44,50,10,10,35,35,0],"gold":617,"neow_bonus":"ONE_RANDOM_RARE_CARD","is_prod":false,"is_daily":false,"chose_seed":false,"campfire_upgraded":4,"win_rate":0,"timestamp":1552168082,"path_taken":["M","M","M","?","?","R","E","R","T","E","M","M","R","M","R","BOSS","M","?","?","?","M","E","?","R","T","E"],"build_version":"2019-01-23","purchased_purges":0,"victory":false,"max_hp_per_floor":[80,80,80,80,80,80,80,80,80,80,80,80,80,80,80,80,80,80,83,83,83,83,86,86,86,86,86],"card_choices":[{"not_picked":["Wild Strike","Entrench"],"picked":"Flame Barrier","floor":1},{"not_picked":["Bloodletting","Headbutt"],"picked":"Feel No Pain","floor":2},{"not_picked":["Clothesline","Evolve"],"picked":"Headbutt","floor":3},{"not_picked":["Wild Strike","Entrench"],"picked":"Iron Wave","floor":4},{"not_picked":["Flex","Entrench","Thunderclap"],"picked":"SKIP","floor":7},{"not_picked":["Bludgeon","Cleave","Power Through"],"picked":"SKIP","floor":10},{"not_picked":["Flame Barrier","Anger"],"picked":"Battle Trance","floor":11},{"not_picked":["Pommel Strike","Thunderclap"],"picked":"Armaments","floor":12},{"not_picked":["Iron Wave","Clash","Twin Strike"],"picked":"SKIP","floor":14},{"not_picked":["Berserk","Double Tap"],"picked":"Feed","floor":16},{"not_picked":["Clash+1","Perfected Strike"],"picked":"Burning Pact","floor":18},{"not_picked":["Havoc","Warcry"],"picked":"Shrug It Off","floor":19},{"not_picked":["Anger","Cleave","Armaments"],"picked":"SKIP","floor":22},{"not_picked":["Heavy Blade+1","Hemokinesis"],"picked":"Feel No Pain","floor":23}],"player_experience":373601,"relics_obtained":[{"floor":7,"key":"Bottled Lightning"},{"floor":9,"key":"Bronze Scales"},{"floor":10,"key":"Happy Flower"},{"floor":19,"key":"Girya"},{"floor":19,"key":"Pantograph"},{"floor":23,"key":"Dead Branch"}],"event_choices":[{"damage_healed":0,"gold_gain":0,"player_choice":"Ignored","damage_taken":0,"max_hp_gain":0,"max_hp_loss":0,"event_name":"Liars Game","floor":5,"gold_loss":0},{"damage_healed":0,"gold_gain":0,"player_choice":"Fight","damage_taken":0,"max_hp_gain":0,"max_hp_loss":0,"event_name":"Colosseum","floor":19,"gold_loss":0},{"damage_healed":0,"gold_gain":0,"player_choice":"Fought Nobs","damage_taken":0,"max_hp_gain":0,"max_hp_loss":0,"event_name":"Colosseum","floor":19,"gold_loss":0},{"damage_healed":27,"gold_gain":0,"player_choice":"Heal","damage_taken":0,"max_hp_gain":0,"max_hp_loss":0,"event_name":"The Library","floor":20,"gold_loss":0},{"damage_healed":0,"gold_gain":0,"player_choice":"Simplicity","damage_taken":0,"max_hp_gain":0,"max_hp_loss":0,"event_name":"Back to Basics","floor":21,"gold_loss":0,"cards_upgraded":["Strike_R","Strike_R","Strike_R","Strike_R","Strike_R","Defend_R","Defend_R","Defend_R","Defend_R"]},{"damage_healed":0,"gold_gain":0,"cards_transformed":["Strike_R","Strike_R"],"player_choice":"Became Test Subject","damage_taken":0,"max_hp_gain":0,"max_hp_loss":0,"event_name":"Drug Dealer","floor":24,"gold_loss":0,"cards_obtained":["Uppercut","Wild Strike"]}],"is_beta":false,"boss_relics":[{"not_picked":["Eternal Feather","Busted Crown"],"picked":"Sozu"}],"items_purged_floors":[],"is_endless":false,"potions_floor_spawned":[3,7,10,14,19,22,23],"killed_by":"Gremlin Leader","ascension_level":13}