{"gold_per_floor":[114,64,64,64,82,82,160,160,229,245,260,290,303,323,323,323],"floor_reached":16,"playtime":516,"items_purged":[],"score":133,"play_id":"1408cc44-431f-4886-aab9-6097b00303d2","local_time":"20190308015254","is_ascension_mode":true,"campfire_choices":[{"floor":6,"key":"RECALL"},{"data":"Zap","floor":8,"key":"SMITH"},{"data":"Consume","floor":15,"key":"SMITH"}],"neow_cost":"NONE","seed_source_timestamp":49547703229219,"circlet_count":0,"master_deck":["Strike_B","Strike_B","Strike_B","Defend_B","Defend_B+1","Defend_B","Defend_B+1","Zap+1","Dualcast","Ball Lightning","Coolheaded","Ball Lightning","Biased Cognition","Consume+1","Conserve Battery"],"relics":["Cracked Core","NeowsBlessing","Prayer Wheel","Symbiotic Virus","Singing Bowl","War Paint"],"potions_floor_usage":[12,14],"damage_taken":[{"damage":0,"enemies":"Jaw Worm","floor":1,"turns":1},{"damage":0,"enemies":"2 Louse","floor":5,"turns":1},{"damage":0,"enemies":"Cultist","floor":10,"turns":1},{"damage":15,"enemies":"Lots of Slimes","floor":11,"turns":4},{"damage":11,"enemies":"Lagavulin","floor":12,"turns":5},{"damage":4,"enemies":"Exordium Thugs","floor":13,"turns":3},{"damage":5,"enemies":"Gremlin Gang","floor":14,"turns":2},{"damage":44,"enemies":"The Guardian","floor":16,"turns":10}],"seed_played":"7787732857925291093","potions_obtained":[{"floor":11,"key":"FocusPotion"},{"floor":13,"key":"AttackPotion"}],"is_trial":false,"path_per_floor":["M","?","T","?","M","R","T","R","T","M","M","E","M","M","R","B"],"character_chosen":"DEFECT","items_purchased":[],"campfire_rested":0,"item_purchase_floors":[],"current_hp_per_floor":[68,68,68,68,68,68,68,68,68,72,59,48,46,43,43,0],"gold":323,"neow_bonus":"THREE_ENEMY_KILL","is_prod":false,"is_daily":false,"chose_seed":false,"campfire_upgraded":2,"win_rate":0,"timestamp":1552038774,"path_taken":["M","?","?","?","M","R","?","R","T","M","?","E","M","M","R","BOSS"],"build_version":"2019-01-23","purchased_purges":0,"victory":false,"max_hp_per_floor":[75,75,75,75,75,75,75,75,75,79,81,81,83,85,85,85],"card_choices":[{"not_picked":["Gash","Conserve Battery"],"picked":"Ball Lightning","floor":1},{"not_picked":["Tempest","Chill"],"picked":"Coolheaded","floor":5},{"not_picked":["Ball Lightning","Lockon","Streamline"],"picked":"SKIP","floor":5},{"not_picked":["FTL","Double Energy","Chaos"],"picked":"Singing Bowl","floor":10},{"not_picked":["Scrape","Redo","Storm"],"picked":"Singing Bowl","floor":10},{"not_picked":["Rebound","Redo","Storm"],"picked":"Singing Bowl","floor":11},{"not_picked":["Turbo","FTL"],"picked":"Ball Lightning","floor":11},{"not_picked":["Auto Shields","Rebound"],"picked":"Biased Cognition","floor":12},{"not_picked":["Barrage","White Noise","Steam"],"picked":"Singing Bowl","floor":13},{"not_picked":["Leap","Loop"],"picked":"Consume","floor":13},{"not_picked":["Consume","Steam","Go for the Eyes"],"picked":"Singing Bowl","floor":14},{"not_picked":["Go for the Eyes","Consume"],"picked":"Conserve Battery","floor":14}],"player_experience":368262,"relics_obtained":[{"floor":3,"key":"Prayer Wheel"},{"floor":7,"key":"Symbiotic Virus"},{"floor":9,"key":"Singing Bowl"},{"floor":12,"key":"War Paint"}],"event_choices":[{"cards_removed":["Strike_B"],"damage_healed":0,"gold_gain":0,"player_choice":"Card Removal","damage_taken":0,"max_hp_gain":0,"max_hp_loss":0,"event_name":"The Cleric","floor":2,"gold_loss":50},{"damage_healed":0,"gold_gain":0,"player_choice":"Ignored","damage_taken":0,"max_hp_gain":0,"max_hp_loss":0,"event_name":"Shining Light","floor":4,"gold_loss":0}],"is_beta":false,"boss_relics":[],"items_purged_floors":[],"is_endless":false,"potions_floor_spawned":[11,13],"killed_by":"The Guardian","ascension_level":6}