{"gold_per_floor":[368,368,379,49,49,49,49,49,49,69,81,81,98,128,128,207,207,220,234,234,258,275,275],"floor_reached":23,"playtime":1139,"items_purged":[],"score":482,"play_id":"55f707d1-749d-4cd2-a19a-e2bf83fea9f3","local_time":"20190205150657","is_ascension_mode":true,"campfire_choices":[{"data":"Glacier","floor":6,"key":"SMITH"},{"data":"Cold Snap","floor":8,"key":"SMITH"},{"data":"Loop","floor":15,"key":"SMITH"}],"neow_cost":"CURSE","seed_source_timestamp":579926529253317,"circlet_count":0,"master_deck":["AscendersBane","Strike_B","Strike_B","Strike_B","Strike_B","Defend_B","Defend_B","Defend_B","Defend_B","Zap+1","Dualcast","Cold Snap+1","Glacier+1","Leap","Cold Snap","Ball Lightning","Loop+1","Compile Driver","Loop","Echo Form","Go for the Eyes","Glacier","Shame"],"relics":["Cracked Core","ClockworkSouvenir","DataDisk","Dodecahedron","Cursed Key","Dream Catcher"],"potions_floor_usage":[16,18,19,20],"damage_taken":[{"damage":14,"enemies":"Small Slimes","floor":1,"turns":4},{"damage":0,"enemies":"Cultist","floor":3,"turns":3},{"damage":0,"enemies":"2 Louse","floor":10,"turns":2},{"damage":2,"enemies":"Exordium Thugs","floor":11,"turns":5},{"damage":2,"enemies":"Red Slaver","floor":13,"turns":3},{"damage":5,"enemies":"Gremlin Nob","floor":14,"turns":3},{"damage":0,"enemies":"The Guardian","floor":16,"turns":12},{"damage":19,"enemies":"2 Thieves","floor":18,"turns":5},{"damage":10,"enemies":"3 Byrds","floor":19,"turns":6},{"damage":28,"enemies":"Colosseum Slavers","floor":20,"turns":4},{"damage":0,"enemies":"Centurion and Healer","floor":22,"turns":13},{"damage":8,"enemies":"Snake Plant","floor":23,"turns":1}],"seed_played":"-6404495942109372861","potions_obtained":[{"floor":11,"key":"Swift Potion"},{"floor":13,"key":"Block Potion"},{"floor":16,"key":"SpeedPotion"},{"floor":19,"key":"Block Potion"},{"floor":22,"key":"Fire Potion"}],"is_trial":false,"path_per_floor":["M","?","M","$","?","R","$","R","T","M","M","?","M","E","R","B",null,"M","M","?","T","M","M"],"character_chosen":"DEFECT","items_purchased":["ClockworkSouvenir","Leap","Cold Snap"],"campfire_rested":0,"item_purchase_floors":[4,4,4],"current_hp_per_floor":[50,50,50,50,50,50,50,50,50,50,48,41,39,34,34,34,62,43,33,5,5,5,0],"gold":275,"neow_bonus":"TWO_FIFTY_GOLD","is_prod":false,"is_daily":false,"chose_seed":false,"campfire_upgraded":3,"win_rate":0,"timestamp":1549372017,"path_taken":["M","?","?","$","?","R","$","R","T","M","M","?","M","E","R","BOSS","M","M","?","?","M","?"],"build_version":"2019-01-23","purchased_purges":0,"victory":false,"max_hp_per_floor":[71,71,71,71,71,71,71,71,71,71,71,71,71,71,71,71,71,71,71,71,71,71,71],"card_choices":[{"not_picked":["Turbo","Beam Cell"],"picked":"Cold Snap","floor":1},{"not_picked":["Double Energy","Go for the Eyes"],"picked":"Glacier","floor":3},{"not_picked":["Sunder","Self Repair"],"picked":"Ball Lightning","floor":10},{"not_picked":["Steam","All For One"],"picked":"Loop","floor":11},{"not_picked":["Go for the Eyes","Beam Cell"],"picked":"Compile Driver","floor":13},{"not_picked":["Doom and Gloom","Ball Lightning"],"picked":"Loop","floor":14},{"not_picked":["Rainbow","Amplify"],"picked":"Echo Form","floor":16},{"not_picked":["Gash","Coolheaded"],"picked":"Go for the Eyes","floor":18},{"not_picked":["Rebound+1","Stack+1"],"picked":"Glacier","floor":19},{"not_picked":["Coolheaded","Redo","Conserve Battery+1"],"picked":"SKIP","floor":22}],"player_experience":1521397,"relics_obtained":[{"floor":9,"key":"DataDisk"},{"floor":14,"key":"Dodecahedron"},{"floor":21,"key":"Dream Catcher"}],"event_choices":[{"damage_healed":0,"gold_gain":0,"player_choice":"Forge","damage_taken":0,"max_hp_gain":0,"max_hp_loss":0,"event_name":"Accursed Blacksmith","floor":2,"gold_loss":0,"cards_upgraded":["Zap"]},{"damage_healed":0,"gold_gain":0,"player_choice":"Ignored","damage_taken":0,"max_hp_gain":0,"max_hp_loss":0,"event_name":"Liars Game","floor":5,"gold_loss":0},{"cards_removed":["Normality"],"damage_healed":0,"gold_gain":0,"player_choice":"Card Removal","damage_taken":7,"max_hp_gain":0,"max_hp_loss":0,"event_name":"Golden Wing","floor":12,"gold_loss":0},{"damage_healed":0,"gold_gain":0,"player_choice":"Fight","damage_taken":0,"max_hp_gain":0,"max_hp_loss":0,"event_name":"Colosseum","floor":20,"gold_loss":0},{"damage_healed":0,"gold_gain":0,"player_choice":"Fled From Nobs","damage_taken":0,"max_hp_gain":0,"max_hp_loss":0,"event_name":"Colosseum","floor":20,"gold_loss":0}],"is_beta":false,"boss_relics":[{"not_picked":["Lizard Tail","Eternal Feather"],"picked":"Cursed Key"}],"items_purged_floors":[],"is_endless":false,"potions_floor_spawned":[11,13,16,19,22],"killed_by":"Snake Plant","ascension_level":20}