{"gold_per_floor":[119,119,129,129,129,129,163,163,163,163,178,207,207,16,16,91,91,106,118,33,53,3,3,3],"floor_reached":24,"playtime":1085,"items_purged":["Pain","Strike_G+1"],"score":554,"play_id":"bff85c4e-4a66-4be8-a69a-95de9be34b92","local_time":"20181227040040","is_ascension_mode":true,"campfire_choices":[{"data":"Poisoned Stab","floor":6,"key":"SMITH"},{"data":"Leg Sweep","floor":8,"key":"SMITH"},{"data":"Neutralize","floor":10,"key":"SMITH"},{"data":"Footwork","floor":15,"key":"SMITH"},{"data":"Malaise","floor":23,"key":"SMITH"}],"neow_cost":"NONE","seed_source_timestamp":188632623180758,"circlet_count":0,"master_deck":["AscendersBane","Defend_G+1","Defend_G","Defend_G","Defend_G","Defend_G+1","Strike_G+1","Survivor+1","Neutralize+1","Poisoned Stab+1","Endless Agony","Leg Sweep+1","PiercingWail","Footwork+1","Blur","Malaise+1","Outmaneuver+1","Heel Hook+1","Masterful Stab+1","Dodge and Roll","Dodge and Roll"],"relics":["Ring of the Snake","NeowsBlessing","War Paint","Whetstone","Matryoshka","Juzu Bracelet","WarpedTongs","Astrolabe","Smiling Mask"],"potions_floor_usage":[12,24,24],"damage_taken":[{"damage":0,"enemies":"Small Slimes","floor":1,"turns":1},{"damage":0,"enemies":"Jaw Worm","floor":3,"turns":1},{"damage":0,"enemies":"Gremlin Nob","floor":7,"turns":1},{"damage":0,"enemies":"2 Louse","floor":11,"turns":2},{"damage":9,"enemies":"3 Sentries","floor":12,"turns":8},{"damage":0,"enemies":"The Guardian","floor":16,"turns":18},{"damage":8,"enemies":"Spheric Guardian","floor":18,"turns":7},{"damage":0,"enemies":"3 Byrds","floor":19,"turns":9},{"damage":6,"enemies":"Centurion and Healer","floor":21,"turns":12},{"damage":47,"enemies":"Slavers","floor":24,"turns":15}],"seed_played":"1686342449337575351","potions_obtained":[{"floor":3,"key":"Fire Potion"},{"floor":7,"key":"GhostInAJar"},{"floor":18,"key":"Poison Potion"},{"floor":21,"key":"SkillPotion"}],"is_trial":false,"path_per_floor":["M","?","M","?","?","R","E","R","T","R","M","E","?","$","R","B",null,"M","M","?","M","$","R","E"],"character_chosen":"THE_SILENT","items_purchased":["Footwork","Blur"],"campfire_rested":0,"item_purchase_floors":[14,14],"current_hp_per_floor":[59,39,39,61,35,35,35,35,35,35,35,26,26,26,26,26,56,48,48,48,42,42,42,0],"gold":3,"neow_bonus":"THREE_ENEMY_KILL","is_prod":false,"is_daily":false,"chose_seed":false,"campfire_upgraded":5,"win_rate":0,"timestamp":1545879640,"path_taken":["M","?","M","?","?","R","E","R","T","R","M","E","?","$","R","BOSS","M","M","?","M","$","R","E"],"build_version":"2018-12-20","purchased_purges":2,"victory":false,"max_hp_per_floor":[66,66,66,66,66,66,66,66,66,66,66,66,66,66,66,66,66,66,66,66,66,66,66,66],"card_choices":[{"not_picked":["Sucker Punch","Dagger Throw"],"picked":"Poisoned Stab","floor":1},{"not_picked":["Underhanded Strike","Cloak And Dagger"],"picked":"Endless Agony","floor":3},{"not_picked":["Terror","Dash"],"picked":"Leg Sweep","floor":7},{"not_picked":["Distraction","Quick Slash","Sucker Punch"],"picked":"SKIP","floor":11},{"not_picked":["Dash","Endless Agony"],"picked":"PiercingWail","floor":12},{"not_picked":["Unload","Burst"],"picked":"Malaise","floor":16},{"not_picked":["Flechettes","Dagger Throw","Dagger Spray"],"picked":"SKIP","floor":18},{"not_picked":["Dagger Throw+1","Prepared"],"picked":"Dodge and Roll","floor":19},{"not_picked":["Cloak And Dagger","Dagger Spray+1"],"picked":"Dodge and Roll","floor":21}],"player_experience":1739337,"relics_obtained":[{"floor":7,"key":"Whetstone"},{"floor":9,"key":"Matryoshka"},{"floor":12,"key":"Juzu Bracelet"}],"event_choices":[{"damage_healed":0,"gold_gain":0,"player_choice":"Entered Light","damage_taken":20,"max_hp_gain":0,"max_hp_loss":0,"event_name":"Shining Light","floor":2,"gold_loss":0,"cards_upgraded":["Strike_G","Defend_G"]},{"damage_healed":22,"gold_gain":0,"player_choice":"Banana","damage_taken":0,"max_hp_gain":0,"max_hp_loss":0,"event_name":"Big Fish","floor":4,"gold_loss":0},{"damage_healed":0,"gold_gain":0,"player_choice":"Success","damage_taken":26,"relics_obtained":["War Paint"],"max_hp_gain":0,"max_hp_loss":0,"event_name":"Scrap Ooze","floor":5,"gold_loss":0},{"damage_healed":0,"gold_gain":0,"player_choice":"Rummage","damage_taken":0,"relics_obtained":["WarpedTongs"],"max_hp_gain":0,"max_hp_loss":0,"event_name":"Accursed Blacksmith","floor":13,"gold_loss":0,"cards_obtained":["Pain"]},{"damage_healed":0,"gold_gain":0,"player_choice":"Obtained Relic","damage_taken":0,"relics_obtained":["Smiling Mask"],"max_hp_gain":0,"max_hp_loss":0,"event_name":"Addict","floor":20,"gold_loss":85}],"is_beta":false,"boss_relics":[{"not_picked":["Tiny House","Busted Crown"],"picked":"Astrolabe"}],"items_purged_floors":[14,22],"is_endless":false,"potions_floor_spawned":[3,7,18,21],"killed_by":"Slavers","ascension_level":20}