{"gold_per_floor":[112,112,125,138,138,138,163,163,163,163,177,192,192,7,7,108,108,123,123,156,156,156,156,156,171,197,121,121,139,158,190,190,190],"floor_reached":33,"playtime":2574,"items_purged":[],"score":368,"play_id":"67bcb887-9ad5-410d-b865-648326363cc3","local_time":"20190203205636","is_ascension_mode":true,"campfire_choices":[{"data":"Neutralize","floor":6.0,"key":"SMITH"},{"data":"Dagger Spray","floor":10.0,"key":"SMITH"},{"floor":13.0,"key":"REST"},{"data":"Catalyst","floor":15.0,"key":"SMITH"},{"data":"Venomology","floor":23.0,"key":"SMITH"},{"data":"Well Laid Plans","floor":28.0,"key":"SMITH"},{"floor":32.0,"key":"DIG"}],"neow_cost":"NONE","seed_source_timestamp":1921305946711527,"circlet_count":0,"master_deck":["Defend_G","Defend_G","Defend_G","Defend_G","Defend_G","Strike_G","Strike_G","Strike_G","Strike_G+1","Strike_G","Survivor","Neutralize+1","Sucker Punch","Dagger Spray+1","Adrenaline","Dagger Throw+1","Bouncing Flask","Slice+1","Cloak And Dagger","Catalyst+1","Venomology+1","Outmaneuver+1","Corpse Explosion","Adrenaline","Well Laid Plans+1","Catalyst","Backflip","Deadly Poison","All Out Attack+1","After Image"],"special_seed":0,"relics":["Ring of the Snake","Anchor","Prayer Wheel","Molten Egg 2","Bag of Preparation","White Beast Statue","Red Mask","MutagenicStrength","Enchiridion","Strawberry","Shovel","Lantern"],"potions_floor_usage":[33],"damage_taken":[{"damage":1.0,"enemies":"Cultist","floor":1.0,"turns":5.0},{"damage":0.0,"enemies":"Small Slimes","floor":3.0,"turns":5.0},{"damage":0.0,"enemies":"2 Louse","floor":4.0,"turns":2.0},{"damage":26.0,"enemies":"Gremlin Nob","floor":7.0,"turns":5.0},{"damage":0.0,"enemies":"2 Fungi Beasts","floor":11.0,"turns":2.0},{"damage":0.0,"enemies":"Large Slime","floor":12.0,"turns":3.0},{"damage":6.0,"enemies":"Slime Boss","floor":16.0,"turns":6.0},{"damage":1.0,"enemies":"Spheric Guardian","floor":18.0,"turns":3.0},{"damage":2.0,"enemies":"Masked Bandits","floor":20.0,"turns":3.0},{"damage":0.0,"enemies":"3 Byrds","floor":25.0,"turns":2.0},{"damage":8.0,"enemies":"Snake Plant","floor":29.0,"turns":2.0},{"damage":0.0,"enemies":"Snecko","floor":30.0,"turns":3.0},{"damage":25.0,"enemies":"Slavers","floor":31.0,"turns":4.0},{"damage":59,"enemies":"Automaton","floor":33,"turns":6}],"seed_played":"-7018744388889086972","potions_obtained":[{"floor":7.0,"key":"Swift Potion"},{"floor":12.0,"key":"Weak Potion"},{"floor":16.0,"key":"Fire Potion"},{"floor":18.0,"key":"Explosive Potion"},{"floor":20.0,"key":"LiquidBronze"},{"floor":25.0,"key":"SteroidPotion"},{"floor":29.0,"key":"Regen Potion"},{"floor":31.0,"key":"Energy Potion"}],"is_trial":false,"path_per_floor":["M","?","M","M","?","R","E","?","T","R","M","M","R","$","R","B",null,"M","?","?","?","?","R","?","M","T","$","R","M","M","E","R","B"],"character_chosen":"THE_SILENT","items_purchased":["Catalyst","Bag of Preparation","Catalyst"],"campfire_rested":1,"item_purchase_floors":[14,14,27],"current_hp_per_floor":[62,67,67,67,67,67,41,26,26,26,26,26,48,48,48,42,67,66,66,64,64,64,64,48,48,55,55,55,47,59,34,34,0],"gold":190,"neow_bonus":"RANDOM_COMMON_RELIC","is_prod":false,"is_daily":false,"chose_seed":false,"campfire_upgraded":5,"win_rate":0,"timestamp":1549187796,"path_taken":["M","?","M","M","?","R","E","?","T","R","M","M","R","$","R","BOSS","M","?","?","?","?","R","?","?","T","$","R","M","M","E","R","BOSS"],"build_version":"2019-01-23","purchased_purges":0,"victory":false,"max_hp_per_floor":[70,75,75,75,75,75,75,75,75,75,75,75,75,75,75,75,75,75,75,75,75,75,75,75,75,82,82,82,82,82,82,82,82],"card_choices":[{"not_picked":["Outmaneuver","Riddle With Holes"],"picked":"Sucker Punch","floor":1.0},{"not_picked":["Reflex","Flying Knee"],"picked":"Dagger Spray","floor":3.0},{"not_picked":["Blade Dance","Eviscerate"],"picked":"Adrenaline","floor":4.0},{"not_picked":["Blade Dance","Predator"],"picked":"Dagger Throw","floor":7.0},{"not_picked":["Dodge and Roll","Caltrops"],"picked":"Bouncing Flask","floor":11.0},{"not_picked":["Outmaneuver","PiercingWail"],"picked":"Slice+1","floor":11.0},{"not_picked":["Accuracy","Slice+1"],"picked":"Cloak And Dagger","floor":12.0},{"not_picked":["Dodge and Roll","Underhanded Strike+1","Blade Dance"],"picked":"SKIP","floor":12.0},{"not_picked":["Dodge and Roll","Underhanded Strike+1","Blade Dance"],"picked":"SKIP","floor":12.0},{"not_picked":["Dodge and Roll","Underhanded Strike+1","Blade Dance"],"picked":"SKIP","floor":12.0},{"not_picked":["Unload+1","Bullet Time"],"picked":"Venomology","floor":16.0},{"not_picked":["Dagger Spray+1","Prepared+1"],"picked":"Outmaneuver+1","floor":18.0},{"not_picked":["Sucker Punch+1","Deflect"],"picked":"Corpse Explosion","floor":18.0},{"not_picked":["Dagger Throw+1","Dagger Spray+1"],"picked":"Adrenaline","floor":25.0},{"not_picked":["Poisoned Stab+1","Outmaneuver"],"picked":"Well Laid Plans","floor":25.0},{"not_picked":["Poisoned Stab+1","Outmaneuver"],"picked":"Backflip","floor":29.0},{"not_picked":["Catalyst","Backflip"],"picked":"Deadly Poison","floor":29.0},{"not_picked":["Prepared","Endless Agony+1"],"picked":"All Out Attack+1","floor":30.0},{"not_picked":["Dodge and Roll","Crippling Poison","Cloak And Dagger"],"picked":"SKIP","floor":30.0},{"not_picked":["Prepared","Poisoned Stab+1"],"picked":"After Image","floor":31.0}],"player_experience":711661,"relics_obtained":[{"floor":7.0,"key":"Prayer Wheel"},{"floor":9.0,"key":"Molten Egg 2"},{"floor":20.0,"key":"Red Mask"},{"floor":24.0,"key":"Enchiridion"},{"floor":26.0,"key":"Strawberry"},{"floor":31.0,"key":"Shovel"},{"floor":32.0,"key":"Lantern"}],"event_choices":[{"damage_healed":0.0,"max_hp_gain":5.0,"max_hp_loss":0.0,"gold_gain":0.0,"event_name":"Big Fish","player_choice":"Donut","floor":2.0,"gold_loss":0.0,"damage_taken":0.0},{"damage_healed":0.0,"max_hp_gain":0.0,"max_hp_loss":0.0,"gold_gain":0.0,"event_name":"Liars Game","player_choice":"Ignored","floor":5.0,"gold_loss":0.0,"damage_taken":0.0},{"damage_healed":0.0,"max_hp_gain":0.0,"max_hp_loss":0.0,"gold_gain":0.0,"event_name":"Shining Light","player_choice":"Entered Light","floor":8.0,"gold_loss":0.0,"damage_taken":15.0,"cards_upgraded":["Dagger Throw","Strike_G"]},{"damage_healed":0.0,"max_hp_gain":0.0,"max_hp_loss":0.0,"gold_gain":0.0,"event_name":"Ghosts","player_choice":"Ignored","floor":19.0,"gold_loss":0.0,"damage_taken":0.0},{"damage_healed":0.0,"max_hp_gain":0.0,"max_hp_loss":0.0,"gold_gain":0.0,"event_name":"Masked Bandits","player_choice":"Fought Bandits","floor":20.0,"gold_loss":0.0,"damage_taken":0.0},{"damage_healed":0.0,"max_hp_gain":0.0,"max_hp_loss":0.0,"gold_gain":0.0,"event_name":"Drug Dealer","player_choice":"Inject Mutagens","floor":21.0,"gold_loss":0.0,"damage_taken":0.0,"relics_obtained":["MutagenicStrength"]},{"damage_healed":0.0,"max_hp_gain":0.0,"max_hp_loss":0.0,"gold_gain":0.0,"event_name":"The Mausoleum","player_choice":"Ignored","floor":22.0,"gold_loss":0.0,"damage_taken":0.0},{"damage_healed":0.0,"max_hp_gain":0.0,"max_hp_loss":0.0,"gold_gain":0.0,"event_name":"Cursed Tome","player_choice":"Obtained Book","floor":24.0,"gold_loss":0.0,"damage_taken":16.0}],"is_beta":false,"boss_relics":[{"not_picked":["Black Star","Pandora\u0027s Box"],"picked":"White Beast Statue"}],"items_purged_floors":[],"is_endless":false,"potions_floor_spawned":[7,12,16,18,20,25,29,30,31],"killed_by":"Automaton","ascension_level":8}