{"gold_per_floor":[114,160,160,171,183,212,212,247,295,295,52,67,83,83],"floor_reached":14,"playtime":532,"items_purged":[],"score":150,"play_id":"5896ea5b-7d9a-46ce-aa6e-925449bed469","local_time":"20190306174301","is_ascension_mode":true,"campfire_choices":[{"floor":7.0,"key":"REST"},{"floor":10,"key":"REST"}],"neow_cost":"NONE","seed_source_timestamp":1781701240470500,"circlet_count":0,"master_deck":["AscendersBane","Defend_G","Defend_G+1","Defend_G","Defend_G","Defend_G","Strike_G","Strike_G","Strike_G+1","Strike_G","Strike_G","Survivor","Neutralize","Dodge and Roll","Caltrops","Deadly Poison","Footwork","Escape Plan+1","Footwork","Deflect+1","PiercingWail+1","Backflip+1"],"special_seed":0,"relics":["Ring of the Snake","NeowsBlessing","Anchor","Toxic Egg 2","Lantern","Happy Flower","Bag of Preparation"],"potions_floor_usage":[12,14],"damage_taken":[{"damage":0.0,"enemies":"Cultist","floor":1.0,"turns":1.0},{"damage":0.0,"enemies":"2 Louse","floor":4.0,"turns":1.0},{"damage":0.0,"enemies":"Jaw Worm","floor":5.0,"turns":1.0},{"damage":32.0,"enemies":"3 Sentries","floor":6.0,"turns":11.0},{"damage":33,"enemies":"Lagavulin","floor":8,"turns":9},{"damage":0,"enemies":"Gremlin Gang","floor":12,"turns":6},{"damage":0,"enemies":"Blue Slaver","floor":13,"turns":4},{"damage":29,"enemies":"Gremlin Nob","floor":14,"turns":3}],"seed_played":"-900000725637798732","potions_obtained":[{"floor":5.0,"key":"SkillPotion"},{"floor":8,"key":"SpeedPotion"},{"floor":13,"key":"SkillPotion"}],"is_trial":false,"path_per_floor":["M","T","?","M","M","E","R","E","T","R","$","M","M","E"],"character_chosen":"THE_SILENT","items_purchased":["Footwork","Bag of Preparation","Deflect+1"],"campfire_rested":2,"item_purchase_floors":[11,11,11],"current_hp_per_floor":[63,63,49,49,49,17,38,5,5,26,26,26,26,0],"gold":83,"neow_bonus":"THREE_ENEMY_KILL","is_prod":false,"is_daily":false,"chose_seed":false,"campfire_upgraded":0,"win_rate":0,"timestamp":1551912181,"path_taken":["M","?","?","M","M","E","R","E","T","R","?","?","M","E"],"build_version":"2019-01-23","purchased_purges":0,"victory":false,"max_hp_per_floor":[70,70,70,70,70,70,70,70,70,70,70,70,70,70],"card_choices":[{"not_picked":["Blade Dance","Predator"],"picked":"Dodge and Roll","floor":1.0},{"not_picked":["Deadly Poison","Accuracy"],"picked":"Caltrops","floor":4.0},{"not_picked":["Outmaneuver","Sucker Punch"],"picked":"Deadly Poison","floor":5.0},{"not_picked":["Predator","Grand Finale"],"picked":"Footwork","floor":6.0},{"not_picked":["Caltrops","Blur+1"],"picked":"Escape Plan+1","floor":8},{"not_picked":["Catalyst+1","Blur+1"],"picked":"PiercingWail+1","floor":12},{"not_picked":["Bane","Deflect+1"],"picked":"Backflip+1","floor":13}],"player_experience":357181,"relics_obtained":[{"floor":2.0,"key":"Anchor"},{"floor":6.0,"key":"Toxic Egg 2"},{"floor":8,"key":"Lantern"},{"floor":9,"key":"Happy Flower"}],"event_choices":[{"damage_healed":0.0,"max_hp_gain":0.0,"max_hp_loss":0.0,"gold_gain":0.0,"event_name":"Shining Light","player_choice":"Entered Light","floor":3.0,"gold_loss":0.0,"damage_taken":14.0,"cards_upgraded":["Defend_G","Strike_G"]}],"is_beta":false,"boss_relics":[],"items_purged_floors":[],"is_endless":false,"potions_floor_spawned":[5,8,13],"killed_by":"Gremlin Nob","ascension_level":10}