{"gold_per_floor":[119,137,154,229,15,46,57,90,90,102,130,150,150,177,177,249,249,209,209,209,209,209,209,42,42,42,42,42,42,42,42,42,42,42,42,0,0,0,0,0,0,0,0,0,0,0,0,0,0,0,0],"floor_reached":52,"playtime":3198,"items_purged":[],"score":1964,"play_id":"a8deb388-cdbd-41dd-83da-a13e0cc48e8d","local_time":"20181018144703","is_ascension_mode":true,"campfire_choices":[{"data":"Uppercut","floor":13,"key":"SMITH"},{"data":"Fiend Fire","floor":15,"key":"SMITH"},{"floor":23,"key":"REST"},{"floor":25,"key":"REST"},{"data":"Disarm","floor":32,"key":"SMITH"},{"data":"Whirlwind","floor":40,"key":"SMITH"},{"data":"Flame Barrier","floor":42,"key":"SMITH"},{"data":"Bash","floor":46,"key":"SMITH"},{"floor":49,"key":"REST"}],"neow_cost":"","seed_source_timestamp":150275130643687,"circlet_count":0,"master_deck":["Strike_R","Strike_R","Defend_R","Defend_R","Defend_R","Defend_R","Bash+1","AscendersBane","Clothesline","Whirlwind+1","Ghostly Armor","Flame Barrier+1","Cleave","Disarm+1","Uppercut+1","Spot Weakness+1","Armaments+1","Fiend Fire+1","Demon Form+1","Shrug It Off+1","Exhume+1","Shockwave+1","Infernal Blade+1","Dark Embrace+1","Juggernaut+1","Havoc+1","Pummel+1","Reaper","Impervious+1","Heavy Blade+1","Body Slam+1","Anger+1","Shrug It Off+1","Juggernaut+1","Disarm+1","Apotheosis+1","Discovery+1","Discovery+1","Shrug It Off+1","Double Tap+1","Flame Barrier+1"],"relics":["Burning Blood","Orichalcum","Champion Belt","Toxic Egg 2","Question Card","Pear","Frozen Egg 2","Ectoplasm","Oddly Smooth Stone","Self Forming Clay","Pen Nib","Pantograph","Astrolabe","Red Mask","Calipers","Lantern","Art of War","Dream Catcher"],"potions_floor_usage":[8,8,16,18,19,27,33,50,51],"damage_taken":[{"damage":9,"enemies":"Jaw Worm","floor":1,"turns":5},{"damage":13,"enemies":"2 Louse","floor":2,"turns":3},{"damage":3,"enemies":"Cultist","floor":3,"turns":4},{"damage":26,"enemies":"3 Sentries","floor":6,"turns":12},{"damage":0,"enemies":"Lots of Slimes","floor":7,"turns":1},{"damage":13,"enemies":"Gremlin Nob","floor":8,"turns":4},{"damage":5,"enemies":"Large Slime","floor":10,"turns":7},{"damage":17,"enemies":"3 Sentries","floor":11,"turns":7},{"damage":8,"enemies":"2 Fungi Beasts","floor":12,"turns":4},{"damage":14,"enemies":"Lagavulin","floor":14,"turns":8},{"damage":16,"enemies":"Slime Boss","floor":16,"turns":9},{"damage":7,"enemies":"2 Thieves","floor":18,"turns":3},{"damage":6,"enemies":"3 Byrds","floor":19,"turns":5},{"damage":37,"enemies":"Sentry and Sphere","floor":20,"turns":6},{"damage":5,"enemies":"Centurion and Healer","floor":21,"turns":8},{"damage":22,"enemies":"Chosen and Byrds","floor":22,"turns":9},{"damage":14,"enemies":"Slavers","floor":27,"turns":5},{"damage":5,"enemies":"Snecko","floor":28,"turns":7},{"damage":14,"enemies":"Gremlin Leader","floor":29,"turns":4},{"damage":12,"enemies":"Snake Plant","floor":31,"turns":5},{"damage":79,"enemies":"Collector","floor":33,"turns":11},{"damage":0,"enemies":"3 Shapes","floor":35,"turns":4},{"damage":17,"enemies":"Mind Bloom Boss Battle","floor":38,"turns":7},{"damage":34,"enemies":"Nemesis","floor":41,"turns":5},{"damage":6,"enemies":"Orb Walker","floor":44,"turns":3},{"damage":49,"enemies":"Reptomancer","floor":47,"turns":10},{"damage":97,"enemies":"2 Orb Walkers","floor":48,"turns":6},{"damage":29,"enemies":"Donu and Deca","floor":50,"turns":7},{"damage":82,"enemies":"Awakened One","floor":51,"turns":11}],"seed_played":"41613403358647680","potions_obtained":[{"floor":2,"key":"Poison Potion"},{"floor":6,"key":"PowerPotion"},{"floor":11,"key":"SpeedPotion"},{"floor":12,"key":"Block Potion"},{"floor":16,"key":"Fire Potion"},{"floor":18,"key":"Fruit Juice"},{"floor":20,"key":"Dexterity Potion"},{"floor":21,"key":"Fire Potion"},{"floor":28,"key":"Explosive Potion"},{"floor":33,"key":"LiquidBronze"}],"is_trial":false,"path_per_floor":["M","M","M","?","$","E","M","E","T","M","E","M","R","E","R","B",null,"M","M","M","M","M","R","$","R","T","E","M","E","?","M","R","B",null,"M","?","$","?","$","R","E","R","T","M","?","R","M","E","R","B","B"],"character_chosen":"IRONCLAD","items_purchased":["Orichalcum","Flame Barrier","Oddly Smooth Stone"],"campfire_rested":3,"item_purchase_floors":[5,5,24],"current_hp_per_floor":[65,58,61,50,50,30,36,29,29,30,29,27,27,19,19,9,66,65,70,39,40,24,51,51,78,78,70,71,63,63,57,57,9,70,76,76,76,90,90,90,62,62,62,62,52,52,48,49,76,90,52],"gold":0,"neow_bonus":"","is_prod":false,"is_daily":false,"chose_seed":false,"campfire_upgraded":6,"win_rate":0,"timestamp":1539866823,"path_taken":["M","M","M","?","?","E","?","E","T","M","E","M","R","E","R","BOSS","M","M","M","M","M","R","$","R","T","E","M","E","?","M","R","BOSS","M","?","$","?","$","R","E","R","T","M","?","R","?","E","R","BOSS","BOSS"],"build_version":"2018-10-11","purchased_purges":0,"victory":true,"max_hp_per_floor":[75,75,75,75,75,75,75,75,75,75,85,85,85,85,85,85,85,85,90,90,90,90,90,90,90,90,90,90,90,90,90,90,90,90,90,90,90,90,90,90,90,90,90,90,90,90,90,90,90,90,90],"card_choices":[{"not_picked":["Warcry","Reckless Charge"],"picked":"Clothesline","floor":1},{"not_picked":["Intimidate","Flex"],"picked":"Whirlwind","floor":2},{"not_picked":["Combust","Clothesline"],"picked":"Ghostly Armor","floor":3},{"not_picked":["Intimidate","Sentinel"],"picked":"Cleave","floor":6},{"not_picked":["Metallicize","Barricade"],"picked":"Disarm","floor":7},{"not_picked":["Fire Breathing","Sever Soul"],"picked":"Uppercut","floor":8},{"not_picked":["Dropkick","Sentinel+1","Intimidate+1"],"picked":"Spot Weakness+1","floor":10},{"not_picked":["Warcry+1","Cleave","Clash"],"picked":"Armaments+1","floor":11},{"not_picked":["Metallicize","Evolve","Pommel Strike","Sword Boomerang"],"picked":"SKIP","floor":12},{"not_picked":["Iron Wave","Perfected Strike","Headbutt"],"picked":"Fiend Fire","floor":14},{"not_picked":["Offering+1","Double Tap+1","Juggernaut+1"],"picked":"Demon Form+1","floor":16},{"not_picked":["Armaments+1","Pommel Strike","Sword Boomerang"],"picked":"Shrug It Off+1","floor":18},{"not_picked":["Evolve+1","Disarm+1","Clothesline"],"picked":"Exhume+1","floor":19},{"not_picked":["Flex+1","Anger","Fire Breathing+1"],"picked":"Shockwave+1","floor":20},{"not_picked":["Iron Wave","Fire Breathing+1","Thunderclap"],"picked":"Infernal Blade+1","floor":21},{"not_picked":["Iron Wave","Headbutt","Clash"],"picked":"Dark Embrace+1","floor":22},{"not_picked":["Entrench+1","Clothesline","Cleave"],"picked":"Juggernaut+1","floor":27},{"not_picked":["Combust+1","Rampage","Perfected Strike"],"picked":"Havoc+1","floor":28},{"not_picked":["Perfected Strike","Sword Boomerang","Clash+1","Armaments+1"],"picked":"SKIP","floor":29},{"not_picked":["Metallicize+1","Havoc+1","Demon Form+1"],"picked":"Pummel+1","floor":31},{"not_picked":["Fiend Fire","Impervious+1","Double Tap+1"],"picked":"Reaper","floor":33},{"not_picked":["Cleave","Wild Strike","True Grit+1"],"picked":"Anger+1","floor":35},{"not_picked":["Fire Breathing+1","Havoc+1","Wild Strike"],"picked":"Shrug It Off+1","floor":38},{"not_picked":["Evolve+1","True Grit+1","Cleave+1"],"picked":"Juggernaut+1","floor":41},{"not_picked":["Warcry+1","Body Slam+1","Iron Wave"],"picked":"Disarm+1","floor":44},{"not_picked":["Transmutation+1","Deep Breath+1","Trip+1"],"picked":"Apotheosis+1","floor":45},{"not_picked":["Violence+1","Deep Breath+1","Madness+1"],"picked":"Discovery+1","floor":45},{"not_picked":["Madness+1","The Bomb+1","Secret Weapon+1"],"picked":"Discovery+1","floor":45},{"not_picked":["True Grit+1","Rampage","Clothesline"],"picked":"Shrug It Off+1","floor":47},{"not_picked":["Combust+1","Heavy Blade","Sever Soul"],"picked":"Double Tap+1","floor":48},{"not_picked":["Inflame+1","Headbutt","Clash"],"picked":"Flame Barrier+1","floor":49}],"player_experience":1450187,"relics_obtained":[{"floor":6,"key":"Champion Belt"},{"floor":8,"key":"Toxic Egg 2"},{"floor":9,"key":"Question Card"},{"floor":11,"key":"Pear"},{"floor":14,"key":"Frozen Egg 2"},{"floor":26,"key":"Self Forming Clay"},{"floor":27,"key":"Pen Nib"},{"floor":29,"key":"Pantograph"},{"floor":38,"key":"Calipers"},{"floor":41,"key":"Lantern"},{"floor":43,"key":"Art of War"},{"floor":48,"key":"Dream Catcher"}],"event_choices":[{"event_name":"World of Goop","player_choice":"Gather Gold","floor":4,"damage_taken":0},{"event_name":"The Mausoleum","player_choice":"No","floor":30,"damage_taken":0},{"event_name":"Tomb of Lord Red Mask","player_choice":"Paid","floor":36,"damage_taken":0},{"event_name":"MindBloom","player_choice":"Fight","floor":38,"damage_taken":0},{"event_name":"SensoryStone","player_choice":"Memory 3","floor":45,"damage_taken":0}],"is_beta":false,"boss_relics":[{"not_picked":["Busted Crown","Mark of Pain"],"picked":"Ectoplasm"},{"not_picked":["White Beast Statue","Black Blood"],"picked":"Astrolabe"}],"items_purged_floors":[],"is_endless":false,"potions_floor_spawned":[2,6,7,11,12,16,18,20,21,28,31,33,41,44],"ascension_level":20}