{"gold_per_floor":[119,131,142,162,174,203,203,153,180,211,224,239,239,266,266,362,362,375,392,392],"floor_reached":20,"playtime":1418,"items_purged":[],"score":268,"play_id":"15bd7424-0131-482b-b0e3-1cadb3e215be","local_time":"20190209124808","is_ascension_mode":true,"campfire_choices":[{"floor":7,"key":"REST"},{"floor":13,"key":"REST"},{"data":"Loop","floor":15,"key":"SMITH"}],"neow_cost":"NONE","seed_source_timestamp":307363443425600,"circlet_count":0,"master_deck":["Strike_B+1","Strike_B","Strike_B","Defend_B","Defend_B","Defend_B","Defend_B","Zap+1","Dualcast","Gash+1","Sunder","Coolheaded","BootSequence","Ball Lightning","Capacitor","White Noise","Genetic Algorithm","Loop+1","Echo Form","Self Repair"],"relics":["Cracked Core","Oddly Smooth Stone","Centennial Puzzle","Whetstone","Smiling Mask","Snecko Eye"],"potions_floor_usage":[6,12,16,19,20],"damage_taken":[{"damage":2,"enemies":"Jaw Worm","floor":1,"turns":4},{"damage":3,"enemies":"2 Louse","floor":2,"turns":2},{"damage":0,"enemies":"Small Slimes","floor":3,"turns":3},{"damage":15,"enemies":"Exordium Wildlife","floor":4,"turns":6},{"damage":9,"enemies":"Looter","floor":5,"turns":3},{"damage":25,"enemies":"Lagavulin","floor":6,"turns":5},{"damage":8,"enemies":"3 Sentries","floor":10,"turns":6},{"damage":2,"enemies":"Lots of Slimes","floor":11,"turns":4},{"damage":26,"enemies":"Gremlin Gang","floor":12,"turns":4},{"damage":0,"enemies":"Lagavulin","floor":14,"turns":7},{"damage":22,"enemies":"Slime Boss","floor":16,"turns":10},{"damage":14,"enemies":"Shell Parasite","floor":18,"turns":6},{"damage":18,"enemies":"3 Byrds","floor":19,"turns":3},{"damage":49,"enemies":"3 Cultists","floor":20,"turns":5}],"seed_played":"642153811263865631","potions_obtained":[{"floor":1,"key":"LiquidBronze"},{"floor":2,"key":"AttackPotion"},{"floor":5,"key":"Swift Potion"},{"floor":6,"key":"EssenceOfSteel"},{"floor":12,"key":"EssenceOfSteel"}],"is_trial":false,"path_per_floor":["M","M","M","M","M","E","R","?","T","E","M","M","R","E","R","B",null,"M","M","M"],"character_chosen":"DEFECT","items_purchased":[],"campfire_rested":2,"item_purchase_floors":[],"current_hp_per_floor":[73,70,70,55,46,21,43,43,43,35,33,7,29,29,29,7,75,61,43,0],"gold":392,"neow_bonus":"UPGRADE_CARD","is_prod":false,"is_daily":false,"chose_seed":false,"campfire_upgraded":1,"win_rate":0,"timestamp":1549734488,"path_taken":["M","M","M","M","M","E","R","?","T","E","M","M","R","E","R","BOSS","M","M","M"],"build_version":"2019-01-23","purchased_purges":0,"victory":false,"max_hp_per_floor":[75,75,75,75,75,75,75,75,75,75,75,75,75,75,75,75,75,75,75,75],"card_choices":[{"not_picked":["Consume","Hologram"],"picked":"Gash","floor":1},{"not_picked":["Skim","Coolheaded"],"picked":"Sunder","floor":2},{"not_picked":["Aggregate","Ball Lightning"],"picked":"Coolheaded","floor":3},{"not_picked":["Chill","Fusion"],"picked":"BootSequence","floor":4},{"not_picked":["Barrage","Redo"],"picked":"Ball Lightning","floor":5},{"not_picked":["Beam Cell","Turbo"],"picked":"Capacitor","floor":6},{"not_picked":["Double Energy","Compile Driver"],"picked":"White Noise","floor":10},{"not_picked":["Tempest","Go for the Eyes"],"picked":"Genetic Algorithm","floor":11},{"not_picked":["Redo","Steam","Hyperbeam"],"picked":"SKIP","floor":12},{"not_picked":["BootSequence","Hologram"],"picked":"Loop","floor":14},{"not_picked":["Meteor Strike","Rainbow"],"picked":"Echo Form","floor":16},{"not_picked":["Rebound","Redo","Loop"],"picked":"SKIP","floor":18},{"not_picked":["Hello World","Ball Lightning"],"picked":"Self Repair","floor":19}],"player_experience":170280,"relics_obtained":[{"floor":6,"key":"Oddly Smooth Stone"},{"floor":9,"key":"Centennial Puzzle"},{"floor":10,"key":"Whetstone"},{"floor":14,"key":"Smiling Mask"}],"event_choices":[{"cards_removed":["Strike_B"],"damage_healed":0,"gold_gain":0,"player_choice":"Card Removal","damage_taken":0,"max_hp_gain":0,"max_hp_loss":0,"event_name":"The Cleric","floor":8,"gold_loss":50}],"is_beta":false,"boss_relics":[{"not_picked":["Fusion Hammer","Nuclear Battery"],"picked":"Snecko Eye"}],"items_purged_floors":[],"is_endless":false,"potions_floor_spawned":[1,2,5,6,12],"killed_by":"3 Cultists","ascension_level":4}