{"gold_per_floor":[113,129,140,215,234,234,234,263,288,318,335,335,346,363,363,436,436,450,58,58,77,77,77,102,102,102,114,126,158,470,482,494,506],"floor_reached":33,"playtime":1433,"items_purged":["Strike_B"],"score":550,"play_id":"43fcd522-a48a-4362-80b8-5bd8a180d5df","local_time":"20190226131242","is_ascension_mode":true,"campfire_choices":[{"floor":6,"key":"REST"},{"data":"Defragment","floor":12,"key":"SMITH"},{"data":"Consume","floor":15,"key":"SMITH"},{"data":"Coolheaded","floor":23,"key":"SMITH"},{"floor":25,"key":"DIG"},{"data":"Seek","floor":28,"key":"SMITH"},{"floor":30,"key":"DIG"},{"floor":32,"key":"DIG"}],"neow_cost":"NONE","seed_source_timestamp":833029962338294,"circlet_count":0,"master_deck":["AscendersBane","Strike_B+1","Defend_B","Defend_B","Defend_B","Zap","Dualcast","White Noise","Ball Lightning","Conserve Battery","Compile Driver+1","Cold Snap","Defragment+1","Coolheaded+1","Recycle","Consume+1","Biased Cognition","White Noise+1","Ghostly","Ghostly","Ghostly","FTL","Turbo","Seek+1","White Noise"],"relics":["Cracked Core","DataDisk","Whetstone","Dream Catcher","Lizard Tail","Gambling Chip","Shovel","Cables","MawBank","Old Coin","Bronze Scales"],"potions_floor_usage":[5,13,16,24,24],"damage_taken":[{"damage":1,"enemies":"Cultist","floor":1,"turns":3},{"damage":7,"enemies":"Jaw Worm","floor":2,"turns":2},{"damage":6,"enemies":"2 Louse","floor":3,"turns":2},{"damage":29,"enemies":"Exordium Thugs","floor":5,"turns":4},{"damage":18,"enemies":"Lagavulin","floor":8,"turns":7},{"damage":22,"enemies":"3 Sentries","floor":10,"turns":6},{"damage":4,"enemies":"Blue Slaver","floor":11,"turns":3},{"damage":3,"enemies":"Large Slime","floor":13,"turns":3},{"damage":1,"enemies":"Looter","floor":14,"turns":3},{"damage":19,"enemies":"Hexaghost","floor":16,"turns":11},{"damage":3,"enemies":"Chosen","floor":18,"turns":6},{"damage":16,"enemies":"Shell Parasite","floor":21,"turns":7},{"damage":31,"enemies":"Gremlin Leader","floor":24,"turns":7},{"damage":0,"enemies":"Snecko","floor":29,"turns":5},{"damage":27,"enemies":"Collector","floor":33,"turns":2}],"seed_played":"-155837177624921709","potions_obtained":[{"floor":2,"key":"FearPotion"},{"floor":10,"key":"Energy Potion"},{"floor":14,"key":"SpeedPotion"},{"floor":16,"key":"SneckoOil"},{"floor":21,"key":"EssenceOfSteel"},{"floor":29,"key":"Fire Potion"}],"is_trial":false,"path_per_floor":["M","M","M","?","M","R","?","E","T","E","M","R","M","M","R","B",null,"M","$","?","M","?","R","E","R","T","?","R","M","R","T","R","B"],"character_chosen":"DEFECT","items_purchased":["Gambling Chip"],"campfire_rested":1,"item_purchase_floors":[19],"current_hp_per_floor":[63,56,50,39,10,31,71,53,53,31,27,27,24,23,23,4,54,51,51,65,49,35,35,4,4,4,4,4,4,4,4,4,0],"gold":506,"neow_bonus":"TRANSFORM_CARD","is_prod":false,"is_daily":false,"chose_seed":false,"campfire_upgraded":4,"win_rate":0,"timestamp":1551183162,"path_taken":["M","?","M","?","M","R","?","E","T","E","M","R","?","M","R","BOSS","M","$","?","M","?","R","E","R","T","?","R","M","R","?","R","BOSS"],"build_version":"2019-01-23","purchased_purges":1,"victory":false,"max_hp_per_floor":[71,71,71,71,71,71,71,71,71,71,71,71,71,71,71,71,71,71,71,71,71,35,35,35,35,35,35,35,35,35,35,35,35],"card_choices":[{"not_picked":["Coolheaded","Sunder"],"picked":"Ball Lightning","floor":1},{"not_picked":["Blizzard","Stack"],"picked":"Conserve Battery","floor":2},{"not_picked":["Aggregate","Hologram"],"picked":"Compile Driver","floor":3},{"not_picked":["Beam Cell","Turbo","Lockon"],"picked":"SKIP","floor":5},{"not_picked":["Compile Driver","Blizzard"],"picked":"Cold Snap","floor":8},{"not_picked":["White Noise","Multi-Cast"],"picked":"Defragment","floor":10},{"not_picked":["Recycle","Beam Cell"],"picked":"Coolheaded","floor":11},{"not_picked":["Recycle","Go for the Eyes","Scrape"],"picked":"SKIP","floor":13},{"not_picked":["Go for the Eyes","Scrape"],"picked":"Recycle","floor":13},{"not_picked":["Rebound","Darkness"],"picked":"Consume","floor":14},{"not_picked":["Amplify","Fission"],"picked":"Biased Cognition","floor":16},{"not_picked":["Rebound","Redo"],"picked":"White Noise+1","floor":18},{"not_picked":["Barrage","Sweeping Beam","Static Discharge"],"picked":"SKIP","floor":21},{"not_picked":["Ball Lightning","Hello World+1"],"picked":"FTL","floor":24},{"not_picked":["Loop","Double Energy"],"picked":"White Noise","floor":29}],"player_experience":1938465,"relics_obtained":[{"floor":8,"key":"DataDisk"},{"floor":9,"key":"Whetstone"},{"floor":10,"key":"Dream Catcher"},{"floor":24,"key":"Shovel"},{"floor":25,"key":"Cables"},{"floor":26,"key":"MawBank"},{"floor":30,"key":"Old Coin"},{"floor":32,"key":"Bronze Scales"}],"event_choices":[{"damage_healed":0,"gold_gain":75,"player_choice":"Gather Gold","damage_taken":11,"max_hp_gain":0,"max_hp_loss":0,"event_name":"World of Goop","floor":4,"gold_loss":0},{"damage_healed":40,"gold_gain":0,"player_choice":"Full Heal","damage_taken":0,"max_hp_gain":0,"max_hp_loss":0,"event_name":"Wheel of Change","floor":7,"gold_loss":0},{"damage_healed":14,"gold_gain":0,"player_choice":"Heal","damage_taken":0,"max_hp_gain":0,"max_hp_loss":0,"event_name":"The Library","floor":20,"gold_loss":0},{"damage_healed":0,"gold_gain":0,"player_choice":"Became a Ghost","damage_taken":0,"max_hp_gain":0,"max_hp_loss":36,"event_name":"Ghosts","floor":22,"gold_loss":0,"cards_obtained":["Ghostly","Ghostly","Ghostly"]},{"damage_healed":0,"gold_gain":0,"cards_transformed":["Strike_B","Defend_B"],"player_choice":"Became Test Subject","damage_taken":0,"max_hp_gain":0,"max_hp_loss":0,"event_name":"Drug Dealer","floor":27,"gold_loss":0,"cards_obtained":["Turbo","Seek"]}],"is_beta":false,"boss_relics":[{"not_picked":["Tiny House","Orrery"],"picked":"Lizard Tail"}],"items_purged_floors":[19],"is_endless":false,"potions_floor_spawned":[2,10,14,16,21,29],"killed_by":"Collector","ascension_level":20}