{"gold_per_floor":[115,133,147,16,36,36,68,68,68,68,102,112,112],"floor_reached":13,"playtime":472,"items_purged":["Strike_G"],"score":240,"play_id":"77577137-cfa8-48c4-9eff-9c607744b5db","local_time":"20190118152829","is_ascension_mode":true,"campfire_choices":[{"data":"Corpse Explosion","floor":6,"key":"SMITH"},{"data":"All Out Attack","floor":8,"key":"SMITH"}],"neow_cost":"NONE","seed_source_timestamp":224302982013319,"circlet_count":0,"master_deck":["AscendersBane","Defend_G+1","Defend_G","Defend_G+1","Defend_G","Defend_G","Strike_G","Strike_G","Strike_G","Strike_G","Survivor","Neutralize+1","Quick Slash","All Out Attack+1","All Out Attack","Corpse Explosion+1","Catalyst","Well Laid Plans"],"relics":["Ring of the Snake","Bottled Flame","The Courier","Shuriken"],"potions_floor_usage":[7,11,11,13],"damage_taken":[{"damage":1,"enemies":"Cultist","floor":1,"turns":4},{"damage":0,"enemies":"Jaw Worm","floor":2,"turns":4},{"damage":0,"enemies":"Small Slimes","floor":3,"turns":2},{"damage":1,"enemies":"Looter","floor":5,"turns":4},{"damage":0,"enemies":"3 Sentries","floor":7,"turns":2},{"damage":9,"enemies":"Lagavulin","floor":11,"turns":6},{"damage":0,"enemies":"Lots of Slimes","floor":12,"turns":2},{"damage":29,"enemies":"Gremlin Nob","floor":13,"turns":3}],"seed_played":"-1976114809577051403","potions_obtained":[{"floor":2,"key":"Block Potion"},{"floor":7,"key":"Swift Potion"},{"floor":12,"key":"FearPotion"}],"is_trial":false,"path_per_floor":["M","M","M","$","M","R","E","R","T","?","E","M","E"],"character_chosen":"THE_SILENT","items_purchased":["Strength Potion"],"campfire_rested":0,"item_purchase_floors":[4],"current_hp_per_floor":[58,58,58,58,57,57,57,57,57,37,28,28,0],"gold":112,"neow_bonus":"UPGRADE_CARD","is_prod":false,"is_daily":false,"chose_seed":false,"campfire_upgraded":2,"win_rate":0,"timestamp":1547821709,"path_taken":["M","?","M","$","M","R","E","R","T","?","E","M","E"],"build_version":"2019-01-17v2","purchased_purges":1,"victory":false,"max_hp_per_floor":[66,66,66,66,66,66,66,66,66,66,66,66,66],"card_choices":[{"not_picked":["Acrobatics","Riddle With Holes"],"picked":"Quick Slash","floor":1},{"not_picked":["Flying Knee","Dodge and Roll"],"picked":"All Out Attack","floor":2},{"not_picked":["Accuracy","Prepared"],"picked":"All Out Attack","floor":3},{"not_picked":["Blade Dance","Acrobatics"],"picked":"Corpse Explosion","floor":5},{"not_picked":["Acrobatics","Choke","Prepared"],"picked":"SKIP","floor":7},{"not_picked":["Riddle With Holes","Deflect"],"picked":"Catalyst","floor":11},{"not_picked":["Leg Sweep","Dash"],"picked":"Well Laid Plans","floor":12}],"player_experience":1793457,"relics_obtained":[{"floor":7,"key":"Bottled Flame"},{"floor":9,"key":"The Courier"},{"floor":11,"key":"Shuriken"}],"event_choices":[{"damage_healed":0,"gold_gain":0,"player_choice":"Entered Light","damage_taken":20,"max_hp_gain":0,"max_hp_loss":0,"event_name":"Shining Light","floor":10,"gold_loss":0,"cards_upgraded":["Defend_G","Defend_G"]}],"is_beta":false,"boss_relics":[],"items_purged_floors":[4],"is_endless":false,"potions_floor_spawned":[2,5,7,12],"killed_by":"Gremlin Nob","ascension_level":20}