{"gold_per_floor":[117,117,117,131,144,144,169,184,184,184,201,227,302,337,337,337],"floor_reached":16,"playtime":692,"items_purged":[],"score":240,"play_id":"92ca24b9-a42b-48c4-a368-1a1863c22a25","local_time":"20190108130144","is_ascension_mode":true,"campfire_choices":[{"data":"Sword Boomerang","floor":6,"key":"SMITH"},{"floor":10,"key":"REST"},{"data":"Cleave","floor":15,"key":"SMITH"}],"neow_cost":"NONE","seed_source_timestamp":1258466060038461,"circlet_count":0,"master_deck":["AscendersBane","Strike_R","Strike_R","Strike_R","Strike_R","Strike_R","Defend_R","Defend_R","Defend_R","Defend_R","Bash+1","True Grit+1","Sword Boomerang+1","Shockwave","Carnage","Clothesline","Cleave+1"],"relics":["Burning Blood","Lantern","Bag of Preparation","Sundial","Unceasing Top","Bird Faced Urn"],"potions_floor_usage":[7,12,16],"damage_taken":[{"damage":14,"enemies":"Small Slimes","floor":1,"turns":4},{"damage":0,"enemies":"Jaw Worm","floor":4,"turns":5},{"damage":8,"enemies":"Cultist","floor":5,"turns":4},{"damage":39,"enemies":"Lagavulin","floor":7,"turns":7},{"damage":15,"enemies":"3 Louse","floor":8,"turns":4},{"damage":0,"enemies":"Looter","floor":11,"turns":4},{"damage":2,"enemies":"Gremlin Nob","floor":12,"turns":3},{"damage":22,"enemies":"3 Sentries","floor":14,"turns":7},{"damage":33,"enemies":"Slime Boss","floor":16,"turns":10}],"seed_played":"-3128081330801326596","potions_obtained":[{"floor":4,"key":"Strength Potion"},{"floor":5,"key":"Poison Potion"},{"floor":14,"key":"GamblersBrew"}],"is_trial":false,"path_per_floor":["M","?","?","M","M","R","E","M","T","R","M","E","?","E","R","B"],"character_chosen":"IRONCLAD","items_purchased":[],"campfire_rested":1,"item_purchase_floors":[],"current_hp_per_floor":[60,60,60,66,64,64,31,22,22,44,50,54,43,27,27,0],"gold":337,"neow_bonus":"RANDOM_COMMON_RELIC","is_prod":false,"is_daily":false,"chose_seed":false,"campfire_upgraded":2,"win_rate":0,"timestamp":1546948904,"path_taken":["M","?","?","M","?","R","E","M","T","R","M","E","?","E","R","BOSS"],"build_version":"2019-01-03v4","purchased_purges":0,"victory":false,"max_hp_per_floor":[75,75,75,75,75,75,75,75,75,75,75,75,75,75,75,75],"card_choices":[{"not_picked":["Warcry","Bloodletting"],"picked":"True Grit","floor":1},{"not_picked":["Infernal Blade","Warcry","Body Slam"],"picked":"SKIP","floor":4},{"not_picked":["Dual Wield","Bloodletting"],"picked":"Sword Boomerang","floor":5},{"not_picked":["Flex","Barricade","Bloodletting"],"picked":"SKIP","floor":7},{"not_picked":["Power Through","Wild Strike"],"picked":"Shockwave","floor":8},{"not_picked":["Perfected Strike","Body Slam"],"picked":"Carnage","floor":11},{"not_picked":["Carnage","Rage"],"picked":"Clothesline","floor":12},{"not_picked":["Fire Breathing","Headbutt"],"picked":"Cleave","floor":14}],"player_experience":1770611,"relics_obtained":[{"floor":7,"key":"Bag of Preparation"},{"floor":9,"key":"Sundial"},{"floor":12,"key":"Unceasing Top"},{"floor":14,"key":"Bird Faced Urn"}],"event_choices":[{"damage_healed":0,"gold_gain":0,"player_choice":"Grow","damage_taken":0,"max_hp_gain":0,"max_hp_loss":0,"event_name":"Living Wall","floor":2,"gold_loss":0,"cards_upgraded":["Bash"]},{"damage_healed":0,"gold_gain":0,"player_choice":"Forge","damage_taken":0,"max_hp_gain":0,"max_hp_loss":0,"event_name":"Accursed Blacksmith","floor":3,"gold_loss":0,"cards_upgraded":["True Grit"]},{"damage_healed":0,"gold_gain":75,"player_choice":"Gather Gold","damage_taken":11,"max_hp_gain":0,"max_hp_loss":0,"event_name":"World of Goop","floor":13,"gold_loss":0}],"is_beta":false,"boss_relics":[],"items_purged_floors":[],"is_endless":false,"potions_floor_spawned":[4,5,14],"killed_by":"Slime Boss","ascension_level":20}