{"gold_per_floor":[115,115,133,133,143,177,177,192,192,192,40,73,73,83,83,161,161,180,180,193,27,27,27,53,53,53,66,93,127,188,204,204,280,280,292,304,304,355,255,281,281,308,331,331,341,372,372,594,594,594,594,594,594,172,205,205],"floor_reached":57,"playtime":3205,"items_purged":["Strike_G","Strike_G","Strike_G"],"score":3058,"play_id":"6177d5b7-970b-4664-ab39-f3978e1a3c9a","local_time":"20190115235259","is_ascension_mode":true,"campfire_choices":[{"data":"Bouncing Flask","floor":7,"key":"SMITH"},{"data":"Corpse Explosion","floor":10,"key":"SMITH"},{"data":"Noxious Fumes","floor":15,"key":"SMITH"},{"data":"Wraith Form v2","floor":23,"key":"SMITH"},{"data":"Wraith Form v2","floor":25,"key":"SMITH"},{"data":"Corpse Explosion","floor":32,"key":"SMITH"},{"data":"Adrenaline","floor":41,"key":"SMITH"},{"data":"Bouncing Flask","floor":44,"key":"SMITH"},{"floor":47,"key":"RECALL"},{"data":"Well Laid Plans","floor":49,"key":"SMITH"},{"data":"Well Laid Plans","floor":53,"key":"SMITH"}],"neow_cost":"NONE","seed_source_timestamp":213130785943785,"circlet_count":0,"master_deck":["AscendersBane","Defend_G","Defend_G","Defend_G","Defend_G+1","Defend_G","Strike_G","Strike_G","Survivor+1","Neutralize+1","Cloak And Dagger","Bouncing Flask+1","Corpse Explosion+1","Well Laid Plans+1","Noxious Fumes+1","Well Laid Plans+1","Wraith Form v2+1","Wraith Form v2+1","Corpse Explosion+1","Adrenaline+1","Bouncing Flask+1","Wraith Form v2+1"],"relics":["Ring of the Snake","Du-Vu Doll","Mercury Hourglass","Thread and Needle","Turnip","Snecko Eye","Snake Skull","Matryoshka","Blood Vial","Red Mask","Tiny Chest","Busted Crown","Mango","War Paint","Bird Faced Urn","Shuriken","Frozen Egg 2","DollysMirror","Incense Burner"],"potions_floor_usage":[6,28,56,56,56],"damage_taken":[{"damage":3,"enemies":"Small Slimes","floor":1,"turns":6},{"damage":0,"enemies":"Cultist","floor":3,"turns":4},{"damage":0,"enemies":"Jaw Worm","floor":5,"turns":2},{"damage":22,"enemies":"Gremlin Nob","floor":6,"turns":4},{"damage":6,"enemies":"3 Louse","floor":8,"turns":2},{"damage":13,"enemies":"Lagavulin","floor":12,"turns":6},{"damage":0,"enemies":"Exordium Thugs","floor":14,"turns":3},{"damage":8,"enemies":"The Guardian","floor":16,"turns":10},{"damage":0,"enemies":"Spheric Guardian","floor":18,"turns":4},{"damage":8,"enemies":"2 Thieves","floor":20,"turns":3},{"damage":9,"enemies":"Gremlin Leader","floor":24,"turns":6},{"damage":9,"enemies":"Snake Plant","floor":27,"turns":4},{"damage":13,"enemies":"Book of Stabbing","floor":28,"turns":5},{"damage":0,"enemies":"Masked Bandits","floor":29,"turns":3},{"damage":0,"enemies":"Gremlin Leader","floor":30,"turns":6},{"damage":0,"enemies":"Centurion and Healer","floor":31,"turns":4},{"damage":17,"enemies":"Champ","floor":33,"turns":11},{"damage":0,"enemies":"Orb Walker","floor":35,"turns":3},{"damage":0,"enemies":"3 Darklings","floor":36,"turns":3},{"damage":0,"enemies":"2 Orb Walkers","floor":38,"turns":5},{"damage":0,"enemies":"Reptomancer","floor":40,"turns":6},{"damage":15,"enemies":"Nemesis","floor":42,"turns":7},{"damage":0,"enemies":"Jaw Worm Horde","floor":45,"turns":5},{"damage":1,"enemies":"Giant Head","floor":46,"turns":6},{"damage":0,"enemies":"Time Eater","floor":50,"turns":7},{"damage":49,"enemies":"Donu and Deca","floor":51,"turns":7},{"damage":0,"enemies":"Shield and Spear","floor":55,"turns":5},{"damage":66,"enemies":"The Heart","floor":56,"turns":9}],"seed_played":"-2780902148576065925","potions_obtained":[{"floor":5,"key":"Strength Potion"},{"floor":14,"key":"Energy Potion"},{"floor":16,"key":"Poison Potion"},{"floor":19,"key":"EntropicBrew"},{"floor":20,"key":"LiquidBronze"},{"floor":29,"key":"Fire Potion"},{"floor":35,"key":"GamblersBrew"},{"floor":38,"key":"AttackPotion"}],"is_trial":false,"path_per_floor":["M","?","M","?","M","E","R","M","T","R","$","E","?","M","R","B",null,"M","?","M","$","?","R","E","R","T","M","E","?","E","M","R","B",null,"M","M","?","?","$","E","R","E","T","R","M","E","R","?","R","B","B",null,"R","$","E","B",null],"character_chosen":"THE_SILENT","items_purchased":["Noxious Fumes","Wraith Form v2","DollysMirror","LiquidBronze"],"campfire_rested":0,"item_purchase_floors":[11,21,54,54],"current_hp_per_floor":[62,62,62,44,44,22,22,16,16,16,16,3,72,72,72,64,70,70,70,62,62,62,62,53,53,53,44,31,33,35,37,37,22,60,62,64,64,80,80,82,82,67,67,67,79,82,82,82,82,82,41,72,72,72,82,27],"gold":205,"neow_bonus":"TEN_PERCENT_HP_BONUS","is_prod":false,"is_daily":false,"chose_seed":false,"campfire_upgraded":10,"win_rate":0,"timestamp":1547592779,"path_taken":["M","?","?","?","M","E","R","M","T","R","$","E","?","M","R","BOSS","M","?","?","?","?","R","E","R","T","M","E","?","E","?","R","BOSS","M","M","?","?","$","E","R","E","T","R","M","E","R","?","R","BOSS","BOSS","R","$","E","BOSS"],"build_version":"2019-01-10","purchased_purges":3,"victory":true,"max_hp_per_floor":[72,72,72,72,72,72,72,72,72,72,72,72,72,72,72,72,72,72,72,72,72,72,72,72,72,72,72,72,72,72,72,72,72,72,72,72,68,82,82,82,82,82,82,82,82,82,82,82,82,82,82,82,82,82,82,82],"card_choices":[{"not_picked":["Outmaneuver","All Out Attack"],"picked":"Heel Hook","floor":1},{"not_picked":["Concentrate","Choke"],"picked":"Cloak And Dagger","floor":3},{"not_picked":["Quick Slash","Eviscerate"],"picked":"Bouncing Flask","floor":5},{"not_picked":["Backflip","Dagger Throw"],"picked":"Corpse Explosion","floor":6},{"not_picked":["Quick Slash","Deadly Poison"],"picked":"Well Laid Plans","floor":8},{"not_picked":["Well Laid Plans","Acrobatics","Deflect"],"picked":"SKIP","floor":12},{"not_picked":["Acrobatics","Deflect"],"picked":"Well Laid Plans","floor":12},{"not_picked":["Slice","Sucker Punch","Flying Knee"],"picked":"SKIP","floor":14},{"not_picked":["Adrenaline","Malaise"],"picked":"Wraith Form v2","floor":16},{"not_picked":["Poisoned Stab","Flying Knee","Blade Dance"],"picked":"SKIP","floor":18},{"not_picked":["Dagger Spray","Reflex","Acrobatics"],"picked":"SKIP","floor":20},{"not_picked":["Endless Agony","Poisoned Stab","All Out Attack"],"picked":"SKIP","floor":24},{"not_picked":["Reflex","Dash","Deadly Poison"],"picked":"SKIP","floor":27},{"not_picked":["Reflex","Dash","Deadly Poison"],"picked":"SKIP","floor":27},{"not_picked":["Finisher","Masterful Stab","Sucker Punch"],"picked":"SKIP","floor":28},{"not_picked":["Sucker Punch","Footwork"],"picked":"Corpse Explosion","floor":30},{"not_picked":["Dodge and Roll","Poisoned Stab","Blade Dance"],"picked":"SKIP","floor":31},{"not_picked":["Phantasmal Killer","Doppelganger"],"picked":"Adrenaline","floor":33},{"not_picked":["Dagger Spray"],"picked":"SKIP","floor":35},{"not_picked":["All Out Attack"],"picked":"SKIP","floor":36},{"not_picked":["Dash"],"picked":"SKIP","floor":40},{"not_picked":[],"picked":"Bouncing Flask","floor":42},{"not_picked":["Masterful Stab"],"picked":"SKIP","floor":45},{"not_picked":["Quick Slash"],"picked":"SKIP","floor":46},{"not_picked":["Slice"],"picked":"SKIP","floor":55}],"player_experience":1784630,"relics_obtained":[{"floor":6,"key":"Mercury Hourglass"},{"floor":9,"key":"Thread and Needle"},{"floor":12,"key":"Turnip"},{"floor":24,"key":"Snake Skull"},{"floor":26,"key":"Matryoshka"},{"floor":28,"key":"Blood Vial"},{"floor":29,"key":"Red Mask"},{"floor":30,"key":"Tiny Chest"},{"floor":38,"key":"Mango"},{"floor":40,"key":"War Paint"},{"floor":42,"key":"Bird Faced Urn"},{"floor":43,"key":"Shuriken"},{"floor":46,"key":"Frozen Egg 2"},{"floor":55,"key":"Incense Burner"}],"event_choices":[{"damage_healed":0,"gold_gain":0,"player_choice":"Upgraded","damage_taken":0,"max_hp_gain":0,"max_hp_loss":0,"event_name":"Upgrade Shrine","floor":2,"gold_loss":0,"cards_upgraded":["Neutralize"]},{"damage_healed":0,"gold_gain":0,"player_choice":"Success","damage_taken":18,"relics_obtained":["Du-Vu Doll"],"max_hp_gain":0,"max_hp_loss":0,"event_name":"Scrap Ooze","floor":4,"gold_loss":0},{"cards_removed":["Heel Hook"],"damage_healed":69,"gold_gain":0,"player_choice":"Offered Uncommon","damage_taken":0,"max_hp_gain":0,"max_hp_loss":0,"event_name":"Bonfire Elementals","floor":13,"gold_loss":0},{"damage_healed":0,"gold_gain":0,"player_choice":"Got Potions","damage_taken":0,"max_hp_gain":0,"max_hp_loss":0,"event_name":"Lab","floor":19,"gold_loss":0},{"damage_healed":0,"gold_gain":0,"player_choice":"Ignored","damage_taken":0,"max_hp_gain":0,"max_hp_loss":0,"event_name":"Beggar","floor":22,"gold_loss":0},{"damage_healed":0,"gold_gain":0,"player_choice":"Fought Bandits","damage_taken":0,"max_hp_gain":0,"max_hp_loss":0,"event_name":"Masked Bandits","floor":29,"gold_loss":0},{"damage_healed":0,"gold_gain":0,"player_choice":"Max HP","damage_taken":0,"max_hp_gain":0,"max_hp_loss":4,"event_name":"Winding Halls","floor":37,"gold_loss":0},{"damage_healed":0,"gold_gain":0,"player_choice":"Fight","damage_taken":0,"max_hp_gain":0,"max_hp_loss":0,"event_name":"Mysterious Sphere","floor":38,"gold_loss":0},{"damage_healed":0,"gold_gain":222,"player_choice":"Wore Mask","damage_taken":0,"max_hp_gain":0,"max_hp_loss":0,"event_name":"Tomb of Lord Red Mask","floor":48,"gold_loss":0}],"is_beta":false,"boss_relics":[{"not_picked":["Fusion Hammer","White Beast Statue"],"picked":"Snecko Eye"},{"not_picked":["Eternal Feather","Orrery"],"picked":"Busted Crown"}],"items_purged_floors":[11,39,54],"is_endless":false,"potions_floor_spawned":[5,14,16,20,24,29,35,38,46],"ascension_level":20}