{"gold_per_floor":[116,41,58,68,85,114,126,126,126,126,152,152,152,166,166,166],"floor_reached":16,"playtime":694,"items_purged":["Doubt"],"score":224,"play_id":"934e745b-73ca-43c0-8cfc-34f6431cf240","local_time":"20181012205225","is_ascension_mode":true,"campfire_choices":[{"data":"Body Slam","floor":8,"key":"SMITH"},{"data":"Bash","floor":10,"key":"SMITH"},{"data":"Cleave","floor":13,"key":"SMITH"},{"data":"Thunderclap","floor":15,"key":"SMITH"}],"neow_cost":"CURSE","seed_source_timestamp":199130626111978,"circlet_count":0,"master_deck":["Strike_R","Strike_R","Strike_R","Defend_R+1","Defend_R","Defend_R","Defend_R","Bash+1","AscendersBane","Second Wind+1","Sever Soul","Power Through","Cleave+1","Body Slam+1","True Grit","Thunderclap+1","Spot Weakness"],"relics":["Burning Blood","Pantograph","Matryoshka","War Paint"],"potions_floor_usage":[6,6],"damage_taken":[{"damage":2,"enemies":"Cultist","floor":1,"turns":4},{"damage":0,"enemies":"2 Louse","floor":3,"turns":2},{"damage":4,"enemies":"Jaw Worm","floor":4,"turns":5},{"damage":14,"enemies":"Blue Slaver","floor":5,"turns":5},{"damage":22,"enemies":"Lagavulin","floor":6,"turns":7},{"damage":1,"enemies":"Looter","floor":7,"turns":4},{"damage":30,"enemies":"Gremlin Nob","floor":11,"turns":5},{"damage":14,"enemies":"3 Louse","floor":14,"turns":3},{"damage":69,"enemies":"Slime Boss","floor":16,"turns":12}],"seed_played":"3993588405433499300","potions_obtained":[{"floor":4,"key":"Explosive Potion"},{"floor":5,"key":"Explosive Potion"},{"floor":6,"key":"FairyPotion"},{"floor":14,"key":"EssenceOfSteel"}],"is_trial":false,"path_per_floor":["M","$","M","M","M","E","M","R","T","R","E","?","R","M","R"],"character_chosen":"IRONCLAD","items_purchased":[],"campfire_rested":0,"item_purchase_floors":[],"current_hp_per_floor":[72,72,75,75,67,51,56,56,56,56,32,37,37,29,29,0],"gold":166,"neow_bonus":"TRANSFORM_TWO_CARDS","is_prod":false,"is_daily":false,"chose_seed":false,"campfire_upgraded":4,"win_rate":0,"timestamp":1539370345,"path_taken":["M","$","M","M","M","E","M","R","T","R","E","?","R","M","R","BOSS"],"build_version":"2018-10-11","purchased_purges":1,"victory":false,"max_hp_per_floor":[75,75,75,75,75,75,75,75,75,75,75,80,80,80,80,80],"card_choices":[{"not_picked":["Perfected Strike","Rupture","Evolve"],"picked":"SKIP","floor":1},{"not_picked":["Sword Boomerang","Pommel Strike"],"picked":"Power Through","floor":3},{"not_picked":["Power Through","Rage"],"picked":"Cleave","floor":4},{"not_picked":["Flex","Anger"],"picked":"Body Slam","floor":5},{"not_picked":["Wild Strike","Warcry"],"picked":"True Grit","floor":6},{"not_picked":["Sword Boomerang","Iron Wave"],"picked":"Thunderclap","floor":7},{"not_picked":["True Grit","Shockwave"],"picked":"Spot Weakness","floor":11},{"not_picked":["Flex","Perfected Strike","Rage"],"picked":"SKIP","floor":14}],"player_experience":1430447,"relics_obtained":[{"floor":6,"key":"Pantograph"},{"floor":9,"key":"Matryoshka"},{"floor":11,"key":"War Paint"}],"event_choices":[{"event_name":"Big Fish","player_choice":"Donut","floor":12,"damage_taken":0}],"is_beta":false,"boss_relics":[],"items_purged_floors":[2],"is_endless":false,"potions_floor_spawned":[4,5,6,14],"killed_by":"Slime Boss","ascension_level":20}