{"gold_per_floor":[360,370,386,397,3,3,103,139,139,170,186,186,186,186,186,317,317,335,19,19,32,56,56,56],"floor_reached":24,"playtime":5434,"items_purged":["Strike_G","Strike_G"],"score":268,"play_id":"12dd4591-4e57-479b-a9cc-ef851ecd2b1e","local_time":"20190210224134","is_ascension_mode":true,"campfire_choices":[{"floor":12,"key":"REST"},{"floor":15,"key":"REST"},{"data":"Noxious Fumes","floor":23,"key":"SMITH"}],"neow_cost":"TEN_PERCENT_HP_LOSS","seed_source_timestamp":425351929500600,"circlet_count":0,"master_deck":["Defend_G","Defend_G","Defend_G","Defend_G","Defend_G","Strike_G+1","Strike_G+1","Strike_G+1","Survivor","Neutralize","Leg Sweep","Poisoned Stab","Dagger Spray+1","Noxious Fumes+1","Well Laid Plans","PiercingWail","Burst","Glass Knife","Bane","Night Terror","Bouncing Flask","Envenom","Dash","Terror"],"relics":["Ring of the Snake","Whetstone","Golden Idol","Vajra","Mercury Hourglass","Bottled Tornado","Ornamental Fan","Runic Pyramid"],"potions_floor_usage":[10,16,24,24,24],"damage_taken":[{"damage":2,"enemies":"2 Louse","floor":1,"turns":4},{"damage":0,"enemies":"Cultist","floor":2,"turns":4},{"damage":4,"enemies":"Small Slimes","floor":3,"turns":5},{"damage":4,"enemies":"Blue Slaver","floor":4,"turns":4},{"damage":22,"enemies":"3 Sentries","floor":8,"turns":6},{"damage":9,"enemies":"Lagavulin","floor":10,"turns":7},{"damage":4,"enemies":"Exordium Wildlife","floor":11,"turns":3},{"damage":2,"enemies":"Hexaghost","floor":16,"turns":8},{"damage":10,"enemies":"Spheric Guardian","floor":18,"turns":4},{"damage":8,"enemies":"3 Byrds","floor":21,"turns":3},{"damage":16,"enemies":"Centurion and Healer","floor":22,"turns":6},{"damage":19,"enemies":"Slavers","floor":24,"turns":3}],"seed_played":"-7808498885757296503","potions_obtained":[{"floor":1,"key":"FearPotion"},{"floor":4,"key":"GamblersBrew"},{"floor":10,"key":"AttackPotion"},{"floor":16,"key":"SkillPotion"},{"floor":18,"key":"Strength Potion"}],"is_trial":false,"path_per_floor":["M","M","M","M","$","?","?","E","T","E","M","R","?","?","R","B",null,"M","$","?","M","M","R","E"],"character_chosen":"THE_SILENT","items_purchased":["Well Laid Plans","Whetstone","PiercingWail","SkillPotion","Envenom","Dash"],"campfire_rested":2,"item_purchase_floors":[5,5,5,5,19,19],"current_hp_per_floor":[61,61,57,53,53,53,53,31,31,22,18,35,23,16,33,31,51,41,41,41,33,17,17,0],"gold":56,"neow_bonus":"TWO_FIFTY_GOLD","is_prod":false,"is_daily":false,"chose_seed":false,"campfire_upgraded":1,"win_rate":0,"timestamp":1549856494,"path_taken":["M","M","M","M","$","?","?","E","T","E","?","R","?","?","R","BOSS","M","$","?","M","M","R","E"],"build_version":"2019-01-23","purchased_purges":2,"victory":false,"max_hp_per_floor":[63,63,63,63,63,58,58,58,58,58,58,58,58,58,58,58,58,58,58,58,58,58,58,58],"card_choices":[{"not_picked":["Crippling Poison","Sucker Punch"],"picked":"Leg Sweep","floor":1},{"not_picked":["Dash","Flying Knee"],"picked":"Poisoned Stab","floor":2},{"not_picked":["Escape Plan","Eviscerate"],"picked":"Dagger Spray","floor":3},{"not_picked":["Endless Agony","Distraction"],"picked":"Noxious Fumes","floor":4},{"not_picked":["Cloak And Dagger","Bane"],"picked":"Burst","floor":8},{"not_picked":["Deflect","Outmaneuver"],"picked":"Glass Knife","floor":10},{"not_picked":["All Out Attack","Deflect"],"picked":"Bane","floor":11},{"not_picked":["Venomology","Grand Finale"],"picked":"Night Terror","floor":16},{"not_picked":["Sucker Punch","Cloak And Dagger"],"picked":"Bouncing Flask","floor":18},{"not_picked":["Masterful Stab","Cloak And Dagger"],"picked":"Terror","floor":21},{"not_picked":["Heel Hook","Masterful Stab","Grand Finale"],"picked":"SKIP","floor":22}],"player_experience":201658,"relics_obtained":[{"floor":8,"key":"Vajra"},{"floor":9,"key":"Mercury Hourglass"},{"floor":10,"key":"Bottled Tornado"}],"event_choices":[{"damage_healed":0,"gold_gain":0,"player_choice":"Lose Max HP","damage_taken":0,"relics_obtained":["Golden Idol"],"max_hp_gain":0,"max_hp_loss":5,"event_name":"Golden Idol","floor":6,"gold_loss":0},{"damage_healed":0,"gold_gain":100,"player_choice":"Pray","damage_taken":0,"max_hp_gain":0,"max_hp_loss":0,"event_name":"Golden Shrine","floor":7,"gold_loss":0},{"damage_healed":0,"gold_gain":0,"player_choice":"Entered Light","damage_taken":12,"max_hp_gain":0,"max_hp_loss":0,"event_name":"Shining Light","floor":13,"gold_loss":0,"cards_upgraded":["Strike_G","Strike_G"]},{"damage_healed":0,"gold_gain":0,"player_choice":"Success","damage_taken":7,"relics_obtained":["Ornamental Fan"],"max_hp_gain":0,"max_hp_loss":0,"event_name":"Scrap Ooze","floor":14,"gold_loss":0},{"damage_healed":0,"gold_gain":0,"player_choice":"Ignored","damage_taken":0,"max_hp_gain":0,"max_hp_loss":0,"event_name":"Vampires","floor":20,"gold_loss":0}],"is_beta":false,"boss_relics":[{"not_picked":["Ectoplasm","Cursed Key"],"picked":"Runic Pyramid"}],"items_purged_floors":[5,19],"is_endless":false,"potions_floor_spawned":[1,4,10,16,18],"killed_by":"Slavers","ascension_level":6}