{"gold_per_floor":[117,117,136,136,136,136,166,8,8,8,26,26,26,39,39,112,112,130,130,405,80,100,100,118,137,137,171,171,200,216,216,216,216],"floor_reached":33,"playtime":1334,"items_purged":["Strike_B","Regret"],"score":651,"play_id":"c5056af5-4fe8-4297-a55b-c6e55b6947d9","local_time":"20181003003638","is_ascension_mode":true,"campfire_choices":[{"floor":6,"key":"REST"},{"data":"Sunder","floor":10,"key":"SMITH"},{"data":"Ball Lightning","floor":13,"key":"SMITH"},{"data":"Zap","floor":15,"key":"SMITH"},{"data":"Conserve Battery","floor":23,"key":"SMITH"},{"data":"Ball Lightning","floor":28,"key":"SMITH"},{"floor":32,"key":"REST"}],"neow_cost":"PERCENT_DAMAGE","seed_source_timestamp":1134634743615738,"circlet_count":0,"master_deck":["Strike_B+1","Defend_B","Defend_B","Defend_B","Defend_B","Zap+1","Dualcast","AscendersBane","Reboot","Reboot+1","Sunder+1","Cold Snap","Ball Lightning+1","Cold Snap","Creative AI","Conserve Battery+1","Ball Lightning+1","Glacier","Sunder"],"relics":["Cracked Core","Thread and Needle","Du-Vu Doll","Bag of Preparation","Cursed Key","NlothsMask","Lee\u0027s Waffle","Red Mask","Strawberry"],"potions_floor_usage":[2,18,29,33],"damage_taken":[{"damage":0,"enemies":"2 Louse","floor":1,"turns":4},{"damage":2,"enemies":"Jaw Worm","floor":3,"turns":3},{"damage":25,"enemies":"Gremlin Nob","floor":7,"turns":4},{"damage":0,"enemies":"Small Slimes","floor":11,"turns":1},{"damage":2,"enemies":"3 Louse","floor":14,"turns":3},{"damage":0,"enemies":"Slime Boss","floor":16,"turns":8},{"damage":2,"enemies":"3 Byrds","floor":18,"turns":3},{"damage":0,"enemies":"Chosen","floor":22,"turns":3},{"damage":26,"enemies":"Centurion and Healer","floor":24,"turns":7},{"damage":0,"enemies":"3 Cultists","floor":25,"turns":4},{"damage":0,"enemies":"Masked Bandits","floor":27,"turns":2},{"damage":19,"enemies":"Book of Stabbing","floor":29,"turns":4},{"damage":0,"enemies":"Snecko","floor":30,"turns":3},{"damage":75,"enemies":"Collector","floor":33,"turns":9}],"seed_played":"-3386093982231322073","potions_obtained":[{"floor":1,"key":"Fruit Juice"},{"floor":11,"key":"Explosive Potion"},{"floor":22,"key":"FocusPotion"},{"floor":25,"key":"LiquidBronze"}],"is_trial":false,"path_per_floor":["M","?","M","?","?","R","E","$","T","R","M","?","R","M","R","B",null,"M","?","?","$","M","R","M","M","T","?","R","E","M","T","R"],"character_chosen":"DEFECT","items_purchased":["EssenceOfSteel","Lee\u0027s Waffle"],"campfire_rested":2,"item_purchase_floors":[8,21],"current_hp_per_floor":[46,51,49,38,15,37,12,12,12,12,12,37,37,35,35,35,66,64,64,64,83,83,83,57,57,57,57,57,45,45,45,72,0],"gold":216,"neow_bonus":"TRANSFORM_TWO_CARDS","is_prod":false,"is_daily":false,"chose_seed":false,"campfire_upgraded":5,"win_rate":0,"timestamp":1538519798,"path_taken":["M","?","M","?","?","R","E","$","T","R","M","?","R","M","R","BOSS","M","?","?","$","M","R","M","M","T","?","R","E","?","?","R","BOSS"],"build_version":"2018-09-27","purchased_purges":2,"victory":false,"max_hp_per_floor":[71,76,76,76,76,76,76,76,76,76,76,76,76,76,76,76,76,76,76,76,83,83,83,83,83,83,83,83,90,90,90,90,90],"card_choices":[{"not_picked":["Reprogram","Conserve Battery"],"picked":"Sunder","floor":1},{"not_picked":["Coolheaded","Compile Driver"],"picked":"Cold Snap","floor":3},{"not_picked":["Barrage","Cold Snap"],"picked":"Ball Lightning","floor":7},{"not_picked":["Rebound","Stack"],"picked":"Cold Snap","floor":11},{"not_picked":["Redo","Beam Cell","Coolheaded"],"picked":"SKIP","floor":14},{"not_picked":["Rainbow","Fission"],"picked":"Creative AI","floor":16},{"not_picked":["Redo","Melter","Static Discharge"],"picked":"SKIP","floor":18},{"not_picked":["Turbo","Beam Cell"],"picked":"Conserve Battery","floor":22},{"not_picked":["Turbo","Beam Cell"],"picked":"Ball Lightning","floor":24},{"not_picked":["Aggregate+1","Scrape"],"picked":"Glacier","floor":25},{"not_picked":["Force Field","Leap"],"picked":"Sunder","floor":29},{"not_picked":["Go for the Eyes","Rebound","Conserve Battery"],"picked":"SKIP","floor":30}],"player_experience":1330099,"relics_obtained":[{"floor":7,"key":"Du-Vu Doll"},{"floor":9,"key":"Bag of Preparation"},{"floor":27,"key":"Red Mask"},{"floor":29,"key":"Strawberry"}],"event_choices":[{"event_name":"Liars Game","player_choice":"disagreed","floor":2,"damage_taken":0},{"event_name":"Scrap Ooze","player_choice":"success","floor":4,"damage_taken":11},{"event_name":"Shining Light","player_choice":"Entered Light","floor":5,"damage_taken":0},{"event_name":"Big Fish","player_choice":"Banana","floor":12,"damage_taken":0},{"event_name":"FaceTrader","player_choice":"Trade","floor":19,"damage_taken":0},{"event_name":"Golden Shrine","player_choice":"Desecrate","floor":20,"damage_taken":0},{"event_name":"Masked Bandits","player_choice":"Fought Bandits","floor":27,"damage_taken":0}],"is_beta":false,"boss_relics":[{"not_picked":["Snecko Eye","Tiny House"],"picked":"Cursed Key"}],"items_purged_floors":[8,21],"is_endless":false,"potions_floor_spawned":[1,11,22,25,27],"killed_by":"Collector","ascension_level":20}