{"gold_per_floor":[111,111,111,123,123,123,157,157,207,233,247,3,15,41,41,116,116,116,41,1,1,1,1,1,1,1,1,1,1,1,1,1,1,1,1,1,1,1,1,1,1],"floor_reached":41,"playtime":1922,"items_purged":[],"score":944,"play_id":"43e503f5-f342-4292-b8b3-d27aa78d5857","local_time":"20181117175112","is_ascension_mode":true,"campfire_choices":[{"data":"Consume","floor":6,"key":"SMITH"},{"data":"Zap","floor":8,"key":"SMITH"},{"data":"Sweeping Beam","floor":15,"key":"SMITH"},{"floor":23,"key":"REST"},{"floor":28,"key":"REST"},{"floor":30,"key":"REST"},{"data":"Seek","floor":32,"key":"SMITH"},{"floor":40,"key":"REST"}],"neow_cost":"NONE","seed_source_timestamp":168997891818709,"circlet_count":0,"master_deck":["AscendersBane","Strike_B","Strike_B","Defend_B+1","Defend_B+1","Defend_B","Defend_B","Zap+1","Dualcast","Chill","Consume+1","Ball Lightning","Ball Lightning","Sweeping Beam+1","Capacitor","Electrodynamics","Chill","Compile Driver","Coolheaded","Seek+1","Tempest","Hologram","Core Surge","White Noise+1","Steam+1"],"relics":["Cracked Core","NeowsBlessing","Bag of Marbles","Blood Vial","Blue Candle","Membership Card","Centennial Puzzle","Ectoplasm","Calipers","Darkstone Periapt","Pocketwatch","Kunai","Bottled Tornado","Ancient Tea Set","Philosopher\u0027s Stone"],"potions_floor_usage":[10,14,22,24,33],"damage_taken":[{"damage":0,"enemies":"Jaw Worm","floor":1,"turns":1},{"damage":0,"enemies":"Small Slimes","floor":4,"turns":1},{"damage":0,"enemies":"Gremlin Nob","floor":7,"turns":1},{"damage":10,"enemies":"3 Sentries","floor":10,"turns":7},{"damage":0,"enemies":"Cultist","floor":11,"turns":2},{"damage":1,"enemies":"Looter","floor":13,"turns":3},{"damage":25,"enemies":"Gremlin Nob","floor":14,"turns":4},{"damage":26,"enemies":"Hexaghost","floor":16,"turns":8},{"damage":7,"enemies":"3 Byrds","floor":18,"turns":3},{"damage":9,"enemies":"2 Thieves","floor":20,"turns":2},{"damage":10,"enemies":"Colosseum Slavers","floor":22,"turns":2},{"damage":8,"enemies":"Colosseum Nobs","floor":22,"turns":3},{"damage":33,"enemies":"Book of Stabbing","floor":24,"turns":4},{"damage":10,"enemies":"Slavers","floor":27,"turns":3},{"damage":10,"enemies":"Cultist and Chosen","floor":29,"turns":5},{"damage":0,"enemies":"Centurion and Healer","floor":31,"turns":3},{"damage":35,"enemies":"Collector","floor":33,"turns":9},{"damage":3,"enemies":"Orb Walker","floor":35,"turns":3},{"damage":8,"enemies":"3 Darklings","floor":37,"turns":3},{"damage":15,"enemies":"Spire Growth","floor":38,"turns":4},{"damage":111,"enemies":"Giant Head","floor":41,"turns":8}],"seed_played":"-1042240086905718462","potions_obtained":[{"floor":1,"key":"SteroidPotion"},{"floor":4,"key":"Energy Potion"},{"floor":14,"key":"LiquidBronze"},{"floor":22,"key":"FearPotion"},{"floor":24,"key":"LiquidBronze"},{"floor":29,"key":"SteroidPotion"},{"floor":37,"key":"SteroidPotion"}],"is_trial":false,"path_per_floor":["M","?","?","M","?","R","E","R","T","E","M","$","M","E","R","B",null,"M","?","M","?","?","R","E","T","T","E","R","M","R","M","R","B",null,"M","$","M","M","?","R","E"],"character_chosen":"DEFECT","items_purchased":["Membership Card","PowerPotion"],"campfire_rested":4,"item_purchase_floors":[12,12],"current_hp_per_floor":[64,43,43,43,66,66,66,66,66,58,60,60,61,38,38,14,57,52,52,45,45,31,52,21,21,21,13,34,26,47,49,49,16,57,56,56,50,37,37,57,0],"gold":1,"neow_bonus":"THREE_ENEMY_KILL","is_prod":false,"is_daily":false,"chose_seed":false,"campfire_upgraded":4,"win_rate":0,"timestamp":1542473472,"path_taken":["M","?","?","?","?","R","E","R","T","E","M","$","M","E","R","BOSS","M","?","M","?","?","R","E","?","T","E","R","M","R","M","R","BOSS","M","$","M","M","?","R","E"],"build_version":"2018-11-15","purchased_purges":0,"victory":false,"max_hp_per_floor":[71,71,71,71,71,71,71,71,71,71,71,71,71,71,71,71,71,71,71,71,71,71,71,71,71,71,71,71,71,71,71,71,71,71,71,71,71,71,67,67,67],"card_choices":[{"not_picked":["Hello World","Lockon"],"picked":"Chill","floor":1},{"not_picked":["Melter","Hologram"],"picked":"Ball Lightning","floor":4},{"not_picked":["Self Repair","Compile Driver"],"picked":"Ball Lightning","floor":7},{"not_picked":["Turbo","Rebound"],"picked":"Sweeping Beam","floor":10},{"not_picked":["Steam","Multi-Cast","Storm"],"picked":"SKIP","floor":11},{"not_picked":["Steam","Redo","Turbo"],"picked":"SKIP","floor":13},{"not_picked":["Rip and Tear","Compile Driver"],"picked":"Capacitor","floor":14},{"not_picked":["Reboot","Meteor Strike"],"picked":"Electrodynamics","floor":16},{"not_picked":["Steam","Streamline"],"picked":"Chill","floor":18},{"not_picked":["Rebound","Leap"],"picked":"Compile Driver","floor":20},{"not_picked":["Leap","Beam Cell"],"picked":"Coolheaded","floor":22},{"not_picked":["Streamline","All For One"],"picked":"Seek","floor":24},{"not_picked":["Cold Snap","Double Energy","Reprogram"],"picked":"SKIP","floor":27},{"not_picked":["Recycle","Rebound"],"picked":"Tempest","floor":29},{"not_picked":["Gash","Storm"],"picked":"Hologram","floor":31},{"not_picked":["Buffer","Meteor Strike"],"picked":"Core Surge","floor":33},{"not_picked":["Hello World","Blizzard"],"picked":"White Noise+1","floor":35},{"not_picked":["Go for the Eyes","Cold Snap"],"picked":"Steam+1","floor":37},{"not_picked":["Fusion+1","Melter","Barrage"],"picked":"SKIP","floor":38}],"player_experience":1626389,"relics_obtained":[{"floor":7,"key":"Bag of Marbles"},{"floor":9,"key":"Blood Vial"},{"floor":10,"key":"Blue Candle"},{"floor":14,"key":"Centennial Puzzle"},{"floor":22,"key":"Calipers"},{"floor":22,"key":"Darkstone Periapt"},{"floor":24,"key":"Pocketwatch"},{"floor":25,"key":"Kunai"},{"floor":26,"key":"Bottled Tornado"},{"floor":27,"key":"Ancient Tea Set"}],"event_choices":[{"damage_healed":0,"gold_gain":0,"player_choice":"Entered Light","damage_taken":21,"max_hp_gain":0,"max_hp_loss":0,"event_name":"Shining Light","floor":2,"gold_loss":0,"cards_upgraded":["Defend_B","Defend_B"]},{"damage_healed":0,"gold_gain":0,"cards_transformed":["Strike_B"],"player_choice":"Transformed","damage_taken":0,"max_hp_gain":0,"max_hp_loss":0,"event_name":"Transmorgrifier","floor":3,"gold_loss":0,"cards_obtained":["Consume"]},{"damage_healed":23,"gold_gain":0,"player_choice":"Banana","damage_taken":0,"max_hp_gain":0,"max_hp_loss":0,"event_name":"Big Fish","floor":5,"gold_loss":0},{"cards_removed":["Strike_B"],"damage_healed":0,"gold_gain":0,"player_choice":"Gave Gold","damage_taken":0,"max_hp_gain":0,"max_hp_loss":0,"event_name":"Beggar","floor":19,"gold_loss":75},{"damage_healed":0,"gold_gain":0,"player_choice":"Ignored","damage_taken":0,"max_hp_gain":0,"max_hp_loss":0,"event_name":"Vampires","floor":21,"gold_loss":0},{"damage_healed":0,"gold_gain":0,"player_choice":"Fight","damage_taken":0,"max_hp_gain":0,"max_hp_loss":0,"event_name":"Colosseum","floor":22,"gold_loss":0},{"damage_healed":0,"gold_gain":0,"player_choice":"Fought Nobs","damage_taken":0,"max_hp_gain":0,"max_hp_loss":0,"event_name":"Colosseum","floor":22,"gold_loss":0},{"damage_healed":0,"gold_gain":0,"player_choice":"Max HP","damage_taken":0,"max_hp_gain":0,"max_hp_loss":4,"event_name":"Winding Halls","floor":39,"gold_loss":0}],"is_beta":false,"boss_relics":[{"not_picked":["Calling Bell","Lizard Tail"],"picked":"Ectoplasm"},{"not_picked":["Eternal Feather","Sozu"],"picked":"Philosopher\u0027s Stone"}],"items_purged_floors":[],"is_endless":false,"potions_floor_spawned":[1,4,14,16,22,24,29,37],"killed_by":"Giant Head","ascension_level":20}