{"gold_per_floor":[116,116,116,133,1,1,1,36,90,15,35,35,35,60,60,163,163,179,179,194,194,209,209,209],"floor_reached":24,"playtime":969,"items_purged":["Strike_R"],"score":275,"play_id":"d1a8a562-fb0e-49cc-afdb-5729c2dee7a3","local_time":"20190310203124","is_ascension_mode":true,"campfire_choices":[{"data":"Armaments","floor":6,"key":"SMITH"},{"data":"True Grit","floor":12,"key":"SMITH"},{"data":"Bash","floor":15,"key":"SMITH"},{"data":"Bite","floor":23,"key":"SMITH"}],"neow_cost":"NONE","seed_source_timestamp":34628468946298,"circlet_count":0,"master_deck":["Defend_R+1","Defend_R+1","Defend_R","Bash+1","Metallicize","Feel No Pain","Armaments+1","True Grit+1","Wild Strike","Wild Strike","Impervious","Wild Strike+1","Thunderclap+1","Bite+1","Bite","Bite","Bite","Bite","Headbutt+1"],"relics":["Burning Blood","NeowsBlessing","War Paint","Tiny Chest","Orichalcum","Odd Mushroom","Mark of Pain"],"potions_floor_usage":[16,20,24],"damage_taken":[{"damage":0,"enemies":"Small Slimes","floor":1,"turns":1},{"damage":0,"enemies":"2 Louse","floor":4,"turns":1},{"damage":0,"enemies":"3 Sentries","floor":8,"turns":1},{"damage":8,"enemies":"Jaw Worm","floor":11,"turns":6},{"damage":25,"enemies":"The Mushroom Lair","floor":14,"turns":6},{"damage":41,"enemies":"The Guardian","floor":16,"turns":14},{"damage":25,"enemies":"3 Byrds","floor":18,"turns":8},{"damage":38,"enemies":"Colosseum Slavers","floor":19,"turns":7},{"damage":23,"enemies":"Shell Parasite","floor":20,"turns":6},{"damage":13,"enemies":"Snecko","floor":22,"turns":8},{"damage":31,"enemies":"Gremlin Leader","floor":24,"turns":2}],"seed_played":"-6183559876314233109","potions_obtained":[{"floor":1,"key":"FearPotion"},{"floor":4,"key":"Weak Potion"},{"floor":8,"key":"Strength Potion"},{"floor":18,"key":"FearPotion"},{"floor":22,"key":"Ancient Potion"}],"is_trial":false,"path_per_floor":["M","?","?","M","$","R","?","E","T","$","M","R","T","?","R","B",null,"M","?","M","?","M","R","E"],"character_chosen":"IRONCLAD","items_purchased":["Feel No Pain","Armaments"],"campfire_rested":0,"item_purchase_floors":[5,5],"current_hp_per_floor":[80,73,73,79,79,79,79,80,80,80,78,78,78,59,59,24,80,61,29,12,12,21,21,0],"gold":209,"neow_bonus":"THREE_ENEMY_KILL","is_prod":false,"is_daily":false,"chose_seed":false,"campfire_upgraded":4,"win_rate":0,"timestamp":1552217484,"path_taken":["M","?","?","M","$","R","?","E","T","$","M","R","?","?","R","BOSS","M","?","M","?","M","R","E"],"build_version":"2019-01-23","purchased_purges":1,"victory":false,"max_hp_per_floor":[80,80,80,80,80,80,80,80,80,80,80,80,80,80,80,80,80,80,80,80,56,56,56,56],"card_choices":[{"not_picked":["Combust","Fire Breathing","Blood for Blood"],"picked":"SKIP","floor":1},{"not_picked":["Heavy Blade","Burning Pact"],"picked":"Metallicize","floor":4},{"not_picked":["Intimidate","Twin Strike"],"picked":"True Grit","floor":8},{"not_picked":["Rampage","Twin Strike"],"picked":"Wild Strike","floor":11},{"not_picked":["Cleave","Exhume"],"picked":"Wild Strike","floor":14},{"not_picked":["Offering","Double Tap"],"picked":"Impervious","floor":16},{"not_picked":["Heavy Blade","Clash"],"picked":"Wild Strike+1","floor":18},{"not_picked":["Fire Breathing","Havoc"],"picked":"Thunderclap+1","floor":20},{"not_picked":["Sword Boomerang","Clothesline"],"picked":"Headbutt+1","floor":22}],"player_experience":282170,"relics_obtained":[{"floor":8,"key":"War Paint"},{"floor":9,"key":"Tiny Chest"},{"floor":13,"key":"Orichalcum"},{"floor":14,"key":"Odd Mushroom"}],"event_choices":[{"cards_removed":["Defend_R"],"damage_healed":0,"gold_gain":0,"player_choice":"Card Removal","damage_taken":7,"max_hp_gain":0,"max_hp_loss":0,"event_name":"Golden Wing","floor":2,"gold_loss":0},{"damage_healed":0,"gold_gain":0,"player_choice":"Ignored","damage_taken":0,"max_hp_gain":0,"max_hp_loss":0,"event_name":"Liars Game","floor":3,"gold_loss":0},{"cards_removed":["Strike_R"],"damage_healed":0,"gold_gain":0,"player_choice":"Forget","damage_taken":0,"max_hp_gain":0,"max_hp_loss":0,"event_name":"Living Wall","floor":7,"gold_loss":0},{"damage_healed":0,"gold_gain":0,"player_choice":"Fought Mushrooms","damage_taken":0,"max_hp_gain":0,"max_hp_loss":0,"event_name":"Mushrooms","floor":14,"gold_loss":0},{"damage_healed":0,"gold_gain":0,"player_choice":"Fight","damage_taken":0,"max_hp_gain":0,"max_hp_loss":0,"event_name":"Colosseum","floor":19,"gold_loss":0},{"damage_healed":0,"gold_gain":0,"player_choice":"Fled From Nobs","damage_taken":0,"max_hp_gain":0,"max_hp_loss":0,"event_name":"Colosseum","floor":19,"gold_loss":0},{"damage_healed":0,"gold_gain":0,"player_choice":"Became a vampire","damage_taken":0,"max_hp_gain":0,"max_hp_loss":24,"event_name":"Vampires","floor":21,"gold_loss":0,"cards_obtained":["Bite","Bite","Bite","Bite","Bite"]}],"is_beta":false,"boss_relics":[{"not_picked":["Ectoplasm","Lizard Tail"],"picked":"Mark of Pain"}],"items_purged_floors":[10],"is_endless":false,"potions_floor_spawned":[1,4,8,18,22],"killed_by":"Gremlin Leader","ascension_level":3}