{"gold_per_floor":[110,185,197,210,42,70,70,95,95,110,128,128,128,156,156,235,235,249,249,268,278,278,278],"floor_reached":23,"playtime":1112,"items_purged":[],"score":526,"play_id":"fe95191b-eb3c-4b57-9e8a-c85a643bb790","local_time":"20181231192851","is_ascension_mode":true,"campfire_choices":[{"floor":7,"key":"REST"},{"floor":13,"key":"REST"},{"data":"Coolheaded","floor":15,"key":"SMITH"}],"neow_cost":"PERCENT_DAMAGE","seed_source_timestamp":589947643987149,"circlet_count":0,"master_deck":["AscendersBane","Strike_B","Strike_B","Defend_B","Defend_B","Defend_B","Defend_B","Zap","Dualcast","Loop+1","Doom and Gloom","Ball Lightning","Capacitor","Conserve Battery","Coolheaded+1","Ball Lightning","Electrodynamics+1","Fission","Auto Shields+1","Capacitor+1"],"relics":["Cracked Core","DataDisk","Happy Flower","FossilizedHelix","Ornamental Fan","Frozen Egg 2","Philosopher\u0027s Stone","Enchiridion"],"potions_floor_usage":[6,8,8,22,23],"damage_taken":[{"damage":4,"enemies":"2 Louse","floor":1,"turns":3},{"damage":11,"enemies":"Small Slimes","floor":3,"turns":3},{"damage":7,"enemies":"Jaw Worm","floor":4,"turns":3},{"damage":12,"enemies":"Lagavulin","floor":6,"turns":5},{"damage":18,"enemies":"Gremlin Nob","floor":8,"turns":4},{"damage":1,"enemies":"Exordium Wildlife","floor":10,"turns":4},{"damage":0,"enemies":"Blue Slaver","floor":11,"turns":3},{"damage":17,"enemies":"3 Sentries","floor":14,"turns":5},{"damage":0,"enemies":"Slime Boss","floor":16,"turns":4},{"damage":0,"enemies":"Shell Parasite","floor":18,"turns":4},{"damage":0,"enemies":"Chosen","floor":20,"turns":3},{"damage":0,"enemies":"3 Cultists","floor":21,"turns":4},{"damage":0,"enemies":"Shelled Parasite and Fungi","floor":22,"turns":2},{"damage":34,"enemies":"Book of Stabbing","floor":23,"turns":3}],"seed_played":"5780787808100336432","potions_obtained":[{"floor":1,"key":"Ancient Potion"},{"floor":4,"key":"Dexterity Potion"},{"floor":6,"key":"Weak Potion"},{"floor":16,"key":"SmokeBomb"},{"floor":20,"key":"FocusPotion"}],"is_trial":false,"path_per_floor":["M","?","M","M","$","E","R","E","T","M","M","?","R","E","R","B",null,"M","?","M","M","M","E"],"character_chosen":"DEFECT","items_purchased":["DataDisk"],"campfire_rested":2,"item_purchase_floors":[5],"current_hp_per_floor":[42,31,20,13,13,1,22,4,4,3,3,3,24,7,7,7,55,55,34,34,34,34,0],"gold":278,"neow_bonus":"REMOVE_TWO","is_prod":false,"is_daily":false,"chose_seed":false,"campfire_upgraded":1,"win_rate":0,"timestamp":1546280931,"path_taken":["M","?","M","M","$","E","R","E","T","M","M","?","R","E","R","BOSS","M","?","M","M","M","E"],"build_version":"2018-12-20","purchased_purges":0,"victory":false,"max_hp_per_floor":[71,71,71,71,71,71,71,71,71,71,71,71,71,71,71,71,71,71,71,71,71,71,71],"card_choices":[{"not_picked":["Turbo","Lockon"],"picked":"Loop","floor":1},{"not_picked":["Coolheaded","Leap"],"picked":"Doom and Gloom","floor":3},{"not_picked":["Gash","Sweeping Beam"],"picked":"Ball Lightning","floor":4},{"not_picked":["Compile Driver","Recycle"],"picked":"Capacitor","floor":6},{"not_picked":["Fusion","Hello World"],"picked":"Conserve Battery","floor":8},{"not_picked":["Beam Cell","Go for the Eyes"],"picked":"Coolheaded","floor":10},{"not_picked":["Skim","Stack"],"picked":"Ball Lightning","floor":11},{"not_picked":["Rip and Tear","Streamline"],"picked":"Electrodynamics","floor":14},{"not_picked":["Seek","Amplify"],"picked":"Fission","floor":16},{"not_picked":["Leap","Rebound"],"picked":"Auto Shields+1","floor":18},{"not_picked":["Go for the Eyes","Gash","Stack"],"picked":"SKIP","floor":20},{"not_picked":["Genetic Algorithm","Hologram"],"picked":"Capacitor+1","floor":21}],"player_experience":1758644,"relics_obtained":[{"floor":6,"key":"Happy Flower"},{"floor":8,"key":"FossilizedHelix"},{"floor":9,"key":"Ornamental Fan"},{"floor":14,"key":"Frozen Egg 2"},{"floor":19,"key":"Enchiridion"}],"event_choices":[{"damage_healed":0,"gold_gain":75,"player_choice":"Gather Gold","damage_taken":11,"max_hp_gain":0,"max_hp_loss":0,"event_name":"World of Goop","floor":2,"gold_loss":0},{"damage_healed":0,"gold_gain":0,"player_choice":"Grow","damage_taken":0,"max_hp_gain":0,"max_hp_loss":0,"event_name":"Living Wall","floor":12,"gold_loss":0,"cards_upgraded":["Loop"]},{"damage_healed":0,"gold_gain":0,"player_choice":"Obtained Book","damage_taken":21,"max_hp_gain":0,"max_hp_loss":0,"event_name":"Cursed Tome","floor":19,"gold_loss":0}],"is_beta":false,"boss_relics":[{"not_picked":["White Beast Statue","Fusion Hammer"],"picked":"Philosopher\u0027s Stone"}],"items_purged_floors":[],"is_endless":false,"potions_floor_spawned":[1,4,6,16,20,22],"killed_by":"Book of Stabbing","ascension_level":20}