{"gold_per_floor":[113,133,133,233,26,26,59,59,59,92,109,109,122,141,141,141],"floor_reached":16,"playtime":567,"items_purged":["Strike_B"],"score":270,"play_id":"092cef53-d952-4791-b25e-30d930f4300f","local_time":"20190223185021","is_ascension_mode":true,"campfire_choices":[{"data":"Lockon","floor":6,"key":"SMITH"},{"data":"White Noise","floor":8,"key":"SMITH"},{"data":"Rainbow","floor":12,"key":"SMITH"},{"floor":15,"key":"REST"}],"neow_cost":"NONE","seed_source_timestamp":667531420039034,"circlet_count":0,"master_deck":["AscendersBane","Strike_B+1","Strike_B","Strike_B","Defend_B","Defend_B","Defend_B","Defend_B","Zap","Dualcast+1","Genetic Algorithm","Leap","Lockon+1","White Noise+1","Rainbow+1","Rip and Tear","Go for the Eyes"],"relics":["Cracked Core","NeowsBlessing","Orichalcum","Letter Opener","Bag of Preparation"],"potions_floor_usage":[10],"damage_taken":[{"damage":0,"enemies":"Jaw Worm","floor":1,"turns":1},{"damage":0,"enemies":"Cultist","floor":2,"turns":1},{"damage":0,"enemies":"Gremlin Nob","floor":7,"turns":1},{"damage":23,"enemies":"3 Sentries","floor":10,"turns":6},{"damage":0,"enemies":"2 Louse","floor":11,"turns":1},{"damage":8,"enemies":"2 Fungi Beasts","floor":13,"turns":3},{"damage":6,"enemies":"Exordium Thugs","floor":14,"turns":4},{"damage":28,"enemies":"Slime Boss","floor":16,"turns":6}],"seed_played":"3853003987578051680","potions_obtained":[{"floor":1,"key":"Dexterity Potion"}],"is_trial":false,"path_per_floor":["M","M","?","?","$","R","E","R","T","E","M","R","M","M","R","B"],"character_chosen":"DEFECT","items_purchased":["Leap","Lockon"],"campfire_rested":1,"item_purchase_floors":[5,5],"current_hp_per_floor":[64,64,43,43,43,43,43,43,43,20,20,20,12,6,27,0],"gold":141,"neow_bonus":"THREE_ENEMY_KILL","is_prod":false,"is_daily":false,"chose_seed":false,"campfire_upgraded":3,"win_rate":0,"timestamp":1550940621,"path_taken":["M","M","?","?","$","R","E","R","T","E","M","R","?","M","R","BOSS"],"build_version":"2019-01-23","purchased_purges":1,"victory":false,"max_hp_per_floor":[71,71,71,71,71,71,71,71,71,71,71,71,71,71,71,71],"card_choices":[{"not_picked":["Recycle","Barrage","Coolheaded"],"picked":"SKIP","floor":1},{"not_picked":["Beam Cell","Streamline"],"picked":"Genetic Algorithm","floor":2},{"not_picked":["Hello World","Self Repair"],"picked":"White Noise","floor":7},{"not_picked":["Undo","Stack"],"picked":"Rainbow","floor":10},{"not_picked":["Gash","Blizzard","Hologram"],"picked":"SKIP","floor":11},{"not_picked":["Stack","Turbo"],"picked":"Rip and Tear","floor":13},{"not_picked":["Recycle","Beam Cell"],"picked":"Go for the Eyes","floor":14}],"player_experience":1552050,"relics_obtained":[{"floor":7,"key":"Orichalcum"},{"floor":9,"key":"Letter Opener"},{"floor":10,"key":"Bag of Preparation"}],"event_choices":[{"damage_healed":0,"gold_gain":0,"player_choice":"Entered Light","damage_taken":21,"max_hp_gain":0,"max_hp_loss":0,"event_name":"Shining Light","floor":3,"gold_loss":0,"cards_upgraded":["Strike_B","Dualcast"]},{"damage_healed":0,"gold_gain":100,"player_choice":"Gold","damage_taken":0,"max_hp_gain":0,"max_hp_loss":0,"event_name":"Wheel of Change","floor":4,"gold_loss":0}],"is_beta":false,"boss_relics":[],"items_purged_floors":[5],"is_endless":false,"potions_floor_spawned":[1],"killed_by":"Slime Boss","ascension_level":20}