{"gold_per_floor":[366,14,33,49,60,92,92,126,126,126,138,153,153,153,153,226,226,238,258,183,183,195,195,212,240,264,264,281,315,327,358,358,431,431,446,546,565,565,615,615,641,641,641,8,20,20,49,61,61,61,61],"floor_reached":52,"playtime":2841,"items_purged":["Writhe","Strike_R+1"],"score":2189,"play_id":"fdcd8183-743a-4703-acac-8d040e4f32ca","local_time":"20181104010704","is_ascension_mode":true,"campfire_choices":[{"data":"Disarm","floor":10,"key":"SMITH"},{"data":"Bash","floor":13,"key":"SMITH"},{"data":"Inflame","floor":15,"key":"SMITH"},{"floor":23,"key":"REST"},{"floor":27,"key":"REST"},{"data":"Shrug It Off","floor":32,"key":"SMITH"},{"data":"Impervious","floor":40,"key":"SMITH"},{"data":"Discovery","floor":42,"key":"SMITH"},{"floor":49,"key":"REST"}],"neow_cost":"CURSE","seed_source_timestamp":0,"circlet_count":0,"master_deck":["AscendersBane","Strike_R+1","Strike_R+1","Defend_R+1","Defend_R+1","Defend_R+1","Defend_R+1","Bash+1","Cleave","Thunderclap+1","Pommel Strike+1","Disarm+1","Inflame+1","Sword Boomerang+1","Power Through","Exhume","Disarm","Body Slam+1","Iron Wave+1","Pommel Strike+1","Shrug It Off+1","Shockwave+1","Sword Boomerang+1","Impervious+1","Shrug It Off","Shrug It Off+1","Shrug It Off+1","Discovery+1","Spot Weakness","Sword Boomerang+1","Power Through","Anger+1"],"special_seed":0,"relics":["Burning Blood","Molten Egg 2","Matryoshka","Bottled Lightning","Paper Frog","Calipers","Mark of Pain","Mercury Hourglass","Ornamental Fan","Lantern","Singing Bowl","Ice Cream","Lizard Tail","Thread and Needle","Meat on the Bone","Blue Candle","Dead Branch"],"potions_floor_usage":[8,16,25,41,47,47,50],"damage_taken":[{"damage":3.0,"enemies":"2 Louse","floor":1.0,"turns":4.0},{"damage":6.0,"enemies":"Jaw Worm","floor":3.0,"turns":6.0},{"damage":1.0,"enemies":"Cultist","floor":4.0,"turns":3.0},{"damage":22.0,"enemies":"Exordium Wildlife","floor":5.0,"turns":4.0},{"damage":15.0,"enemies":"3 Sentries","floor":6.0,"turns":4.0},{"damage":21,"enemies":"Lagavulin","floor":8,"turns":5},{"damage":3,"enemies":"3 Louse","floor":11,"turns":4},{"damage":7,"enemies":"Looter","floor":12,"turns":3},{"damage":12,"enemies":"The Guardian","floor":16,"turns":11},{"damage":14,"enemies":"3 Byrds","floor":18,"turns":4},{"damage":24,"enemies":"Shell Parasite","floor":19,"turns":6},{"damage":7,"enemies":"Cultist and Chosen","floor":22,"turns":5},{"damage":13,"enemies":"Centurion and Healer","floor":24,"turns":7},{"damage":14,"enemies":"Slavers","floor":25,"turns":5},{"damage":7,"enemies":"Snake Plant","floor":28,"turns":4},{"damage":5,"enemies":"Book of Stabbing","floor":29,"turns":6},{"damage":1,"enemies":"3 Cultists","floor":30,"turns":4},{"damage":0,"enemies":"Gremlin Leader","floor":31,"turns":7},{"damage":33,"enemies":"Automaton","floor":33,"turns":10},{"damage":10,"enemies":"3 Darklings","floor":35,"turns":6},{"damage":0,"enemies":"Mind Bloom Boss Battle","floor":36,"turns":6},{"damage":1,"enemies":"3 Shapes","floor":37,"turns":3},{"damage":34,"enemies":"Reptomancer","floor":41,"turns":7},{"damage":16,"enemies":"Transient","floor":45,"turns":6},{"damage":53,"enemies":"Giant Head","floor":47,"turns":8},{"damage":13,"enemies":"Spire Growth","floor":48,"turns":3},{"damage":35,"enemies":"Awakened One","floor":50,"turns":14},{"damage":2,"enemies":"Donu and Deca","floor":51,"turns":4}],"seed_played":"4218092306364714580","potions_obtained":[{"floor":1.0,"key":"PowerPotion"},{"floor":4.0,"key":"Energy Potion"},{"floor":6,"key":"AttackPotion"},{"floor":16,"key":"Energy Potion"},{"floor":19,"key":"AttackPotion"},{"floor":25,"key":"LiquidBronze"},{"floor":41,"key":"Strength Potion"},{"floor":48,"key":"AttackPotion"}],"is_trial":false,"path_per_floor":["M","$","M","M","M","E","E","?","E","T","R","M","M","R","?","R","B",null,"M","M","?","?","M","R","M","E","T","R","M","E","M","E","R","B",null,"M","?","M","?","?","R","E","R","T","$","M","?","E","M","R","B","B",null],"character_chosen":"IRONCLAD","items_purchased":["Molten Egg 2","Spot Weakness","Regen Potion","Dead Branch","Sword Boomerang+1"],"campfire_rested":3,"item_purchase_floors":[2,44,44,44,44],"current_hp_per_floor":[71,71,71,75,59,50,50,35,35,35,38,37,37,37,37,31,64,56,38,38,38,37,59,52,44,44,66,65,66,73,79,79,52,72,68,74,79,73,65,65,39,39,39,39,41,41,22,27,53,36,52],"gold":61,"neow_bonus":"TWO_FIFTY_GOLD","is_prod":false,"is_daily":false,"chose_seed":false,"campfire_upgraded":6,"win_rate":0,"timestamp":1541290024,"path_taken":["M","$","M","M","M","E","?","E","T","R","M","M","R","?","R","BOSS","M","?","?","?","M","R","M","E","T","R","M","E","M","E","R","BOSS","M","?","M","?","?","R","E","R","T","$","?","?","E","M","R","BOSS","BOSS"],"build_version":"2018-11-01","purchased_purges":2,"victory":true,"max_hp_per_floor":[75,75,75,75,75,75,75,75,75,75,75,75,75,75,75,75,75,75,75,75,75,75,75,75,75,75,75,75,75,77,79,79,79,79,79,79,79,83,83,83,85,85,85,85,85,85,87,87,87,87,87],"card_choices":[{"not_picked":["Warcry","Clash"],"picked":"Cleave","floor":1.0},{"not_picked":["Sword Boomerang+1","Wild Strike+1"],"picked":"Thunderclap+1","floor":3.0},{"not_picked":["Heavy Blade+1","Armaments","Flex"],"picked":"SKIP","floor":4.0},{"not_picked":["Thunderclap+1","Hemokinesis+1"],"picked":"Pommel Strike+1","floor":5.0},{"not_picked":["Heavy Blade+1","Perfected Strike+1"],"picked":"Disarm","floor":6},{"not_picked":["Blood for Blood+1","Evolve"],"picked":"Inflame","floor":8},{"not_picked":["Searing Blow+1","Seeing Red"],"picked":"Sword Boomerang+1","floor":11},{"not_picked":["Armaments","Combust"],"picked":"Power Through","floor":12},{"not_picked":["Bludgeon+1","Dark Embrace"],"picked":"Exhume","floor":16},{"not_picked":["Heavy Blade+1","Thunderclap+1"],"picked":"Disarm","floor":18},{"not_picked":["Metallicize","Cleave+1"],"picked":"Body Slam+1","floor":19},{"not_picked":["Thunderclap+1","Flex"],"picked":"Iron Wave+1","floor":22},{"not_picked":["Entrench","Cleave+1"],"picked":"Pommel Strike+1","floor":24},{"not_picked":["Exhume","Heavy Blade+1"],"picked":"Shrug It Off","floor":25},{"not_picked":["Reckless Charge+1","Intimidate"],"picked":"Shockwave+1","floor":28},{"not_picked":["Ghostly Armor","Reckless Charge+1"],"picked":"Sword Boomerang+1","floor":29},{"not_picked":["Cleave+1","Second Wind","Heavy Blade+1"],"picked":"Singing Bowl","floor":30},{"not_picked":["Body Slam+1","Cleave+1","Berserk"],"picked":"Singing Bowl","floor":31},{"not_picked":["Exhume","Brutality"],"picked":"Impervious","floor":33},{"not_picked":["Burning Pact","Sentinel+1"],"picked":"Shrug It Off","floor":35},{"not_picked":["Sword Boomerang+1","Clothesline+1"],"picked":"Shrug It Off+1","floor":36},{"not_picked":["Anger+1","Burning Pact"],"picked":"Shrug It Off+1","floor":37},{"not_picked":["Bandage Up","Good Instincts","Forethought"],"picked":"Singing Bowl","floor":38},{"not_picked":["Metamorphosis","Flash of Steel+1","Dark Shackles"],"picked":"Singing Bowl","floor":38},{"not_picked":["Panacea","Trip"],"picked":"Discovery","floor":38},{"not_picked":["Juggernaut","Feel No Pain","Whirlwind+1"],"picked":"Singing Bowl","floor":41},{"not_picked":["Reckless Charge+1","Corruption"],"picked":"Power Through","floor":45},{"not_picked":["Spot Weakness","Disarm","Twin Strike+1"],"picked":"Singing Bowl","floor":47},{"not_picked":["Clothesline+1","Ghostly Armor+1"],"picked":"Anger+1","floor":48}],"player_experience":1541267,"relics_obtained":[{"floor":6,"key":"Matryoshka"},{"floor":8,"key":"Bottled Lightning"},{"floor":9,"key":"Paper Frog"},{"floor":9,"key":"Calipers"},{"floor":25,"key":"Mercury Hourglass"},{"floor":26,"key":"Ornamental Fan"},{"floor":26,"key":"Lantern"},{"floor":29,"key":"Singing Bowl"},{"floor":31,"key":"Ice Cream"},{"floor":36,"key":"Thread and Needle"},{"floor":41,"key":"Meat on the Bone"},{"floor":43,"key":"Blue Candle"}],"event_choices":[{"damage_healed":0,"gold_gain":0,"player_choice":"Ignored","damage_taken":0,"max_hp_gain":0,"max_hp_loss":0,"event_name":"Liars Game","floor":7,"gold_loss":0},{"cards_removed":["Strike_R"],"damage_healed":0,"gold_gain":0,"player_choice":"Purged","damage_taken":0,"max_hp_gain":0,"max_hp_loss":0,"event_name":"Purifier","floor":14,"gold_loss":0},{"cards_removed":["Strike_R"],"damage_healed":0,"gold_gain":0,"player_choice":"Gave Gold","damage_taken":0,"max_hp_gain":0,"max_hp_loss":0,"event_name":"Beggar","floor":20,"gold_loss":75},{"damage_healed":0,"gold_gain":0,"player_choice":"Simplicity","damage_taken":0,"max_hp_gain":0,"max_hp_loss":0,"event_name":"Back to Basics","floor":21,"gold_loss":0,"cards_upgraded":["Strike_R","Strike_R","Strike_R","Defend_R","Defend_R","Defend_R","Defend_R"]},{"damage_healed":0,"gold_gain":0,"player_choice":"Fight","damage_taken":0,"max_hp_gain":0,"max_hp_loss":0,"event_name":"MindBloom","floor":36,"gold_loss":0},{"damage_healed":0,"gold_gain":0,"player_choice":"Memory 3","damage_taken":10,"max_hp_gain":0,"max_hp_loss":0,"event_name":"SensoryStone","floor":38,"gold_loss":0},{"damage_healed":0,"gold_gain":50,"player_choice":"Touch","damage_taken":8,"max_hp_gain":0,"max_hp_loss":0,"event_name":"FaceTrader","floor":39,"gold_loss":0},{"damage_healed":0,"gold_gain":0,"player_choice":"Ignored","damage_taken":0,"max_hp_gain":0,"max_hp_loss":0,"event_name":"The Moai Head","floor":46,"gold_loss":0}],"is_beta":false,"boss_relics":[{"not_picked":["Runic Dome","Philosopher\u0027s Stone"],"picked":"Mark of Pain"},{"not_picked":["Coffee Dripper","Velvet Choker"],"picked":"Lizard Tail"}],"items_purged_floors":[2,44],"is_endless":false,"potions_floor_spawned":[1,4,6,16,19,25,31,41,48],"ascension_level":20}