{"gold_per_floor":[110,35,49,59,74,74,105,105,105,105,120,140,140,58,58,58],"floor_reached":16,"playtime":563,"items_purged":["Strike_B"],"score":122,"play_id":"d5224438-35d8-4add-a605-68747d1970cb","local_time":"20190211230340","is_ascension_mode":true,"campfire_choices":[{"data":"White Noise","floor":6,"key":"SMITH"},{"data":"Zap","floor":8,"key":"SMITH"},{"data":"Coolheaded","floor":13,"key":"SMITH"},{"floor":15,"key":"REST"}],"neow_cost":"NONE","seed_source_timestamp":517946023806900,"circlet_count":0,"master_deck":["Strike_B","Strike_B","Strike_B","Defend_B","Defend_B","Defend_B","Defend_B","Zap+1","Dualcast","Coolheaded+1","Leap","Darkness+1","White Noise+1","Steam","Amplify","Barrage","Loop"],"relics":["Cracked Core","NeowsBlessing","Gremlin Horn","Matryoshka"],"potions_floor_usage":[12,16],"damage_taken":[{"damage":0,"enemies":"Jaw Worm","floor":1,"turns":1},{"damage":0,"enemies":"Cultist","floor":3,"turns":1},{"damage":0,"enemies":"Small Slimes","floor":4,"turns":1},{"damage":12,"enemies":"Looter","floor":5,"turns":4},{"damage":20,"enemies":"Lagavulin","floor":7,"turns":6},{"damage":0,"enemies":"2 Fungi Beasts","floor":11,"turns":3},{"damage":24,"enemies":"Gremlin Gang","floor":12,"turns":6},{"damage":41,"enemies":"The Guardian","floor":16,"turns":6}],"seed_played":"-1802033867008113306","potions_obtained":[{"floor":3,"key":"Strength Potion"},{"floor":12,"key":"Swift Potion"}],"is_trial":false,"path_per_floor":["M","$","M","M","M","R","E","R","T","?","M","M","R","$","R","B"],"character_chosen":"DEFECT","items_purchased":["Loop"],"campfire_rested":1,"item_purchase_floors":[14],"current_hp_per_floor":[75,75,75,75,63,63,43,43,43,43,43,19,19,19,41,0],"gold":58,"neow_bonus":"THREE_ENEMY_KILL","is_prod":false,"is_daily":false,"chose_seed":false,"campfire_upgraded":3,"win_rate":0,"timestamp":1549944220,"path_taken":["M","$","M","M","M","R","E","R","T","?","M","M","R","?","R","BOSS"],"build_version":"2019-01-23","purchased_purges":1,"victory":false,"max_hp_per_floor":[75,75,75,75,75,75,75,75,75,75,75,75,75,75,75,75],"card_choices":[{"not_picked":["Gash","Steam"],"picked":"Coolheaded","floor":1},{"not_picked":["Gash","Blizzard"],"picked":"Leap","floor":3},{"not_picked":["Barrage","Beam Cell"],"picked":"Darkness","floor":4},{"not_picked":["Hologram","Compile Driver"],"picked":"White Noise","floor":5},{"not_picked":["Tempest","Gash"],"picked":"Steam","floor":7},{"not_picked":["Stack","Gash"],"picked":"Amplify","floor":11},{"not_picked":["Hologram","Turbo"],"picked":"Barrage","floor":12}],"player_experience":214294,"relics_obtained":[{"floor":7,"key":"Gremlin Horn"},{"floor":9,"key":"Matryoshka"}],"event_choices":[{"damage_healed":0,"gold_gain":0,"player_choice":"Forge","damage_taken":0,"max_hp_gain":0,"max_hp_loss":0,"event_name":"Accursed Blacksmith","floor":10,"gold_loss":0,"cards_upgraded":["Darkness"]}],"is_beta":false,"boss_relics":[],"items_purged_floors":[2],"is_endless":false,"potions_floor_spawned":[3,12],"killed_by":"The Guardian","ascension_level":4}