{"gold_per_floor":[119,69,69,81,95,95,122,139,139,39,65,84,84,97,97,195,195,210,210,210,221,221,221,249,249,321,353,104,123,139,238,238,339,339,350,46,46,46,46,75,75,75,75,0,17,34,34,54,54,54],"floor_reached":51,"playtime":3020,"items_purged":["Strike_B","Strike_B","Strike_B"],"score":990,"play_id":"26a33160-1538-4b9e-b1b9-0009f6d3b0b5","local_time":"20190223001232","is_ascension_mode":true,"campfire_choices":[{"data":"Rainbow","floor":6,"key":"SMITH"},{"floor":13,"key":"REST"},{"data":"Defragment","floor":15,"key":"SMITH"},{"data":"Ghostly","floor":23,"key":"SMITH"},{"data":"Hologram","floor":25,"key":"SMITH"},{"data":"Ghostly","floor":32,"key":"SMITH"},{"floor":41,"key":"REST"},{"floor":49,"key":"RECALL"}],"neow_cost":"CURSE","seed_source_timestamp":765819337296300,"circlet_count":0,"master_deck":["Strike_B+1","Defend_B+1","Defend_B+1","Defend_B+1","Defend_B+1","Zap+1","Dualcast+1","Compile Driver+1","Loop+1","Rainbow+1","Defragment+1","Conserve Battery+1","Coolheaded+1","Hologram+1","Glacier+1","Rip and Tear+1","Echo Form+1","Genetic Algorithm+1","Coolheaded+1","Ghostly+1","Ghostly+1","Ghostly+1","Ghostly+1","Ghostly+1","Reinforced Body+1","Darkness+1","Core Surge+1","Genetic Algorithm+1","Ball Lightning+1"],"relics":["Cracked Core","Turnip","Cables","Darkstone Periapt","Oddly Smooth Stone","Sozu","Nilry\u0027s Codex","Meat on the Bone","Sundial","Bottled Flame","PreservedInsect","Busted Crown","DataDisk","Mark of the Bloom","Bottled Tornado","Mercury Hourglass","Calipers","Red Mask"],"potions_floor_usage":[7,40,50],"damage_taken":[{"damage":4,"enemies":"2 Louse","floor":1,"turns":3},{"damage":12,"enemies":"Small Slimes","floor":4,"turns":3},{"damage":2,"enemies":"Jaw Worm","floor":5,"turns":3},{"damage":23,"enemies":"3 Sentries","floor":7,"turns":6},{"damage":5,"enemies":"3 Louse","floor":8,"turns":5},{"damage":3,"enemies":"Lagavulin","floor":11,"turns":4},{"damage":1,"enemies":"2 Fungi Beasts","floor":12,"turns":3},{"damage":0,"enemies":"Large Slime","floor":14,"turns":5},{"damage":7,"enemies":"The Guardian","floor":16,"turns":12},{"damage":0,"enemies":"Spheric Guardian","floor":18,"turns":5},{"damage":14,"enemies":"Shell Parasite","floor":21,"turns":5},{"damage":6,"enemies":"Book of Stabbing","floor":24,"turns":6},{"damage":0,"enemies":"Gremlin Leader","floor":27,"turns":8},{"damage":0,"enemies":"Cultist and Chosen","floor":29,"turns":10},{"damage":0,"enemies":"Shelled Parasite and Fungi","floor":30,"turns":8},{"damage":12,"enemies":"Champ","floor":33,"turns":11},{"damage":0,"enemies":"3 Darklings","floor":35,"turns":9},{"damage":28,"enemies":"Reptomancer","floor":40,"turns":6},{"damage":0,"enemies":"3 Shapes","floor":45,"turns":5},{"damage":0,"enemies":"Sphere and 2 Shapes","floor":46,"turns":6},{"damage":0,"enemies":"Transient","floor":48,"turns":5},{"damage":2,"enemies":"Donu and Deca","floor":50,"turns":11}],"seed_played":"6307752013001770829","potions_obtained":[{"floor":5,"key":"FocusPotion"},{"floor":11,"key":"AttackPotion"},{"floor":12,"key":"Strength Potion"}],"is_trial":false,"path_per_floor":["M","?","$","M","M","R","E","M","T","$","E","M","R","M","R","B",null,"M","?","?","M","?","R","E","R","T","E","$","M","M","?","R","B",null,"M","$","?","?","T","E","R","?","T","?","M","M","$","M","R","B",null],"character_chosen":"DEFECT","items_purchased":["Coolheaded","PreservedInsect","DataDisk","Genetic Algorithm"],"campfire_rested":2,"item_purchase_floors":[10,28,36,36],"current_hp_per_floor":[64,64,64,52,50,50,27,22,22,22,19,18,40,40,40,33,65,65,65,49,35,35,35,29,29,29,29,29,29,29,29,29,29,35,35,35,35,35,35,7,7,7,7,7,7,7,7,7,7,5],"gold":54,"neow_bonus":"ONE_RARE_RELIC","is_prod":false,"is_daily":false,"chose_seed":false,"campfire_upgraded":5,"win_rate":0,"timestamp":1550898752,"path_taken":["M","?","$","M","M","R","E","M","T","$","E","M","R","M","R","BOSS","M","?","?","M","?","R","E","R","T","E","$","M","M","?","R","BOSS","M","$","?","?","?","E","R","?","T","?","M","M","?","M","R","BOSS"],"build_version":"2019-01-23","purchased_purges":3,"victory":true,"max_hp_per_floor":[75,75,75,75,75,75,75,75,75,75,75,75,75,75,75,75,75,75,75,75,75,37,37,37,37,37,37,37,37,37,37,37,37,37,37,37,35,35,35,35,35,35,35,35,35,35,35,35,35,35],"card_choices":[{"not_picked":["Turbo","Barrage"],"picked":"Compile Driver","floor":1},{"not_picked":["Go for the Eyes","White Noise"],"picked":"Loop","floor":4},{"not_picked":["Gash","Force Field"],"picked":"Rainbow","floor":5},{"not_picked":["Gash","Creative AI"],"picked":"Defragment","floor":7},{"not_picked":["Recycle","Tempest"],"picked":"Conserve Battery","floor":8},{"not_picked":["Turbo","Heatsinks"],"picked":"Hologram","floor":11},{"not_picked":["Sweeping Beam","Leap"],"picked":"Glacier","floor":12},{"not_picked":["Machine Learning","Leap"],"picked":"Rip and Tear","floor":14},{"not_picked":["Seek","Fission"],"picked":"Echo Form","floor":16},{"not_picked":["Fusion","Gash+1","Hologram"],"picked":"SKIP","floor":18},{"not_picked":["Go for the Eyes+1","Steam"],"picked":"Coolheaded+1","floor":21},{"not_picked":["Hologram","Scrape","Streamline"],"picked":"SKIP","floor":24},{"not_picked":["Cold Snap","Defragment"],"picked":"Reinforced Body+1","floor":27},{"not_picked":["Reboot","Hologram","Turbo+1"],"picked":"SKIP","floor":29},{"not_picked":["Force Field","Static Discharge"],"picked":"Darkness+1","floor":30},{"not_picked":["Meteor Strike","Hyperbeam"],"picked":"Core Surge","floor":33},{"not_picked":["Lockon+1"],"picked":"SKIP","floor":35},{"not_picked":["Melter"],"picked":"SKIP","floor":40},{"not_picked":["Steam"],"picked":"SKIP","floor":45},{"not_picked":[],"picked":"Ball Lightning+1","floor":46},{"not_picked":["Cold Snap+1"],"picked":"SKIP","floor":48}],"player_experience":269544,"relics_obtained":[{"floor":7,"key":"Cables"},{"floor":9,"key":"Darkstone Periapt"},{"floor":11,"key":"Oddly Smooth Stone"},{"floor":20,"key":"Nilry\u0027s Codex"},{"floor":24,"key":"Meat on the Bone"},{"floor":26,"key":"Sundial"},{"floor":27,"key":"Bottled Flame"},{"floor":39,"key":"Bottled Tornado"},{"floor":40,"key":"Mercury Hourglass"},{"floor":43,"key":"Calipers"}],"event_choices":[{"cards_removed":["Doubt"],"damage_healed":0,"gold_gain":0,"player_choice":"Card Removal","damage_taken":0,"max_hp_gain":0,"max_hp_loss":0,"event_name":"The Cleric","floor":2,"gold_loss":50},{"damage_healed":0,"gold_gain":0,"player_choice":"Read","damage_taken":0,"max_hp_gain":0,"max_hp_loss":0,"event_name":"The Library","floor":19,"gold_loss":0,"cards_obtained":["Genetic Algorithm"]},{"damage_healed":0,"gold_gain":0,"player_choice":"Obtained Book","damage_taken":16,"max_hp_gain":0,"max_hp_loss":0,"event_name":"Cursed Tome","floor":20,"gold_loss":0},{"damage_healed":0,"gold_gain":0,"player_choice":"Became a Ghost","damage_taken":0,"max_hp_gain":0,"max_hp_loss":38,"event_name":"Ghosts","floor":22,"gold_loss":0,"cards_obtained":["Ghostly","Ghostly","Ghostly","Ghostly","Ghostly"]},{"damage_healed":0,"gold_gain":99,"player_choice":"Stole From Cult","damage_taken":0,"max_hp_gain":0,"max_hp_loss":0,"event_name":"Nest","floor":31,"gold_loss":0},{"damage_healed":0,"gold_gain":0,"player_choice":"Max HP","damage_taken":0,"max_hp_gain":0,"max_hp_loss":2,"event_name":"Winding Halls","floor":37,"gold_loss":0},{"damage_healed":0,"gold_gain":0,"player_choice":"Upgrade","damage_taken":0,"relics_obtained":["Mark of the Bloom"],"max_hp_gain":0,"max_hp_loss":0,"event_name":"MindBloom","floor":38,"gold_loss":0,"cards_upgraded":["Strike_B","Defend_B","Defend_B","Defend_B","Defend_B","Zap","Dualcast","Compile Driver","Loop","Conserve Battery","Coolheaded","Glacier","Rip and Tear","Echo Form","Genetic Algorithm","Ghostly","Ghostly","Ghostly","Core Surge","Genetic Algorithm"]},{"damage_healed":0,"gold_gain":0,"player_choice":"Memory 1","damage_taken":0,"max_hp_gain":0,"max_hp_loss":0,"event_name":"SensoryStone","floor":42,"gold_loss":0},{"damage_healed":0,"gold_gain":0,"player_choice":"Paid","damage_taken":0,"relics_obtained":["Red Mask"],"max_hp_gain":0,"max_hp_loss":0,"event_name":"Tomb of Lord Red Mask","floor":44,"gold_loss":75}],"is_beta":false,"boss_relics":[{"not_picked":["Calling Bell","Ectoplasm"],"picked":"Sozu"},{"not_picked":["Fusion Hammer","Coffee Dripper"],"picked":"Busted Crown"}],"items_purged_floors":[10,28,36],"is_endless":false,"potions_floor_spawned":[5,11,12,18,24,30,45],"ascension_level":6}