{"gold_per_floor":[114,127,146,158,168,168,200,220,246,47,47,66,66,79,79,180,180,195,195,210,132,146,106,106,119,145,64,64,82,101,101,101,101],"floor_reached":33,"playtime":3523,"items_purged":[],"score":253,"play_id":"7a6c7db5-e6d5-4a37-8e06-a8ad96c79425","local_time":"20190701231633","is_ascension_mode":false,"campfire_choices":[{"floor":6,"key":"REST"},{"floor":11,"key":"REST"},{"floor":13,"key":"REST"},{"data":"Noxious Fumes","floor":15,"key":"SMITH"},{"floor":24,"key":"REST"},{"floor":32,"key":"REST"}],"neow_cost":"NONE","seed_source_timestamp":1177106596750127,"circlet_count":0,"master_deck":["Strike_G+1","Strike_G","Strike_G","Strike_G","Defend_G","Defend_G","Defend_G","Defend_G","Defend_G","Survivor","Neutralize+1","Acrobatics","Underhanded Strike","Cloak And Dagger","Prepared","Noxious Fumes+1","Slice","Deadly Poison","Predator+1","Deadly Poison+1","Terror","Noxious Fumes","Bouncing Flask","Underhanded Strike"],"relics":["Ring of the Snake","Bottled Lightning","Omamori","MealTicket","Velvet Choker","Bronze Scales","Pantograph"],"potions_floor_usage":[4,16,33,33,33],"damage_taken":[{"damage":3,"enemies":"Cultist","floor":1,"turns":6},{"damage":2,"enemies":"Jaw Worm","floor":2,"turns":7},{"damage":0,"enemies":"Small Slimes","floor":3,"turns":2},{"damage":25,"enemies":"Gremlin Gang","floor":4,"turns":6},{"damage":1,"enemies":"Blue Slaver","floor":5,"turns":4},{"damage":27,"enemies":"3 Sentries","floor":7,"turns":15},{"damage":5,"enemies":"3 Louse","floor":8,"turns":4},{"damage":4,"enemies":"2 Fungi Beasts","floor":12,"turns":4},{"damage":2,"enemies":"Large Slime","floor":14,"turns":7},{"damage":24,"enemies":"The Guardian","floor":16,"turns":10},{"damage":9,"enemies":"3 Byrds","floor":18,"turns":6},{"damage":18,"enemies":"Spheric Guardian","floor":20,"turns":5},{"damage":60,"enemies":"3 Cultists","floor":22,"turns":7},{"damage":13,"enemies":"Snecko","floor":25,"turns":4},{"damage":12,"enemies":"Centurion and Healer","floor":29,"turns":6},{"damage":9,"enemies":"Snake Plant","floor":30,"turns":4},{"damage":81,"enemies":"Automaton","floor":33,"turns":6}],"seed_played":"5709572993266109317","potions_obtained":[{"floor":1,"key":"Block Potion"},{"floor":4,"key":"FearPotion"},{"floor":8,"key":"Dexterity Potion"},{"floor":12,"key":"GhostInAJar"},{"floor":20,"key":"Energy Potion"},{"floor":22,"key":"AttackPotion"}],"is_trial":false,"path_per_floor":["M","M","M","M","M","R","E","M","T","$","R","M","R","M","R","B",null,"M","?","M","$","M","?","R","M","T","$","T","M","M","$","R","B"],"character_chosen":"THE_SILENT","items_purchased":["MealTicket","Terror","Bouncing Flask"],"campfire_rested":5,"item_purchase_floors":[10,21,27],"current_hp_per_floor":[74,72,72,47,46,69,42,37,37,37,60,56,77,75,75,51,77,68,68,50,65,5,5,28,15,15,30,30,18,9,24,47,0],"gold":101,"neow_bonus":"TEN_PERCENT_HP_BONUS","is_prod":false,"is_daily":false,"chose_seed":false,"campfire_upgraded":1,"win_rate":0.0,"timestamp":1562040993,"path_taken":["M","M","?","M","?","R","E","M","T","?","R","M","R","M","R","BOSS","M","?","?","$","M","?","R","M","T","$","?","M","M","?","R","BOSS"],"build_version":"2019-07-01","purchased_purges":0,"victory":false,"max_hp_per_floor":[77,77,77,77,77,77,77,77,77,77,77,77,77,77,77,77,77,77,77,77,77,77,77,77,77,77,77,77,77,77,77,77,77],"card_choices":[{"not_picked":["Infinite Blades","Prepared"],"picked":"Acrobatics","floor":1},{"not_picked":["PiercingWail","Acrobatics"],"picked":"Underhanded Strike","floor":2},{"not_picked":["Sucker Punch","Flechettes"],"picked":"Cloak And Dagger","floor":3},{"not_picked":["Eviscerate","Finisher","Quick Slash"],"picked":"SKIP","floor":4},{"not_picked":["Accuracy","Flying Knee"],"picked":"Prepared","floor":5},{"not_picked":["Venomology","Skewer"],"picked":"Noxious Fumes","floor":7},{"not_picked":["Flying Knee","Acrobatics","Dodge and Roll"],"picked":"SKIP","floor":8},{"not_picked":["Dagger Spray","Predator"],"picked":"Slice","floor":12},{"not_picked":["Flying Knee","Accuracy"],"picked":"Deadly Poison","floor":14},{"not_picked":["Cloak And Dagger+1","Backflip+1"],"picked":"Predator+1","floor":18},{"not_picked":["Calculated Gamble+1","Dagger Throw"],"picked":"Deadly Poison+1","floor":20},{"not_picked":["Flying Knee","Heel Hook","Blade Dance"],"picked":"SKIP","floor":22},{"not_picked":["Dodge and Roll","Outmaneuver"],"picked":"Noxious Fumes","floor":25},{"not_picked":["Leg Sweep","Blade Dance","Endless Agony"],"picked":"SKIP","floor":29},{"not_picked":["Quick Slash","Blade Dance"],"picked":"Underhanded Strike","floor":30}],"player_experience":200824,"relics_obtained":[{"floor":7,"key":"Bottled Lightning"},{"floor":9,"key":"Omamori"},{"floor":26,"key":"Bronze Scales"},{"floor":28,"key":"Pantograph"}],"event_choices":[{"cards_removed":["Strike_G"],"damage_healed":0,"gold_gain":0,"player_choice":"Purged","damage_taken":0,"max_hp_gain":0,"max_hp_loss":0,"event_name":"Purifier","floor":19,"gold_loss":0},{"damage_healed":0,"gold_gain":0,"player_choice":"Upgraded Two","damage_taken":0,"max_hp_gain":0,"max_hp_loss":0,"event_name":"Designer","floor":23,"gold_loss":40,"cards_upgraded":["Neutralize","Strike_G"]}],"is_beta":false,"boss_relics":[{"not_picked":["Ectoplasm","Astrolabe"],"picked":"Velvet Choker"}],"items_purged_floors":[],"is_endless":false,"potions_floor_spawned":[1,4,8,12,20,22],"killed_by":"Automaton","ascension_level":0}