{"gold_per_floor":[114,289,299,299,299,299,326,326,326,338,18,18,31,31,31,132,132,149,163,163,179,26,26],"floor_reached":23,"playtime":4491,"items_purged":[],"score":252,"play_id":"7bff607a-f276-496b-b205-61beadce8370","local_time":"20190710124816","is_ascension_mode":true,"campfire_choices":[{"data":"Havoc","floor":6,"key":"SMITH"},{"data":"Rampage","floor":8,"key":"SMITH"},{"data":"Flame Barrier","floor":12,"key":"SMITH"},{"floor":15,"key":"REST"}],"neow_cost":"NONE","seed_source_timestamp":2129818407567100,"circlet_count":0,"master_deck":["Defend_R+1","Defend_R+1","Defend_R","Defend_R","Bash","Havoc+1","Metallicize","Rampage+1","True Grit","Flame Barrier+1","Rampage+1","Parasite","Demon Form","Heavy Blade+1","Intimidate","Bite+1","Bite+1","Bite+1","Bite+1","Bite+1","Flame Barrier"],"relics":["Burning Blood","Juzu Bracelet","Molten Egg 2","Paper Frog","White Beast Statue","PreservedInsect"],"potions_floor_usage":[7,16,18,23],"damage_taken":[{"damage":1,"enemies":"Cultist","floor":1,"turns":3},{"damage":9,"enemies":"Jaw Worm","floor":3,"turns":4},{"damage":31,"enemies":"Gremlin Nob","floor":7,"turns":5},{"damage":1,"enemies":"Small Slimes","floor":10,"turns":4},{"damage":20,"enemies":"Exordium Thugs","floor":13,"turns":6},{"damage":31,"enemies":"Hexaghost","floor":16,"turns":8},{"damage":16,"enemies":"Spheric Guardian","floor":18,"turns":5},{"damage":21,"enemies":"3 Byrds","floor":19,"turns":6},{"damage":43,"enemies":"Cultist and Chosen","floor":21,"turns":6},{"damage":86,"enemies":"Gremlin Leader","floor":23,"turns":6}],"seed_played":"-5941601625512349968","potions_obtained":[{"floor":3,"key":"FearPotion"},{"floor":10,"key":"PowerPotion"},{"floor":13,"key":"Energy Potion"},{"floor":18,"key":"Poison Potion"},{"floor":19,"key":"FearPotion"},{"floor":21,"key":"FairyPotion"}],"is_trial":false,"path_per_floor":["M","?","M","?","?","R","E","R","T","M","$","R","M","?","R","B",null,"M","M","?","M","$","E"],"character_chosen":"IRONCLAD","items_purchased":["Flame Barrier","Paper Frog","PreservedInsect"],"campfire_rested":1,"item_purchase_floors":[11,11,22],"current_hp_per_floor":[88,88,85,90,71,71,46,46,46,51,51,51,37,37,64,39,93,83,68,65,49,49,0],"gold":26,"neow_bonus":"TEN_PERCENT_HP_BONUS","is_prod":false,"is_daily":false,"chose_seed":false,"campfire_upgraded":3,"win_rate":0,"timestamp":1562788096,"path_taken":["M","?","M","?","?","R","E","R","T","M","$","R","M","?","R","BOSS","M","M","?","M","$","E"],"build_version":"2019-07-05","purchased_purges":0,"victory":false,"max_hp_per_floor":[88,88,88,93,93,93,93,93,93,93,93,93,93,93,93,93,93,93,93,65,65,65,65],"card_choices":[{"not_picked":["Clothesline","Anger"],"picked":"Havoc","floor":1},{"not_picked":["Havoc","Whirlwind"],"picked":"Metallicize","floor":3},{"not_picked":["Anger","Dropkick"],"picked":"Rampage","floor":7},{"not_picked":["Havoc","Wild Strike+1"],"picked":"True Grit","floor":10},{"not_picked":["Havoc","Seeing Red"],"picked":"Rampage+1","floor":13},{"not_picked":["Brutality","Exhume"],"picked":"Demon Form","floor":16},{"not_picked":["Clothesline+1","Sword Boomerang+1"],"picked":"Heavy Blade+1","floor":18},{"not_picked":["Twin Strike+1","Dropkick+1"],"picked":"Intimidate","floor":19},{"not_picked":["Clash+1","Cleave+1"],"picked":"Flame Barrier","floor":21}],"player_experience":634656,"relics_obtained":[{"floor":7,"key":"Juzu Bracelet"},{"floor":9,"key":"Molten Egg 2"}],"event_choices":[{"damage_healed":0,"gold_gain":175,"player_choice":"AGREE","damage_taken":0,"max_hp_gain":0,"max_hp_loss":0,"event_name":"Liars Game","floor":2,"gold_loss":0,"cards_obtained":["Doubt"]},{"damage_healed":0,"gold_gain":0,"player_choice":"Donut","damage_taken":0,"max_hp_gain":5,"max_hp_loss":0,"event_name":"Big Fish","floor":4,"gold_loss":0},{"damage_healed":0,"gold_gain":0,"player_choice":"Entered Light","damage_taken":19,"max_hp_gain":0,"max_hp_loss":0,"event_name":"Shining Light","floor":5,"gold_loss":0,"cards_upgraded":["Defend_R","Defend_R"]},{"damage_healed":0,"gold_gain":0,"cards_transformed":["Doubt"],"player_choice":"Transformed","damage_taken":0,"max_hp_gain":0,"max_hp_loss":0,"event_name":"Transmorgrifier","floor":14,"gold_loss":0,"cards_obtained":["Parasite"]},{"damage_healed":0,"gold_gain":0,"player_choice":"Became a vampire","damage_taken":0,"max_hp_gain":0,"max_hp_loss":28,"event_name":"Vampires","floor":20,"gold_loss":0,"cards_obtained":["Bite","Bite","Bite","Bite","Bite"]}],"is_beta":false,"boss_relics":[{"not_picked":["Calling Bell","Lizard Tail"],"picked":"White Beast Statue"}],"items_purged_floors":[],"is_endless":false,"potions_floor_spawned":[3,10,13,18,19,21],"killed_by":"Gremlin Leader","ascension_level":4}