{"gold_per_floor":[112,28,1,16,191,191,207,233,233,39,56,56,131,141,141,236,236,250,9,21,21,21,21,21,41,41,41,140,160,75,93,93,93],"floor_reached":33,"playtime":2684,"items_purged":[],"score":245,"play_id":"dca6db99-45e4-42b5-b34a-3530290ea279","local_time":"20190609222543","is_ascension_mode":false,"campfire_choices":[{"data":"Double Energy","floor":6,"key":"SMITH"},{"floor":12,"key":"REST"},{"floor":15,"key":"REST"},{"floor":23,"key":"REST"},{"floor":32,"key":"REST"}],"neow_cost":"NONE","seed_source_timestamp":114530730679400,"circlet_count":0,"master_deck":["Strike_B","Strike_B","Strike_B","Strike_B","Defend_B","Defend_B","Defend_B","Defend_B","Zap","Dualcast","Sweeping Beam","Double Energy+1","Ball Lightning","Leap","Redo","Doubt","Chaos","Conserve Battery","Steam","Steam","Buffer","Glacier+1","Doom and Gloom","Loop+1","Leap","Capacitor"],"relics":["Cracked Core","Ice Cream","Calipers","Strawberry","Black Star","Membership Card","MutagenicStrength","Nilry\u0027s Codex","Kunai","WingedGreaves"],"potions_floor_usage":[20],"damage_taken":[{"damage":0,"enemies":"Cultist","floor":1,"turns":4},{"damage":8,"enemies":"Jaw Worm","floor":4,"turns":3},{"damage":4,"enemies":"2 Louse","floor":7,"turns":3},{"damage":49,"enemies":"Lagavulin","floor":8,"turns":7},{"damage":3,"enemies":"2 Fungi Beasts","floor":11,"turns":4},{"damage":4,"enemies":"Exordium Wildlife","floor":14,"turns":3},{"damage":58,"enemies":"Slime Boss","floor":16,"turns":12},{"damage":37,"enemies":"3 Byrds","floor":18,"turns":5},{"damage":12,"enemies":"Spheric Guardian","floor":20,"turns":4},{"damage":10,"enemies":"Centurion and Healer","floor":25,"turns":6},{"damage":18,"enemies":"3 Cultists","floor":29,"turns":6},{"damage":0,"enemies":"Snecko","floor":31,"turns":7},{"damage":64,"enemies":"Automaton","floor":33,"turns":6}],"seed_played":"-9088282573816174716","potions_obtained":[{"floor":1,"key":"Fire Potion"},{"floor":4,"key":"FocusPotion"},{"floor":11,"key":"Regen Potion"},{"floor":14,"key":"Explosive Potion"},{"floor":25,"key":"Weak Potion"},{"floor":31,"key":"EntropicBrew"}],"is_trial":false,"path_per_floor":["M","$","$","M","?","R","M","E","T","$","M","R","?","M","R","B",null,"M","$","M","?","?","R","?","M","T","$","?","M","?","M","R","B"],"character_chosen":"DEFECT","items_purchased":["Double Energy","Ball Lightning","Leap","Strawberry","Conserve Battery","Doom and Gloom","Membership Card"],"campfire_rested":4,"item_purchase_floors":[2,2,3,10,10,19,19],"current_hp_per_floor":[82,82,82,74,74,74,70,21,21,28,25,51,40,36,62,4,89,52,52,40,40,40,66,50,40,40,40,40,22,22,22,48,0],"gold":93,"neow_bonus":"TEN_PERCENT_HP_BONUS","is_prod":false,"is_daily":false,"chose_seed":false,"campfire_upgraded":1,"win_rate":0.0,"timestamp":1560137143,"path_taken":["M","?","$","M","?","R","?","E","T","$","M","R","?","M","R","BOSS","M","$","M","?","?","R","?","?","T","?","?","M","?","M","R","BOSS"],"build_version":"2019-01-23","purchased_purges":0,"victory":false,"max_hp_per_floor":[82,82,82,82,82,82,82,82,82,89,89,89,89,89,89,89,89,89,89,89,89,89,89,89,89,89,89,89,89,89,89,89,89],"card_choices":[{"not_picked":["Heatsinks","Reinforced Body"],"picked":"Sweeping Beam","floor":1},{"not_picked":["White Noise","Cold Snap"],"picked":"Redo","floor":4},{"not_picked":["Coolheaded","Ball Lightning"],"picked":"Chaos","floor":7},{"not_picked":["Steam","Consume","Thunder Strike"],"picked":"SKIP","floor":8},{"not_picked":["Reprogram","Cold Snap"],"picked":"Steam","floor":11},{"not_picked":["Compile Driver","Reprogram"],"picked":"Steam","floor":14},{"not_picked":["Amplify","Multi-Cast"],"picked":"Buffer","floor":16},{"not_picked":["Hologram","Coolheaded"],"picked":"Glacier+1","floor":18},{"not_picked":["Genetic Algorithm","Scrape"],"picked":"Loop+1","floor":20},{"not_picked":["Go for the Eyes","Stack"],"picked":"Leap","floor":25},{"not_picked":["Amplify","Barrage","Beam Cell"],"picked":"SKIP","floor":29},{"not_picked":["Stack+1","Reprogram"],"picked":"Capacitor","floor":31}],"player_experience":107661,"relics_obtained":[{"floor":8,"key":"Ice Cream"},{"floor":9,"key":"Calipers"},{"floor":24,"key":"Nilry\u0027s Codex"},{"floor":26,"key":"Kunai"}],"event_choices":[{"damage_healed":0,"gold_gain":175,"player_choice":"AGREE","damage_taken":0,"max_hp_gain":0,"max_hp_loss":0,"event_name":"Liars Game","floor":5,"gold_loss":0,"cards_obtained":["Doubt"]},{"damage_healed":0,"gold_gain":75,"player_choice":"Gather Gold","damage_taken":11,"max_hp_gain":0,"max_hp_loss":0,"event_name":"World of Goop","floor":13,"gold_loss":0},{"damage_healed":0,"gold_gain":0,"player_choice":"Ignored","damage_taken":0,"max_hp_gain":0,"max_hp_loss":0,"event_name":"Ghosts","floor":21,"gold_loss":0},{"damage_healed":0,"gold_gain":0,"player_choice":"Inject Mutagens","damage_taken":0,"relics_obtained":["MutagenicStrength"],"max_hp_gain":0,"max_hp_loss":0,"event_name":"Drug Dealer","floor":22,"gold_loss":0},{"damage_healed":0,"gold_gain":0,"player_choice":"Obtained Book","damage_taken":16,"max_hp_gain":0,"max_hp_loss":0,"event_name":"Cursed Tome","floor":24,"gold_loss":0},{"damage_healed":0,"gold_gain":99,"player_choice":"Stole From Cult","damage_taken":0,"max_hp_gain":0,"max_hp_loss":0,"event_name":"Nest","floor":28,"gold_loss":0},{"damage_healed":0,"gold_gain":0,"player_choice":"Obtained Relic","damage_taken":0,"relics_obtained":["WingedGreaves"],"max_hp_gain":0,"max_hp_loss":0,"event_name":"Addict","floor":30,"gold_loss":85}],"is_beta":false,"boss_relics":[{"not_picked":["FrozenCore","Calling Bell"],"picked":"Black Star"}],"items_purged_floors":[],"is_endless":false,"potions_floor_spawned":[1,4,11,14,18,25,31],"killed_by":"Automaton","ascension_level":0}