{"gold_per_floor":[113,124,74,51,226,226,259,259,259,278,278,310,310,327,327,430,430,399,419,419,334,78,78,78],"floor_reached":24,"playtime":1774,"items_purged":["Pain"],"score":366,"play_id":"57d754ba-c700-4c1e-9076-1155d4296929","local_time":"20181109145510","is_ascension_mode":true,"campfire_choices":[{"data":"Armaments","floor":6,"key":"SMITH"},{"data":"True Grit","floor":8,"key":"SMITH"},{"data":"True Grit","floor":15,"key":"SMITH"},{"floor":23,"key":"REST"}],"neow_cost":"NONE","seed_source_timestamp":7814780830666,"circlet_count":0,"master_deck":["AscendersBane","Defend_R","Defend_R","Defend_R","Defend_R","Bash","Armaments+1","Uppercut","Warcry","Doubt","True Grit+1","Power Through","Double Tap","True Grit+1","Dark Embrace","Warcry+1","Disarm","Bite","Bite","Bite","Bite","Bite","True Grit+1"],"relics":["Burning Blood","NeowsBlessing","Juzu Bracelet","Bag of Preparation","Kunai","WarpedTongs","Fusion Hammer","Smiling Mask","DollysMirror"],"potions_floor_usage":[12,16,24],"damage_taken":[{"damage":0,"enemies":"Cultist","floor":1,"turns":1},{"damage":0,"enemies":"Jaw Worm","floor":2,"turns":1},{"damage":0,"enemies":"3 Sentries","floor":7,"turns":2},{"damage":2,"enemies":"2 Louse","floor":10,"turns":3},{"damage":27,"enemies":"Lagavulin","floor":12,"turns":9},{"damage":4,"enemies":"Red Slaver","floor":14,"turns":4},{"damage":50,"enemies":"The Guardian","floor":16,"turns":20},{"damage":42,"enemies":"2 Thieves","floor":18,"turns":5},{"damage":5,"enemies":"Chosen","floor":19,"turns":6},{"damage":49,"enemies":"Slavers","floor":24,"turns":5}],"seed_played":"2820796889217343465","potions_obtained":[{"floor":7,"key":"Block Potion"},{"floor":12,"key":"BloodPotion"},{"floor":16,"key":"Weak Potion"}],"is_trial":false,"path_per_floor":["M","M","?","$","?","R","E","R","T","M","?","E","?","M","R","B",null,"M","M","?","?","$","R","E"],"character_chosen":"IRONCLAD","items_purchased":["Warcry","DollysMirror"],"campfire_rested":1,"item_purchase_floors":[4,22],"current_hp_per_floor":[78,80,80,80,80,80,80,80,80,80,80,59,59,61,61,25,66,30,31,31,31,31,47,3],"gold":78,"neow_bonus":"THREE_ENEMY_KILL","is_prod":false,"is_daily":false,"chose_seed":false,"campfire_upgraded":3,"win_rate":0,"timestamp":1541804110,"path_taken":["M","M","?","$","?","R","E","R","T","M","?","E","?","M","R","BOSS","M","M","?","?","?","R","E"],"build_version":"2018-11-08","purchased_purges":1,"victory":false,"max_hp_per_floor":[80,80,80,80,80,80,80,80,80,80,80,80,80,80,80,80,80,80,80,56,56,56,56,56],"card_choices":[{"not_picked":["Iron Wave","Sword Boomerang"],"picked":"Armaments","floor":1},{"not_picked":["Perfected Strike","Sword Boomerang"],"picked":"Uppercut","floor":2},{"not_picked":["Blood for Blood","Wild Strike"],"picked":"True Grit","floor":7},{"not_picked":["True Grit","Anger"],"picked":"Power Through","floor":10},{"not_picked":["Ghostly Armor","Clash"],"picked":"Double Tap","floor":12},{"not_picked":["Sword Boomerang","Sentinel"],"picked":"True Grit","floor":14},{"not_picked":["Reaper","Brutality"],"picked":"Dark Embrace","floor":16},{"not_picked":["Reckless Charge","Flex+1"],"picked":"Warcry+1","floor":18},{"not_picked":["Sword Boomerang+1","Twin Strike"],"picked":"Disarm","floor":19}],"player_experience":305295,"relics_obtained":[{"floor":7,"key":"Juzu Bracelet"},{"floor":9,"key":"Bag of Preparation"},{"floor":12,"key":"Kunai"}],"event_choices":[{"cards_removed":["Strike_R"],"damage_healed":0,"gold_gain":0,"player_choice":"Card Removal","damage_taken":0,"max_hp_gain":0,"max_hp_loss":0,"event_name":"The Cleric","floor":3,"gold_loss":50},{"damage_healed":0,"gold_gain":175,"player_choice":"AGREE","damage_taken":0,"max_hp_gain":0,"max_hp_loss":0,"event_name":"Liars Game","floor":5,"gold_loss":0,"cards_obtained":["Doubt"]},{"damage_healed":0,"gold_gain":0,"player_choice":"Full Heal","damage_taken":0,"max_hp_gain":0,"max_hp_loss":0,"event_name":"Wheel of Change","floor":11,"gold_loss":0},{"damage_healed":0,"gold_gain":0,"player_choice":"Rummage","damage_taken":0,"relics_obtained":["WarpedTongs"],"max_hp_gain":0,"max_hp_loss":0,"event_name":"Accursed Blacksmith","floor":13,"gold_loss":0,"cards_obtained":["Pain"]},{"damage_healed":0,"gold_gain":0,"player_choice":"Became a vampire","damage_taken":0,"max_hp_gain":0,"max_hp_loss":24,"event_name":"Vampires","floor":20,"gold_loss":0,"cards_obtained":["Bite","Bite","Bite","Bite","Bite"]},{"damage_healed":0,"gold_gain":0,"player_choice":"Obtained Relic","damage_taken":0,"relics_obtained":["Smiling Mask"],"max_hp_gain":0,"max_hp_loss":0,"event_name":"Addict","floor":21,"gold_loss":85}],"is_beta":false,"boss_relics":[{"not_picked":["Ectoplasm","Empty Cage"],"picked":"Fusion Hammer"}],"items_purged_floors":[22],"is_endless":false,"potions_floor_spawned":[7,12,16],"killed_by":"Slavers","ascension_level":10}