{"gold_per_floor":[110,110,124,136,136,170,182,224,263,292,404,416,444,466,478,586,598,626,658,670,697,709],"floor_reached":22,"playtime":1411,"items_purged":[],"score":233,"play_id":"d11f05db-4afa-4f4a-9254-fe4de8ffa957","local_time":"20190619153316","is_ascension_mode":true,"campfire_choices":[{"data":"Inflame","floor":7,"key":"SMITH"},{"floor":12,"key":"REST"},{"floor":15,"key":"REST"}],"neow_cost":"NONE","seed_source_timestamp":114615525954286,"circlet_count":0,"master_deck":["Strike_R","Strike_R","Strike_R","Strike_R","Strike_R","Defend_R","Defend_R","Defend_R","Defend_R","Bash","Inflame+1","Anger","Demon Form","Barricade","Flex","Armaments"],"relics":["Burning Blood","Blood Vial","MawBank","Strawberry","Vajra","White Beast Statue"],"potions_floor_usage":[6,6,16,21,21,22,22],"damage_taken":[{"damage":1,"enemies":"Cultist","floor":1,"turns":4},{"damage":7,"enemies":"2 Louse","floor":3,"turns":4},{"damage":8,"enemies":"Small Slimes","floor":4,"turns":4},{"damage":10,"enemies":"Gremlin Nob","floor":6,"turns":3},{"damage":63,"enemies":"Lagavulin","floor":8,"turns":10},{"damage":6,"enemies":"2 Fungi Beasts","floor":10,"turns":5},{"damage":14,"enemies":"Blue Slaver","floor":13,"turns":3},{"damage":10,"enemies":"3 Louse","floor":14,"turns":5},{"damage":55,"enemies":"The Guardian","floor":16,"turns":8},{"damage":34,"enemies":"Shell Parasite","floor":18,"turns":6},{"damage":15,"enemies":"Chosen","floor":19,"turns":4},{"damage":41,"enemies":"Snake Plant","floor":21,"turns":7},{"damage":35,"enemies":"Snecko","floor":22,"turns":5}],"seed_played":"-3580314760312016799","potions_obtained":[{"floor":1,"key":"AttackPotion"},{"floor":4,"key":"AttackPotion"},{"floor":13,"key":"SkillPotion"},{"floor":14,"key":"Swift Potion"},{"floor":18,"key":"SpeedPotion"},{"floor":19,"key":"Dexterity Potion"},{"floor":21,"key":"Energy Potion"}],"is_trial":false,"path_per_floor":["M","T","M","M","$","E","R","E","T","M","?","R","M","M","R","B",null,"M","M","?","M","M"],"character_chosen":"IRONCLAD","items_purchased":[],"campfire_rested":2,"item_purchase_floors":[],"current_hp_per_floor":[88,88,87,86,86,84,84,36,36,38,38,66,60,58,86,39,95,67,60,60,27,0],"gold":709,"neow_bonus":"TEN_PERCENT_HP_BONUS","is_prod":false,"is_daily":false,"chose_seed":false,"campfire_upgraded":1,"win_rate":0,"timestamp":1560976396,"path_taken":["M","?","M","M","$","E","R","E","T","M","?","R","?","M","R","BOSS","M","M","?","M","M"],"build_version":"2019-01-23","purchased_purges":0,"victory":false,"max_hp_per_floor":[88,88,88,88,88,88,88,95,95,95,95,95,95,95,95,95,95,95,95,95,95,95],"card_choices":[{"not_picked":["Second Wind","Thunderclap","Dropkick"],"picked":"SKIP","floor":1},{"not_picked":["Seeing Red","True Grit","Whirlwind"],"picked":"SKIP","floor":3},{"not_picked":["Dual Wield","Feel No Pain","True Grit"],"picked":"SKIP","floor":4},{"not_picked":["Seeing Red","Havoc"],"picked":"Inflame","floor":6},{"not_picked":["Battle Trance","Sever Soul","Sword Boomerang"],"picked":"SKIP","floor":8},{"not_picked":["Fire Breathing","Reckless Charge"],"picked":"Anger","floor":10},{"not_picked":["Thunderclap","Body Slam"],"picked":"Demon Form","floor":13},{"not_picked":["Bloodletting","Body Slam","Havoc"],"picked":"SKIP","floor":14},{"not_picked":["Exhume","Feed"],"picked":"Barricade","floor":16},{"not_picked":["Warcry","Corruption+1","Flame Barrier"],"picked":"SKIP","floor":18},{"not_picked":["Second Wind+1","Havoc","Intimidate"],"picked":"SKIP","floor":19},{"not_picked":["Flex+1","Sword Boomerang"],"picked":"Armaments","floor":21}],"player_experience":130582,"relics_obtained":[{"floor":2,"key":"Blood Vial"},{"floor":6,"key":"MawBank"},{"floor":8,"key":"Strawberry"},{"floor":9,"key":"Vajra"}],"event_choices":[{"damage_healed":0,"gold_gain":100,"player_choice":"Pray","damage_taken":0,"max_hp_gain":0,"max_hp_loss":0,"event_name":"Golden Shrine","floor":11,"gold_loss":0},{"damage_healed":0,"gold_gain":0,"player_choice":"Read","damage_taken":0,"max_hp_gain":0,"max_hp_loss":0,"event_name":"The Library","floor":20,"gold_loss":0,"cards_obtained":["Flex"]}],"is_beta":false,"boss_relics":[{"not_picked":["Runic Cube","Mark of Pain"],"picked":"White Beast Statue"}],"items_purged_floors":[],"is_endless":false,"potions_floor_spawned":[1,4,13,14,18,19,21],"killed_by":"Snecko","ascension_level":1}