{"gold_per_floor":[111,111,61,31,43,43,71,47,117,442,22,57,57,75,75,175,175,163,177,92,92,108,133,149,205,232,232,246,276,276,276,276,378,378,397,397],"floor_reached":36,"playtime":2092,"items_purged":["Strike_G"],"score":556,"play_id":"83772694-83bd-44a9-9f7c-7ab474e358a7","local_time":"20190711003832","is_ascension_mode":true,"campfire_choices":[{"data":"Neutralize","floor":6,"key":"SMITH"},{"floor":13,"key":"REST"},{"data":"Survivor","floor":15,"key":"SMITH"},{"floor":27,"key":"REST"},{"data":"Well Laid Plans","floor":30,"key":"SMITH"},{"data":"Quick Slash","floor":32,"key":"SMITH"}],"neow_cost":"NONE","seed_source_timestamp":3394530537226,"circlet_count":0,"master_deck":["Strike_G","Strike_G","Strike_G","Defend_G","Defend_G","Defend_G","Defend_G","Defend_G","Survivor+1","Neutralize+1","Noxious Fumes+1","Quick Slash+1","Poisoned Stab+1","Dagger Spray+1","PiercingWail+1","Dodge and Roll+1","Die Die Die+1","Well Laid Plans+1","Backflip+1","Night Terror+1","Blur+1"],"relics":["Ring of the Serpent","NeowsBlessing","Strawberry","Molten Egg 2","Old Coin","Toxic Egg 2","Meat on the Bone","Black Star","Mercury Hourglass","Pantograph","Vajra","Smiling Mask","Tiny Chest","Bronze Scales","Blood Vial","Paper Crane","Kunai"],"potions_floor_usage":[10,12,18,23,23,25,25,29,36],"damage_taken":[{"damage":0,"enemies":"Jaw Worm","floor":1,"turns":1},{"damage":0,"enemies":"Small Slimes","floor":5,"turns":1},{"damage":0,"enemies":"Lagavulin","floor":7,"turns":1},{"damage":26,"enemies":"Gremlin Nob","floor":10,"turns":5},{"damage":12,"enemies":"Lagavulin","floor":12,"turns":6},{"damage":0,"enemies":"Cultist","floor":14,"turns":3},{"damage":24,"enemies":"Hexaghost","floor":16,"turns":10},{"damage":6,"enemies":"2 Thieves","floor":18,"turns":4},{"damage":0,"enemies":"Chosen","floor":19,"turns":6},{"damage":4,"enemies":"3 Cultists","floor":22,"turns":4},{"damage":49,"enemies":"Slavers","floor":23,"turns":5},{"damage":7,"enemies":"Shelled Parasite and Fungi","floor":24,"turns":6},{"damage":34,"enemies":"Book of Stabbing","floor":25,"turns":6},{"damage":9,"enemies":"Snake Plant","floor":28,"turns":4},{"damage":7,"enemies":"Slavers","floor":29,"turns":4},{"damage":19,"enemies":"Automaton","floor":33,"turns":10},{"damage":4,"enemies":"3 Shapes","floor":35,"turns":6},{"damage":86,"enemies":"2 Orb Walkers","floor":36,"turns":5}],"seed_played":"-6180224817370594575","potions_obtained":[{"floor":4,"key":"Strength Potion"},{"floor":4,"key":"Dexterity Potion"},{"floor":7,"key":"FearPotion"},{"floor":12,"key":"Energy Potion"},{"floor":19,"key":"GamblersBrew"},{"floor":23,"key":"FearPotion"},{"floor":28,"key":"AttackPotion"},{"floor":29,"key":"Swift Potion"},{"floor":35,"key":"LiquidBronze"}],"is_trial":false,"path_per_floor":["M","?","?","?","M","R","E","$","T","E","$","E","R","M","R","B",null,"M","M","?","?","M","E","M","E","T","R","M","E","R","T","R","B",null,"M","?"],"character_chosen":"THE_SILENT","items_purchased":["Quick Slash","Toxic Egg 2","Dagger Spray+1","Weak Potion"],"campfire_rested":2,"item_purchase_floors":[8,11,11,11],"current_hp_per_floor":[70,70,70,70,70,70,77,77,77,51,51,39,62,62,62,50,77,71,71,71,71,67,30,35,13,13,36,39,44,44,44,44,52,77,73,0],"gold":397,"neow_bonus":"THREE_ENEMY_KILL","is_prod":false,"is_daily":false,"chose_seed":false,"campfire_upgraded":4,"win_rate":0,"timestamp":1562819912,"path_taken":["M","?","?","?","M","R","E","$","T","E","$","E","R","M","R","BOSS","M","M","?","?","M","E","?","E","T","R","M","E","R","?","R","BOSS","M","?"],"build_version":"2019-07-05","purchased_purges":1,"victory":false,"max_hp_per_floor":[70,70,70,70,70,70,77,77,77,77,77,77,77,77,77,77,77,77,77,77,77,77,77,77,77,77,77,77,77,77,77,77,77,77,77,77],"card_choices":[{"not_picked":["Dagger Spray","Predator"],"picked":"Noxious Fumes","floor":1},{"not_picked":["Outmaneuver","Skewer","Calculated Gamble"],"picked":"SKIP","floor":5},{"not_picked":["Masterful Stab","Deflect","Outmaneuver"],"picked":"SKIP","floor":7},{"not_picked":["Well Laid Plans","Terror"],"picked":"Poisoned Stab+1","floor":10},{"not_picked":["Terror+1","Acrobatics+1"],"picked":"PiercingWail+1","floor":12},{"not_picked":["Slice+1","Dagger Spray+1"],"picked":"Dodge and Roll+1","floor":14},{"not_picked":["Grand Finale+1","Doppelganger+1"],"picked":"Die Die Die+1","floor":16},{"not_picked":["Outmaneuver+1","Slice+1","Concentrate+1"],"picked":"SKIP","floor":18},{"not_picked":["Outmaneuver+1","Sucker Punch+1","Underhanded Strike+1"],"picked":"SKIP","floor":19},{"not_picked":["Riddle With Holes+1","Acrobatics+1"],"picked":"Well Laid Plans","floor":22},{"not_picked":["Dagger Throw+1","Sucker Punch+1","Concentrate+1"],"picked":"SKIP","floor":23},{"not_picked":["Heel Hook+1","Underhanded Strike+1","Reflex+1"],"picked":"SKIP","floor":24},{"not_picked":["Unload+1","Flying Knee+1"],"picked":"Backflip+1","floor":25},{"not_picked":["Dash+1","Flying Knee+1","Endless Agony+1"],"picked":"SKIP","floor":28},{"not_picked":["Dash+1","Flying Knee+1","Endless Agony+1"],"picked":"SKIP","floor":28},{"not_picked":["Dagger Throw+1","Cloak And Dagger+1","Expertise+1"],"picked":"SKIP","floor":29},{"not_picked":["Bullet Time+1","Adrenaline+1"],"picked":"Night Terror+1","floor":33},{"not_picked":["PiercingWail+1","Slice+1"],"picked":"Blur+1","floor":35}],"player_experience":267121,"relics_obtained":[{"floor":7,"key":"Strawberry"},{"floor":9,"key":"Molten Egg 2"},{"floor":10,"key":"Old Coin"},{"floor":12,"key":"Meat on the Bone"},{"floor":23,"key":"Pantograph"},{"floor":23,"key":"Vajra"},{"floor":25,"key":"Smiling Mask"},{"floor":25,"key":"Tiny Chest"},{"floor":26,"key":"Bronze Scales"},{"floor":29,"key":"Blood Vial"},{"floor":29,"key":"Paper Crane"},{"floor":31,"key":"Kunai"}],"event_choices":[{"damage_healed":0,"gold_gain":0,"player_choice":"Grow","damage_taken":0,"max_hp_gain":0,"max_hp_loss":0,"event_name":"Living Wall","floor":2,"gold_loss":0,"cards_upgraded":["Noxious Fumes"]},{"cards_removed":["Strike_G"],"damage_healed":0,"gold_gain":0,"player_choice":"Card Removal","damage_taken":0,"max_hp_gain":0,"max_hp_loss":0,"event_name":"The Cleric","floor":3,"gold_loss":50},{"damage_healed":0,"gold_gain":0,"player_choice":"Bought 2 Potions","damage_taken":0,"max_hp_gain":0,"max_hp_loss":0,"event_name":"The Woman in Blue","floor":4,"gold_loss":0},{"damage_healed":0,"gold_gain":0,"player_choice":"Obtained Relic","damage_taken":0,"relics_obtained":["Mercury Hourglass"],"max_hp_gain":0,"max_hp_loss":0,"event_name":"Addict","floor":20,"gold_loss":85},{"damage_healed":0,"gold_gain":0,"player_choice":"0 cards matched","damage_taken":0,"max_hp_gain":0,"max_hp_loss":0,"event_name":"Match and Keep!","floor":21,"gold_loss":0,"cards_obtained":[]},{"damage_healed":0,"gold_gain":0,"player_choice":"Fight","damage_taken":0,"max_hp_gain":0,"max_hp_loss":0,"event_name":"Mysterious Sphere","floor":36,"gold_loss":0}],"is_beta":false,"boss_relics":[{"not_picked":["White Beast Statue","Snecko Eye"],"picked":"Black Star"},{"not_picked":["Eternal Feather","Lizard Tail"],"picked":"Ring of the Serpent"}],"items_purged_floors":[11],"is_endless":false,"potions_floor_spawned":[7,12,14,19,23,28,29,35],"killed_by":"2 Orb Walkers","ascension_level":4}