{"gold_per_floor":[15,80,80,0,18,18,34,34,34,34,72,93,93,116,116,239,239,260,185,136,155,70,70,170,186,209,232,245,265,225,238,238,238],"floor_reached":33,"playtime":2976,"items_purged":[],"score":249,"play_id":"414008bd-11b6-43a4-a9b4-12e54b767c9c","local_time":"20180627190846","is_ascension_mode":false,"campfire_choices":[{"data":"Finisher","floor":6,"key":"SMITH"},{"data":"Slice","floor":8,"key":"SMITH"},{"floor":13,"key":"REST"},{"floor":15,"key":"REST"},{"data":"Blade Dance","floor":23,"key":"SMITH"},{"floor":32,"key":"REST"}],"neow_cost":"NO_GOLD","seed_source_timestamp":765649026567513,"circlet_count":0,"master_deck":["Defend_G","Defend_G","Defend_G","Defend_G","Strike_G","Strike_G","Strike_G","Strike_G","Survivor","Neutralize","Dash","Dagger Throw","Finisher+1","Slice+1","Flying Knee","Blade Dance+1","Slice","Quick Slash","Adrenaline","Underhanded Strike","Well Laid Plans+1","Flying Knee+1"],"relics":["Ring of the Snake","Oddly Smooth Stone","Golden Idol","Mummified Hand","Eternal Feather","Ninja Scroll","Bag of Preparation"],"potions_floor_usage":[25,30,33,33],"damage_taken":[{"damage":0,"enemies":"Jaw Worm","floor":1,"turns":5},{"damage":0,"enemies":"Small Slimes","floor":5,"turns":2},{"damage":0,"enemies":"Cultist","floor":7,"turns":3},{"damage":32,"enemies":"Lagavulin","floor":11,"turns":6},{"damage":0,"enemies":"2 Fungi Beasts","floor":12,"turns":1},{"damage":4,"enemies":"Red Slaver","floor":14,"turns":2},{"damage":51,"enemies":"Hexaghost","floor":16,"turns":10},{"damage":10,"enemies":"Chosen","floor":18,"turns":3},{"damage":0,"enemies":"3 Byrds","floor":21,"turns":4},{"damage":35,"enemies":"Cultist and Chosen","floor":25,"turns":6},{"damage":1,"enemies":"3 Cultists","floor":27,"turns":4},{"damage":26,"enemies":"Snake Plant","floor":28,"turns":5},{"damage":3,"enemies":"Chosen and Byrds","floor":29,"turns":5},{"damage":6,"enemies":"Centurion and Healer","floor":31,"turns":4},{"damage":36,"enemies":"Champ","floor":33,"turns":10}],"seed_played":"3880847221925534163","potions_obtained":[{"floor":1,"key":"Weak Potion"},{"floor":12,"key":"Weak Potion"},{"floor":14,"key":"Explosive Potion"},{"floor":18,"key":"Poison Potion"},{"floor":25,"key":"Dexterity Potion"},{"floor":30,"key":"SteroidPotion"},{"floor":30,"key":"Swift Potion"},{"floor":30,"key":"Fruit Juice"}],"is_trial":false,"path_per_floor":["M","?","?","$","M","R","M","R","T","?","E","M","R","M","R","B",null,"M","?","$","M","?","R","?","M","T","M","M","M","?","M","R"],"character_chosen":"THE_SILENT","items_purchased":["Finisher","Underhanded Strike"],"campfire_rested":3,"item_purchase_floors":[4,20],"current_hp_per_floor":[70,70,70,70,70,70,70,70,70,53,21,21,42,38,59,8,70,60,60,60,60,60,68,68,33,33,32,6,3,8,2,32,0],"gold":238,"neow_bonus":"TRANSFORM_TWO_CARDS","is_prod":false,"is_daily":false,"chose_seed":false,"campfire_upgraded":3,"win_rate":0.0,"timestamp":1530151726,"path_taken":["M","?","?","$","M","R","M","R","T","?","E","?","R","M","R","BOSS","M","?","$","?","?","R","?","M","T","M","M","M","?","M","R","BOSS"],"build_version":"2018-06-21v2","purchased_purges":0,"victory":false,"max_hp_per_floor":[70,70,70,70,70,70,70,70,70,70,70,70,70,70,70,70,70,70,70,70,70,70,70,70,70,70,70,70,70,75,75,75,75],"card_choices":[{"not_picked":["Riddle With Holes","PiercingWail"],"picked":"Dagger Throw","floor":1},{"not_picked":["Riddle With Holes","Escape Plan"],"picked":"Slice","floor":5},{"not_picked":["Escape Plan","Dash"],"picked":"Flying Knee","floor":7},{"not_picked":["Backstab","Slice"],"picked":"Blade Dance","floor":11},{"not_picked":["Dagger Spray","Sucker Punch"],"picked":"Slice","floor":12},{"not_picked":["Bouncing Flask","All Out Attack"],"picked":"Quick Slash","floor":14},{"not_picked":["Tactician","Wraith Form v2"],"picked":"Adrenaline","floor":16},{"not_picked":["Prepared","PiercingWail+1","Masterful Stab"],"picked":"SKIP","floor":18},{"not_picked":["Poisoned Stab","Expertise","Dagger Spray"],"picked":"SKIP","floor":21},{"not_picked":["Sucker Punch","Riddle With Holes"],"picked":"Well Laid Plans+1","floor":25},{"not_picked":["Well Laid Plans","Underhanded Strike","Deadly Poison+1"],"picked":"SKIP","floor":27},{"not_picked":["Dodge and Roll","Dagger Spray","Leg Sweep+1"],"picked":"SKIP","floor":28},{"not_picked":["Slice","All Out Attack+1"],"picked":"Flying Knee+1","floor":29},{"not_picked":["Dodge and Roll","PiercingWail","Acrobatics"],"picked":"SKIP","floor":31}],"player_experience":4391,"relics_obtained":[{"floor":9,"key":"Oddly Smooth Stone"},{"floor":11,"key":"Mummified Hand"},{"floor":26,"key":"Bag of Preparation"}],"event_choices":[{"event_name":"Golden Wing","player_choice":"Gained Gold","floor":2,"damage_taken":0},{"event_name":"Purifier","player_choice":"Skipped","floor":3,"damage_taken":0},{"event_name":"Golden Idol","player_choice":"Take Damage","floor":10,"damage_taken":0},{"event_name":"Beggar","player_choice":"Gave Gold","floor":19,"damage_taken":0},{"event_name":"Addict","player_choice":"Obtained Relic","floor":22,"damage_taken":0},{"event_name":"Golden Shrine","player_choice":"Pray","floor":24,"damage_taken":0},{"event_name":"The Woman in Blue","player_choice":"Bought 3 Potions","floor":30,"damage_taken":0}],"boss_relics":[{"not_picked":["Fusion Hammer","Velvet Choker"],"picked":"Eternal Feather"}],"items_purged_floors":[],"is_endless":false,"potions_floor_spawned":[1,12,14,18,21,25,28],"killed_by":"Champ","ascension_level":0}