{"gold_per_floor":[114,114,130,130,148,148,167,184,184,203,221,221,253,253,253,357,357,373,288,300,300,317,317,317,317,317,333,345,396,8,8,8,8],"floor_reached":33,"playtime":1836,"items_purged":["Writhe"],"score":274,"play_id":"d0f594ad-3c65-476c-99f6-18b932c7a8b8","local_time":"20190707230847","is_ascension_mode":false,"campfire_choices":[{"data":"Zap","floor":6,"key":"SMITH"},{"floor":12,"key":"REST"},{"floor":15,"key":"REST"},{"floor":23,"key":"REST"},{"data":"Echo Form","floor":25,"key":"SMITH"},{"floor":32,"key":"REST"}],"neow_cost":"NONE","seed_source_timestamp":1696730799094173,"circlet_count":0,"master_deck":["Strike_B","Strike_B","Strike_B","Strike_B","Defend_B","Defend_B","Defend_B","Defend_B","Zap+1","Melter","Heatsinks","Lockon","Sweeping Beam+1","Leap+1","Echo Form+1","Storm","Ball Lightning","Leap","Static Discharge","Leap"],"relics":["Cracked Core","Letter Opener","Inserter","Regal Pillow","Omamori","Cables","Anchor","StoneCalendar"],"potions_floor_usage":[13,16,16,16,16,16,18,22,28,31,33],"damage_taken":[{"damage":3,"enemies":"Small Slimes","floor":1,"turns":4},{"damage":3,"enemies":"Jaw Worm","floor":3,"turns":3},{"damage":1,"enemies":"Cultist","floor":5,"turns":3},{"damage":9,"enemies":"3 Louse","floor":7,"turns":3},{"damage":5,"enemies":"Looter","floor":8,"turns":3},{"damage":1,"enemies":"2 Fungi Beasts","floor":10,"turns":3},{"damage":0,"enemies":"Red Slaver","floor":11,"turns":4},{"damage":25,"enemies":"Gremlin Nob","floor":13,"turns":4},{"damage":62,"enemies":"Slime Boss","floor":16,"turns":7},{"damage":18,"enemies":"Chosen","floor":18,"turns":7},{"damage":0,"enemies":"Spheric Guardian","floor":20,"turns":1},{"damage":44,"enemies":"Chosen and Byrds","floor":22,"turns":6},{"damage":30,"enemies":"Snecko","floor":27,"turns":5},{"damage":26,"enemies":"3 Cultists","floor":28,"turns":5},{"damage":16,"enemies":"Colosseum Slavers","floor":31,"turns":4},{"damage":66,"enemies":"Automaton","floor":33,"turns":6}],"seed_played":"7707732453208452907","potions_obtained":[{"floor":1,"key":"EntropicBrew"},{"floor":7,"key":"EssenceOfSteel"},{"floor":11,"key":"Explosive Potion"},{"floor":13,"key":"SteroidPotion"},{"floor":16,"key":"Ancient Potion"},{"floor":18,"key":"AttackPotion"},{"floor":22,"key":"PowerPotion"},{"floor":28,"key":"AttackPotion"}],"is_trial":false,"path_per_floor":["M","?","M","?","M","R","M","M","T","M","M","R","E","?","R","B",null,"M","?","M","?","M","R","?","R","T","M","M","T","$","?","R","B"],"character_chosen":"DEFECT","items_purchased":["StoneCalendar"],"campfire_rested":4,"item_purchase_floors":[30],"current_hp_per_floor":[79,79,76,76,75,75,66,61,61,60,60,82,57,41,65,3,82,64,64,64,64,20,59,92,92,92,62,36,36,36,20,62,0],"gold":8,"neow_bonus":"TEN_PERCENT_HP_BONUS","is_prod":false,"is_daily":false,"chose_seed":false,"campfire_upgraded":2,"win_rate":0,"timestamp":1562558927,"path_taken":["M","?","M","?","M","R","?","M","T","M","M","R","E","?","R","BOSS","M","?","M","?","M","R","?","R","T","M","?","?","$","?","R","BOSS"],"build_version":"2019-07-05","purchased_purges":1,"victory":false,"max_hp_per_floor":[82,82,82,82,82,82,82,82,82,82,82,82,82,82,82,82,82,82,82,82,82,82,82,92,92,92,92,92,92,92,92,92,92],"card_choices":[{"not_picked":["Loop","Aggregate"],"picked":"Melter","floor":1},{"not_picked":["Steam","Reprogram","Turbo"],"picked":"SKIP","floor":3},{"not_picked":["Scrape","Self Repair"],"picked":"Lockon","floor":5},{"not_picked":["Compile Driver","Turbo","Streamline"],"picked":"SKIP","floor":7},{"not_picked":["Reinforced Body","Sunder"],"picked":"Sweeping Beam","floor":8},{"not_picked":["Steam","Redo"],"picked":"Leap","floor":10},{"not_picked":["Glacier","Heatsinks"],"picked":"Echo Form","floor":11},{"not_picked":["Stack","Chill","Hologram"],"picked":"SKIP","floor":13},{"not_picked":["Core Surge","Fission"],"picked":"Creative AI","floor":16},{"not_picked":["Cold Snap+1","Hello World"],"picked":"Storm","floor":18},{"not_picked":["Sunder","Redo+1"],"picked":"Ball Lightning","floor":20},{"not_picked":["Cold Snap","Heatsinks"],"picked":"Leap","floor":22},{"not_picked":["Sweeping Beam+1","Steam"],"picked":"Static Discharge","floor":27},{"not_picked":["Steam","Steam Power"],"picked":"Leap","floor":28}],"player_experience":269570,"relics_obtained":[{"floor":13,"key":"Letter Opener"},{"floor":26,"key":"Cables"},{"floor":29,"key":"Anchor"}],"event_choices":[{"damage_healed":0,"gold_gain":0,"player_choice":"Leave","damage_taken":0,"max_hp_gain":0,"max_hp_loss":0,"event_name":"The Cleric","floor":2,"gold_loss":0},{"damage_healed":0,"gold_gain":0,"cards_transformed":["Dualcast"],"player_choice":"Transformed","damage_taken":0,"max_hp_gain":0,"max_hp_loss":0,"event_name":"Transmorgrifier","floor":4,"gold_loss":0,"cards_obtained":["Heatsinks"]},{"damage_healed":0,"gold_gain":0,"player_choice":"Entered Light","damage_taken":16,"max_hp_gain":0,"max_hp_loss":0,"event_name":"Shining Light","floor":14,"gold_loss":0,"cards_upgraded":["Leap","Sweeping Beam"]},{"damage_healed":0,"gold_gain":0,"player_choice":"Obtained Relic","damage_taken":0,"relics_obtained":["Regal Pillow"],"max_hp_gain":0,"max_hp_loss":0,"event_name":"Addict","floor":19,"gold_loss":85},{"damage_healed":0,"gold_gain":0,"player_choice":"Opened","damage_taken":0,"relics_obtained":["Omamori"],"max_hp_gain":0,"max_hp_loss":0,"event_name":"The Mausoleum","floor":21,"gold_loss":0,"cards_obtained":["Writhe"]},{"cards_removed":["Creative AI"],"damage_healed":23,"gold_gain":0,"player_choice":"Offered Rare","damage_taken":0,"max_hp_gain":10,"max_hp_loss":0,"event_name":"Bonfire Elementals","floor":24,"gold_loss":0},{"damage_healed":0,"gold_gain":0,"player_choice":"Fight","damage_taken":0,"max_hp_gain":0,"max_hp_loss":0,"event_name":"Colosseum","floor":31,"gold_loss":0},{"damage_healed":0,"gold_gain":0,"player_choice":"Fled From Nobs","damage_taken":0,"max_hp_gain":0,"max_hp_loss":0,"event_name":"Colosseum","floor":31,"gold_loss":0}],"is_beta":false,"boss_relics":[{"not_picked":["Runic Dome","Snecko Eye"],"picked":"Inserter"}],"items_purged_floors":[30],"is_endless":false,"potions_floor_spawned":[1,7,11,13,16,18,22,28],"killed_by":"Automaton","ascension_level":0}