{"gold_per_floor":[116,134,134,59,83,83,97,110,110,126,26,26],"floor_reached":12,"playtime":581,"items_purged":["Strike_R","Strike_R"],"score":72,"play_id":"0e876de3-4828-4df8-bc90-a5cb27425b11","local_time":"20180629191344","is_ascension_mode":false,"campfire_choices":[{"data":"Juggernaut","floor":6,"key":"SMITH"}],"neow_cost":"FIFTY_PERCENT_DAMAGE","seed_source_timestamp":941145578212528,"circlet_count":0,"master_deck":["Strike_R","Strike_R","Strike_R","Defend_R","Defend_R","Defend_R","Defend_R","Bash","Juggernaut+1","Shrug It Off","Body Slam"],"relics":["Burning Blood","Golden Idol","Bottled Tornado"],"potions_floor_usage":[],"damage_taken":[{"damage":12,"enemies":"Small Slimes","floor":1,"turns":5},{"damage":5,"enemies":"2 Louse","floor":2,"turns":3},{"damage":5,"enemies":"Jaw Worm","floor":5,"turns":6},{"damage":9,"enemies":"3 Louse","floor":7,"turns":4},{"damage":7,"enemies":"Blue Slaver","floor":8,"turns":5},{"damage":9,"enemies":"Looter","floor":10,"turns":4},{"damage":10,"floor":12,"turns":2}],"seed_played":"4390819068292014953","potions_obtained":[{"floor":2,"key":"Poison Potion"},{"floor":8,"key":"Dexterity Potion"},{"floor":10,"key":"FearPotion"}],"is_trial":false,"path_per_floor":["M","M","?","$","M","R","M","M","T","M","$"],"character_chosen":"IRONCLAD","items_purchased":[],"campfire_rested":0,"item_purchase_floors":[],"current_hp_per_floor":[34,35,15,15,16,16,13,12,12,9,9,0],"gold":26,"neow_bonus":"THREE_RARE_CARDS","is_prod":false,"is_daily":false,"chose_seed":false,"campfire_upgraded":1,"win_rate":0.0,"timestamp":1530324824,"path_taken":["M","M","?","$","M","R","M","M","T","M","$","?"],"build_version":"2018-06-28","purchased_purges":2,"victory":false,"max_hp_per_floor":[80,80,80,80,80,80,80,80,80,80,80,80],"card_choices":[{"not_picked":["Demon Form","Reaper"],"picked":"Juggernaut","floor":0},{"not_picked":["Anger","Headbutt","Disarm"],"picked":"SKIP","floor":1},{"not_picked":["Corruption","Armaments"],"picked":"Shrug It Off","floor":2},{"not_picked":["Brutality","Carnage","Flex"],"picked":"SKIP","floor":5},{"not_picked":["Heavy Blade","Twin Strike","Perfected Strike"],"picked":"SKIP","floor":7},{"not_picked":["Feel No Pain","Heavy Blade"],"picked":"Body Slam","floor":8},{"not_picked":["Anger","Reckless Charge","Sword Boomerang"],"picked":"SKIP","floor":10}],"player_experience":18729,"relics_obtained":[{"floor":9,"key":"Bottled Tornado"}],"event_choices":[{"event_name":"Golden Idol","player_choice":"Take Damage","floor":3,"damage_taken":0},{"event_name":"Mushrooms","player_choice":"Fought Mushrooms","floor":12,"damage_taken":0}],"boss_relics":[],"items_purged_floors":[4,11],"is_endless":false,"potions_floor_spawned":[2,8,10],"ascension_level":0}