{"gold_per_floor":[116,76,89,105,121,121,150,166,189,256,256,266,266,287,287,287],"floor_reached":16,"playtime":1699,"items_purged":[],"score":203,"play_id":"ee458d76-b60f-43ce-8621-68473837cc4d","local_time":"20190330093631","is_ascension_mode":true,"campfire_choices":[{"data":"Bash","floor":6,"key":"SMITH"},{"data":"Anger","floor":11,"key":"SMITH"},{"data":"True Grit","floor":15,"key":"SMITH"}],"neow_cost":"NONE","seed_source_timestamp":1279776477066242,"circlet_count":0,"master_deck":["AscendersBane","Strike_R","Strike_R","Strike_R","Strike_R","Strike_R","Defend_R+1","Defend_R+1","Defend_R","Defend_R","Bash+1","True Grit+1","Anger+1","Cleave","Feel No Pain","Ghostly Armor","Wild Strike"],"relics":["Burning Blood","Boot","Peace Pipe","War Paint","Golden Idol"],"potions_floor_usage":[5,7,7,12],"damage_taken":[{"damage":2,"enemies":"Cultist","floor":1,"turns":4},{"damage":8,"enemies":"2 Louse","floor":3,"turns":3},{"damage":10,"enemies":"Small Slimes","floor":4,"turns":3},{"damage":18,"enemies":"Red Slaver","floor":5,"turns":4},{"damage":6,"enemies":"3 Sentries","floor":7,"turns":15},{"damage":10,"enemies":"3 Louse","floor":8,"turns":3},{"damage":20,"enemies":"Exordium Wildlife","floor":12,"turns":6},{"damage":7,"enemies":"Lots of Slimes","floor":14,"turns":3},{"damage":29,"enemies":"The Guardian","floor":16,"turns":11}],"seed_played":"-7596425292615047558","potions_obtained":[{"floor":2,"key":"LiquidBronze"},{"floor":2,"key":"SkillPotion"},{"floor":5,"key":"Block Potion"},{"floor":8,"key":"Energy Potion"},{"floor":12,"key":"Ancient Potion"}],"is_trial":false,"path_per_floor":["M","?","M","M","M","R","E","M","T","?","R","M","?","M","R","B"],"character_chosen":"IRONCLAD","items_purchased":[],"campfire_rested":0,"item_purchase_floors":[],"current_hp_per_floor":[72,72,70,66,54,54,54,50,50,50,50,36,36,35,35,6],"gold":287,"neow_bonus":"RANDOM_COMMON_RELIC","is_prod":false,"is_daily":false,"chose_seed":false,"campfire_upgraded":3,"win_rate":0,"timestamp":1553963791,"path_taken":["M","?","M","M","?","R","E","M","T","?","R","M","?","M","R","BOSS"],"build_version":"2019-01-23","purchased_purges":0,"victory":false,"max_hp_per_floor":[75,75,75,75,75,75,75,75,75,75,75,75,68,68,68,68],"card_choices":[{"not_picked":["Body Slam","Armaments"],"picked":"True Grit","floor":1},{"not_picked":["Iron Wave","Second Wind"],"picked":"Anger","floor":3},{"not_picked":["Pommel Strike","Warcry"],"picked":"Cleave","floor":4},{"not_picked":["Shrug It Off","Bludgeon"],"picked":"Feel No Pain","floor":5},{"not_picked":["Dual Wield","Blood for Blood","Perfected Strike"],"picked":"SKIP","floor":7},{"not_picked":["Perfected Strike","Havoc","Armaments"],"picked":"SKIP","floor":8},{"not_picked":["Body Slam","Perfected Strike"],"picked":"Ghostly Armor","floor":12},{"not_picked":["Sword Boomerang","Dropkick"],"picked":"Wild Strike","floor":14}],"player_experience":780817,"relics_obtained":[{"floor":7,"key":"Peace Pipe"},{"floor":9,"key":"War Paint"}],"event_choices":[{"damage_healed":0,"gold_gain":0,"player_choice":"Bought 3 Potions","damage_taken":0,"max_hp_gain":0,"max_hp_loss":0,"event_name":"The Woman in Blue","floor":2,"gold_loss":0},{"damage_healed":0,"gold_gain":67,"player_choice":"Gained Gold","damage_taken":0,"max_hp_gain":0,"max_hp_loss":0,"event_name":"Golden Wing","floor":10,"gold_loss":0},{"damage_healed":0,"gold_gain":0,"player_choice":"Lose Max HP","damage_taken":0,"relics_obtained":["Golden Idol"],"max_hp_gain":0,"max_hp_loss":7,"event_name":"Golden Idol","floor":13,"gold_loss":0}],"is_beta":false,"boss_relics":[],"items_purged_floors":[],"is_endless":false,"potions_floor_spawned":[5,8,12],"killed_by":"The Guardian","ascension_level":19}