{"gold_per_floor":[112,129,79,354,368,393,415,440,452,483,454,477,489,15,15,117,117,137,137,62,62,74,74,74,74,120,148,165,191,106,6,6,102,102,122,122,122,222,259,259,314,314,314,350,350,401,42,86,86,111],"floor_reached":50,"playtime":4719,"items_purged":["Regret","Writhe","Strike_R+1"],"score":863,"play_id":"0c2d554e-edcd-4523-adf0-efd8600b2b2a","local_time":"20181223164109","is_ascension_mode":true,"campfire_choices":[{"data":"Burning Pact","floor":13,"key":"SMITH"},{"floor":15,"key":"REST"},{"data":"Rampage","floor":32,"key":"SMITH"},{"floor":40,"key":"RECALL"},{"data":"HandOfGreed","floor":42,"key":"SMITH"},{"floor":45,"key":"REST"},{"floor":49,"key":"REST"}],"neow_cost":"NONE","seed_source_timestamp":9992921655076,"circlet_count":0,"master_deck":["AscendersBane","Strike_R+1","Strike_R+1","Strike_R+1","Defend_R+1","Defend_R+1","Defend_R+1","Defend_R+1","Bash","Shockwave","Burning Pact+1","Shrug It Off","Headbutt","Rampage+1","Master of Strategy","Offering","Necronomicurse","Battle Trance","Dark Embrace+1","HandOfGreed+1","Impervious","Bandage Up","Feel No Pain+1"],"relics":["Burning Blood","NeowsBlessing","MawBank","Oddly Smooth Stone","Letter Opener","Busted Crown","Bag of Preparation","Necronomicon","Dream Catcher","Paper Frog","Frozen Egg 2","Juzu Bracelet","White Beast Statue","Molten Egg 2"],"potions_floor_usage":[6,6,10,12,16,18,33,33,37,41,46,50,50],"damage_taken":[{"damage":0,"enemies":"2 Louse","floor":1,"turns":1},{"damage":0,"enemies":"Jaw Worm","floor":2,"turns":1},{"damage":0,"enemies":"Cultist","floor":5,"turns":1},{"damage":27,"enemies":"Gremlin Nob","floor":6,"turns":4},{"damage":14,"enemies":"Blue Slaver","floor":7,"turns":6},{"damage":24,"enemies":"3 Louse","floor":8,"turns":4},{"damage":11,"enemies":"Large Slime","floor":10,"turns":6},{"damage":10,"enemies":"Blue Slaver","floor":12,"turns":4},{"damage":36,"enemies":"The Guardian","floor":16,"turns":14},{"damage":10,"enemies":"Shell Parasite","floor":18,"turns":4},{"damage":6,"enemies":"3 Byrds","floor":22,"turns":4},{"damage":11,"enemies":"Gremlin Leader","floor":27,"turns":4},{"damage":6,"enemies":"3 Cultists","floor":28,"turns":3},{"damage":16,"enemies":"Book of Stabbing","floor":29,"turns":5},{"damage":35,"enemies":"Champ","floor":33,"turns":10},{"damage":17,"enemies":"3 Darklings","floor":35,"turns":6},{"damage":11,"enemies":"3 Shapes","floor":39,"turns":4},{"damage":18,"enemies":"2 Orb Walkers","floor":41,"turns":4},{"damage":8,"enemies":"Jaw Worm Horde","floor":44,"turns":4},{"damage":28,"enemies":"Giant Head","floor":46,"turns":5},{"damage":19,"enemies":"Maw","floor":48,"turns":6},{"damage":64,"enemies":"Awakened One","floor":50,"turns":7}],"seed_played":"4523732662442741098","potions_obtained":[{"floor":1,"key":"Swift Potion"},{"floor":5,"key":"SkillPotion"},{"floor":7,"key":"GamblersBrew"},{"floor":10,"key":"SkillPotion"},{"floor":16,"key":"Block Potion"},{"floor":18,"key":"Fire Potion"},{"floor":27,"key":"SpeedPotion"},{"floor":28,"key":"EssenceOfSteel"},{"floor":35,"key":"Fruit Juice"},{"floor":39,"key":"Swift Potion"},{"floor":41,"key":"AttackPotion"},{"floor":44,"key":"SpeedPotion"},{"floor":46,"key":"Strength Potion"}],"is_trial":false,"path_per_floor":["M","M","?","?","M","E","M","M","T","M","?","M","R","$","R","B",null,"M","?","$","?","M","?","$","?","T","E","M","E","?","$","R","B",null,"M","?","?","?","M","R","?","R","T","M","R","E","$","M","R","B"],"character_chosen":"IRONCLAD","items_purchased":["Letter Opener","Master of Strategy","Strength Potion","Impervious","Bandage Up"],"campfire_rested":3,"item_purchase_floors":[14,14,14,47,47],"current_hp_per_floor":[78,80,80,80,80,59,51,33,33,28,28,24,24,24,48,18,65,61,61,61,80,80,80,80,64,64,59,59,49,49,49,49,20,65,54,54,59,59,54,54,42,42,42,40,65,43,43,34,59,0],"gold":111,"neow_bonus":"THREE_ENEMY_KILL","is_prod":false,"is_daily":false,"chose_seed":false,"campfire_upgraded":3,"win_rate":0,"timestamp":1545612069,"path_taken":["M","M","?","?","?","E","M","M","T","M","?","M","R","$","R","BOSS","M","?","$","?","M","?","?","?","T","E","M","E","?","?","R","BOSS","M","?","?","?","M","R","?","R","T","M","R","E","$","M","R","BOSS"],"build_version":"2018-12-20","purchased_purges":3,"victory":false,"max_hp_per_floor":[80,80,80,80,80,80,80,80,80,80,80,80,80,80,80,80,80,80,80,80,80,80,80,80,80,80,80,80,80,80,80,80,80,80,80,80,85,85,85,85,85,85,85,85,85,85,85,85,85,85],"card_choices":[{"not_picked":["Second Wind","Havoc"],"picked":"Shockwave","floor":1},{"not_picked":["Combust","Flame Barrier"],"picked":"Inflame","floor":2},{"not_picked":["Headbutt","Clash"],"picked":"Burning Pact","floor":5},{"not_picked":["Havoc","Spot Weakness"],"picked":"Shrug It Off","floor":6},{"not_picked":["Corruption","Rupture"],"picked":"Headbutt","floor":7},{"not_picked":["Shrug It Off","Corruption","Iron Wave"],"picked":"SKIP","floor":8},{"not_picked":["Warcry","Pommel Strike"],"picked":"Rampage","floor":10},{"not_picked":["Iron Wave","Flame Barrier","Rage"],"picked":"SKIP","floor":12},{"not_picked":["Demon Form","Impervious"],"picked":"Offering","floor":16},{"not_picked":["Bloodletting"],"picked":"SKIP","floor":18},{"not_picked":["Thunderclap"],"picked":"SKIP","floor":22},{"not_picked":["Perfected Strike"],"picked":"SKIP","floor":27},{"not_picked":[],"picked":"Battle Trance","floor":28},{"not_picked":["Wild Strike"],"picked":"SKIP","floor":29},{"not_picked":[],"picked":"Dark Embrace+1","floor":33},{"not_picked":["Second Wind+1"],"picked":"SKIP","floor":35},{"not_picked":[],"picked":"HandOfGreed","floor":37},{"not_picked":["Sword Boomerang"],"picked":"SKIP","floor":39},{"not_picked":["Flame Barrier"],"picked":"SKIP","floor":44},{"not_picked":["Shrug It Off"],"picked":"SKIP","floor":46},{"not_picked":[],"picked":"Feel No Pain+1","floor":48}],"player_experience":513298,"relics_obtained":[{"floor":6,"key":"MawBank"},{"floor":9,"key":"Oddly Smooth Stone"},{"floor":25,"key":"Necronomicon"},{"floor":26,"key":"Dream Catcher"},{"floor":27,"key":"Paper Frog"},{"floor":29,"key":"Frozen Egg 2"},{"floor":46,"key":"Molten Egg 2"}],"event_choices":[{"cards_removed":["Strike_R"],"damage_healed":0,"gold_gain":0,"player_choice":"Card Removal","damage_taken":0,"max_hp_gain":0,"max_hp_loss":0,"event_name":"The Cleric","floor":3,"gold_loss":50},{"damage_healed":0,"gold_gain":275,"player_choice":"Desecrate","damage_taken":0,"max_hp_gain":0,"max_hp_loss":0,"event_name":"Golden Shrine","floor":4,"gold_loss":0,"cards_obtained":["Regret"]},{"damage_healed":0,"gold_gain":0,"player_choice":"Left Gold","damage_taken":0,"max_hp_gain":0,"max_hp_loss":0,"event_name":"World of Goop","floor":11,"gold_loss":41},{"damage_healed":0,"gold_gain":0,"player_choice":"Simplicity","damage_taken":0,"max_hp_gain":0,"max_hp_loss":0,"event_name":"Back to Basics","floor":19,"gold_loss":0,"cards_upgraded":["Strike_R","Strike_R","Strike_R","Strike_R","Defend_R","Defend_R","Defend_R","Defend_R"]},{"damage_healed":26,"gold_gain":0,"player_choice":"Heal","damage_taken":0,"max_hp_gain":0,"max_hp_loss":0,"event_name":"The Library","floor":21,"gold_loss":0},{"damage_healed":0,"gold_gain":0,"player_choice":"Opened","damage_taken":0,"relics_obtained":["Bag of Preparation"],"max_hp_gain":0,"max_hp_loss":0,"event_name":"The Mausoleum","floor":23,"gold_loss":0,"cards_obtained":["Writhe"]},{"damage_healed":0,"gold_gain":0,"player_choice":"Obtained Book","damage_taken":16,"max_hp_gain":0,"max_hp_loss":0,"event_name":"Cursed Tome","floor":25,"gold_loss":0},{"damage_healed":0,"gold_gain":0,"player_choice":"Obtained Relic","damage_taken":0,"relics_obtained":["Juzu Bracelet"],"max_hp_gain":0,"max_hp_loss":0,"event_name":"Addict","floor":30,"gold_loss":85},{"cards_removed":["Inflame"],"damage_healed":0,"gold_gain":0,"player_choice":"Removed Power","damage_taken":0,"max_hp_gain":0,"max_hp_loss":0,"event_name":"Falling","floor":36,"gold_loss":0},{"damage_healed":0,"gold_gain":0,"player_choice":"Memory 1","damage_taken":0,"max_hp_gain":0,"max_hp_loss":0,"event_name":"SensoryStone","floor":37,"gold_loss":0},{"damage_healed":0,"gold_gain":100,"player_choice":"Pray","damage_taken":0,"max_hp_gain":0,"max_hp_loss":0,"event_name":"Golden Shrine","floor":38,"gold_loss":0},{"damage_healed":0,"gold_gain":0,"player_choice":"Fight","damage_taken":0,"max_hp_gain":0,"max_hp_loss":0,"event_name":"Mysterious Sphere","floor":41,"gold_loss":0}],"is_beta":false,"boss_relics":[{"not_picked":["Black Star","Cursed Key"],"picked":"Busted Crown"},{"not_picked":["Runic Cube","Snecko Eye"],"picked":"White Beast Statue"}],"items_purged_floors":[20,31,47],"is_endless":false,"potions_floor_spawned":[1,5,7,10,16,18,27,28,29,35,39,41,44,46,48],"killed_by":"Awakened One","ascension_level":12}