{"gold_per_floor":[111,111,18,34,54,87,87,118,144,144,163,176,30,41,41,146,146,163,163,41,41,57,77,77,77,77,106,106,125,159,258,258,357,357,375,24,35,35,0,325,325,12,58,75,75,75,85,117,117,117],"floor_reached":50,"playtime":3254,"items_purged":["Strike_R"],"score":713,"play_id":"736058d9-720a-4574-aee0-952a46274af4","local_time":"20190706153528","is_ascension_mode":true,"campfire_choices":[{"data":"Heavy Blade","floor":7,"key":"SMITH"},{"data":"Uppercut","floor":10,"key":"SMITH"},{"data":"Armaments","floor":15,"key":"SMITH"},{"data":"Carnage","floor":25,"key":"SMITH"},{"data":"Carnage","floor":28,"key":"SMITH"},{"data":"Flame Barrier","floor":32,"key":"SMITH"},{"data":"Defend_R","floor":41,"key":"SMITH"},{"floor":46,"key":"REST"},{"floor":49,"key":"REST"}],"neow_cost":"NONE","seed_source_timestamp":1795488757961400,"circlet_count":0,"master_deck":["Strike_R","Strike_R","Strike_R","Defend_R","Defend_R","Defend_R","Defend_R+1","Bash","Uppercut+1","Enlightenment","Carnage+1","Heavy Blade+1","Intimidate","Armaments+1","Juggernaut","Dropkick","Necronomicurse","Headbutt","Carnage+1","Warcry","Metallicize","Flame Barrier+1","Rampage+1","Bludgeon+1","Ghostly Armor","Injury","Iron Wave+1","Shrug It Off+1"],"relics":["Burning Blood","Dream Catcher","Red Skull","Regal Pillow","Orichalcum","Cursed Key","Necronomicon","MutagenicStrength","Molten Egg 2","Boot","Strawberry","Empty Cage","Kunai","Red Mask","Old Coin","Mercury Hourglass","Oddly Smooth Stone","Pen Nib"],"potions_floor_usage":[6,12,12,30,33,37,40,50],"damage_taken":[{"damage":0,"enemies":"Small Slimes","floor":1,"turns":3},{"damage":6,"enemies":"Jaw Worm","floor":4,"turns":3},{"damage":5,"enemies":"2 Louse","floor":5,"turns":2},{"damage":8,"enemies":"Gremlin Nob","floor":6,"turns":3},{"damage":45,"enemies":"3 Sentries","floor":8,"turns":8},{"damage":5,"enemies":"Large Slime","floor":11,"turns":6},{"damage":6,"enemies":"Exordium Wildlife","floor":12,"turns":4},{"damage":6,"enemies":"Lots of Slimes","floor":14,"turns":3},{"damage":8,"enemies":"Hexaghost","floor":16,"turns":7},{"damage":7,"enemies":"2 Thieves","floor":18,"turns":3},{"damage":2,"enemies":"Chosen","floor":22,"turns":2},{"damage":14,"enemies":"Snake Plant","floor":23,"turns":2},{"damage":9,"enemies":"Book of Stabbing","floor":27,"turns":3},{"damage":9,"enemies":"Snecko","floor":29,"turns":3},{"damage":18,"enemies":"Gremlin Leader","floor":30,"turns":3},{"damage":35,"enemies":"Collector","floor":33,"turns":4},{"damage":2,"enemies":"Orb Walker","floor":35,"turns":2},{"damage":11,"enemies":"3 Darklings","floor":37,"turns":5},{"damage":36,"enemies":"Nemesis","floor":40,"turns":5},{"damage":48,"enemies":"Transient","floor":44,"turns":5},{"damage":20,"enemies":"Sphere and 2 Shapes","floor":47,"turns":4},{"damage":38,"enemies":"Reptomancer","floor":48,"turns":4},{"damage":80,"enemies":"Awakened One","floor":50,"turns":7}],"seed_played":"4696064424087292882","potions_obtained":[{"floor":4,"key":"Fire Potion"},{"floor":8,"key":"SpeedPotion"},{"floor":11,"key":"Energy Potion"},{"floor":16,"key":"Weak Potion"},{"floor":23,"key":"GamblersBrew"},{"floor":27,"key":"SteroidPotion"},{"floor":30,"key":"Swift Potion"},{"floor":35,"key":"Poison Potion"},{"floor":48,"key":"FearPotion"}],"is_trial":false,"path_per_floor":["M","?","$","M","M","E","R","E","T","R","M","M","$","M","R","B",null,"M","?","$","?","M","M","$","R","T","E","R","M","E","?","R","B",null,"M","$","M","?","?","E","R","$","T","M","?","R","M","E","R","B"],"character_chosen":"IRONCLAD","items_purchased":["Enlightenment","Orichalcum","Headbutt","Kunai","FairyPotion","Mercury Hourglass","Ghostly Armor"],"campfire_rested":2,"item_purchase_floors":[3,13,20,36,36,42,42],"current_hp_per_floor":[88,88,88,88,88,86,86,47,47,47,48,48,48,48,48,46,88,87,71,71,71,75,67,67,67,67,64,64,61,56,56,56,27,95,95,95,90,90,90,60,60,60,60,18,18,60,46,14,56,0],"gold":117,"neow_bonus":"TEN_PERCENT_HP_BONUS","is_prod":false,"is_daily":false,"chose_seed":false,"campfire_upgraded":7,"win_rate":0,"timestamp":1562452528,"path_taken":["M","?","$","M","M","E","R","E","T","R","M","M","$","M","R","BOSS","M","?","$","?","M","M","?","R","T","E","R","M","E","?","R","BOSS","M","$","M","?","?","E","R","$","T","M","?","R","M","E","R","BOSS"],"build_version":"2019-07-05","purchased_purges":1,"victory":false,"max_hp_per_floor":[88,88,88,88,88,88,88,88,88,88,88,88,88,88,88,88,88,88,88,88,88,88,88,88,88,88,88,88,88,95,95,95,95,95,95,95,95,90,90,90,90,90,90,90,90,90,90,90,90,90],"card_choices":[{"not_picked":["True Grit","Sword Boomerang"],"picked":"Uppercut","floor":1},{"not_picked":["Whirlwind","Burning Pact"],"picked":"Carnage","floor":4},{"not_picked":["Armaments","Shrug It Off"],"picked":"Heavy Blade","floor":5},{"not_picked":["Iron Wave","Combust"],"picked":"Intimidate","floor":6},{"not_picked":["Dark Embrace","Havoc","Clash"],"picked":"SKIP","floor":8},{"not_picked":["Battle Trance","Iron Wave","Perfected Strike"],"picked":"SKIP","floor":11},{"not_picked":["Feel No Pain","True Grit","Heavy Blade"],"picked":"SKIP","floor":12},{"not_picked":["Searing Blow","Hemokinesis"],"picked":"Armaments","floor":14},{"not_picked":["Berserk","Immolate"],"picked":"Juggernaut","floor":16},{"not_picked":["Twin Strike","Clothesline"],"picked":"Dropkick","floor":18},{"not_picked":["Iron Wave","Pummel"],"picked":"Carnage","floor":22},{"not_picked":["Thunderclap","Flex+1"],"picked":"Warcry","floor":23},{"not_picked":["Uppercut+1","Battle Trance+1"],"picked":"Metallicize","floor":27},{"not_picked":["Anger+1","Dropkick+1"],"picked":"Flame Barrier","floor":29},{"not_picked":["Clothesline+1","Iron Wave+1"],"picked":"Rampage+1","floor":30},{"not_picked":["Brutality","Feed+1"],"picked":"Bludgeon+1","floor":33},{"not_picked":["Cleave+1","Inflame","Havoc+1"],"picked":"SKIP","floor":35},{"not_picked":["Heavy Blade+1","Sentinel+1","Pummel+1"],"picked":"SKIP","floor":37},{"not_picked":["Warcry","Spot Weakness","Immolate+1"],"picked":"SKIP","floor":40},{"not_picked":["Headbutt+1","Pommel Strike+1"],"picked":"Iron Wave+1","floor":44},{"not_picked":["Wild Strike+1","Body Slam+1","Inflame+1"],"picked":"SKIP","floor":47},{"not_picked":["Spot Weakness+1","Metallicize+1","Anger+1"],"picked":"SKIP","floor":48},{"not_picked":["Rupture","Entrench+1"],"picked":"Shrug It Off+1","floor":49}],"player_experience":612034,"relics_obtained":[{"floor":6,"key":"Dream Catcher"},{"floor":8,"key":"Red Skull"},{"floor":9,"key":"Regal Pillow"},{"floor":19,"key":"Necronomicon"},{"floor":26,"key":"Molten Egg 2"},{"floor":27,"key":"Boot"},{"floor":30,"key":"Strawberry"},{"floor":40,"key":"Old Coin"},{"floor":43,"key":"Oddly Smooth Stone"},{"floor":48,"key":"Pen Nib"}],"event_choices":[{"damage_healed":0,"gold_gain":0,"player_choice":"Leave","damage_taken":0,"max_hp_gain":0,"max_hp_loss":0,"event_name":"The Cleric","floor":2,"gold_loss":0},{"damage_healed":0,"gold_gain":0,"player_choice":"Obtained Book","damage_taken":16,"max_hp_gain":0,"max_hp_loss":0,"event_name":"Cursed Tome","floor":19,"gold_loss":0},{"damage_healed":0,"gold_gain":0,"player_choice":"Inject Mutagens","damage_taken":0,"relics_obtained":["MutagenicStrength"],"max_hp_gain":0,"max_hp_loss":0,"event_name":"Drug Dealer","floor":21,"gold_loss":0},{"damage_healed":0,"gold_gain":99,"player_choice":"Stole From Cult","damage_taken":0,"max_hp_gain":0,"max_hp_loss":0,"event_name":"Nest","floor":31,"gold_loss":0},{"damage_healed":0,"gold_gain":0,"player_choice":"Max HP","damage_taken":0,"max_hp_gain":0,"max_hp_loss":5,"event_name":"Winding Halls","floor":38,"gold_loss":0},{"damage_healed":0,"gold_gain":0,"player_choice":"Paid","damage_taken":0,"relics_obtained":["Red Mask"],"max_hp_gain":0,"max_hp_loss":0,"event_name":"Tomb of Lord Red Mask","floor":39,"gold_loss":35},{"damage_healed":0,"gold_gain":0,"player_choice":"Ignored","damage_taken":0,"max_hp_gain":0,"max_hp_loss":0,"event_name":"The Moai Head","floor":45,"gold_loss":0}],"is_beta":false,"boss_relics":[{"not_picked":["Tiny House","Eternal Feather"],"picked":"Cursed Key"},{"not_picked":["Mark of Pain","Sozu"],"picked":"Empty Cage"}],"items_purged_floors":[20],"is_endless":false,"potions_floor_spawned":[4,8,11,16,23,27,30,35,48],"killed_by":"Awakened One","ascension_level":4}