{"gold_per_floor":[118,132,144,8,8,8,8,8,31,31,55,55,55],"floor_reached":13,"playtime":282,"items_purged":[],"score":84,"play_id":"cc54b1bc-bbf5-422c-b470-0e44f988afd0","local_time":"20190705103426","is_ascension_mode":true,"campfire_choices":[{"data":"Barricade","floor":6,"key":"SMITH"}],"neow_cost":"NONE","seed_source_timestamp":1415987386417289,"circlet_count":0,"master_deck":["Strike_R","Strike_R","Strike_R","Strike_R","Strike_R","Defend_R","Defend_R","Defend_R+1","Defend_R+1","Bash","True Grit","Body Slam","Body Slam","Barricade+1","Infernal Blade"],"relics":["Burning Blood","NeowsBlessing","Golden Idol","Juzu Bracelet","NlothsMask"],"potions_floor_usage":[13],"damage_taken":[{"damage":0,"enemies":"Cultist","floor":1,"turns":1},{"damage":0,"enemies":"Small Slimes","floor":2,"turns":1},{"damage":0,"enemies":"Jaw Worm","floor":3,"turns":1},{"damage":0,"enemies":"Exordium Wildlife","floor":11,"turns":4},{"damage":66,"enemies":"Lagavulin","floor":13,"turns":9}],"seed_played":"5177025604680710581","potions_obtained":[{"floor":3,"key":"Swift Potion"}],"is_trial":false,"path_per_floor":["M","M","M","$","?","R","?","$","T","$","M","?","E"],"character_chosen":"IRONCLAD","items_purchased":["Barricade"],"campfire_rested":0,"item_purchase_floors":[4],"current_hp_per_floor":[80,80,80,80,60,60,44,44,44,44,50,50,0],"gold":55,"neow_bonus":"THREE_ENEMY_KILL","is_prod":false,"is_daily":false,"chose_seed":false,"campfire_upgraded":1,"win_rate":0,"timestamp":1562348066,"path_taken":["M","?","M","$","?","R","?","$","T","?","M","?","E"],"build_version":"2019-07-01","purchased_purges":0,"victory":false,"max_hp_per_floor":[80,80,80,80,80,80,80,80,80,80,80,80,80],"card_choices":[{"not_picked":["Headbutt","Heavy Blade"],"picked":"True Grit","floor":1},{"not_picked":["Pommel Strike","Twin Strike"],"picked":"Body Slam","floor":2},{"not_picked":["Blood for Blood","Wild Strike"],"picked":"Body Slam","floor":3},{"not_picked":["Fire Breathing","Rupture"],"picked":"Infernal Blade","floor":11}],"player_experience":238545,"relics_obtained":[{"floor":9,"key":"Juzu Bracelet"}],"event_choices":[{"damage_healed":0,"gold_gain":0,"player_choice":"Take Damage","damage_taken":20,"relics_obtained":["Golden Idol"],"max_hp_gain":0,"max_hp_loss":0,"event_name":"Golden Idol","floor":5,"gold_loss":0},{"damage_healed":0,"gold_gain":0,"player_choice":"Entered Light","damage_taken":16,"max_hp_gain":0,"max_hp_loss":0,"event_name":"Shining Light","floor":7,"gold_loss":0,"cards_upgraded":["Defend_R","Defend_R"]},{"damage_healed":0,"gold_gain":0,"player_choice":"Trade","damage_taken":0,"relics_obtained":["NlothsMask"],"max_hp_gain":0,"max_hp_loss":0,"event_name":"FaceTrader","floor":12,"gold_loss":0}],"is_beta":false,"boss_relics":[],"items_purged_floors":[],"is_endless":false,"potions_floor_spawned":[3],"killed_by":"Lagavulin","ascension_level":3}