{"gold_per_floor":[109,109,109,129,129,156,156,173,196,119,119,138,158,169,169,271,321,337,337,350,363,382,382,412,412,412,437,454,468,488,488],"floor_reached":31,"playtime":3167,"items_purged":[],"score":331,"play_id":"1bb855d1-62e4-42dd-bfe1-1dfa7c9ba803","local_time":"20190130153349","is_ascension_mode":false,"campfire_choices":[{"data":"Noxious Fumes","floor":7.0,"key":"SMITH"},{"data":"Bane","floor":11.0,"key":"SMITH"},{"floor":15.0,"key":"REST"},{"floor":23,"key":"REST"},{"floor":25,"key":"REST"}],"neow_cost":"NONE","seed_source_timestamp":0,"circlet_count":0,"master_deck":["Defend_G","Defend_G","Defend_G","Defend_G","Strike_G","Strike_G","Strike_G","Strike_G","Survivor","Neutralize","Noxious Fumes+1","Dagger Throw","Quick Slash","Bane+1","Dodge and Roll","Flying Knee+1","Catalyst","PiercingWail","After Image","Venomology","PiercingWail","Blade Dance+1","Iron Wave","Riddle With Holes","Backflip","Heel Hook+1","Flying Knee","Dagger Spray+1","Leg Sweep","Outmaneuver"],"special_seed":0,"relics":["Ring of the Snake","NeowsBlessing","Centennial Puzzle","Matryoshka","PreservedInsect","Ancient Tea Set","Tiny House","Strawberry","Boot","Gambling Chip","Ornamental Fan"],"potions_floor_usage":[18,20,21,22,22,22,24,27,29,30,30],"damage_taken":[{"damage":0.0,"enemies":"Small Slimes","floor":1.0,"turns":1.0},{"damage":0.0,"enemies":"Jaw Worm","floor":4.0,"turns":1.0},{"damage":0.0,"enemies":"3 Sentries","floor":6.0,"turns":1.0},{"damage":1.0,"enemies":"2 Louse","floor":8.0,"turns":2.0},{"damage":3.0,"enemies":"Exordium Thugs","floor":12.0,"turns":4.0},{"damage":0.0,"enemies":"Looter","floor":13.0,"turns":3.0},{"damage":0.0,"enemies":"Red Slaver","floor":14.0,"turns":3.0},{"damage":2.0,"enemies":"Slime Boss","floor":16.0,"turns":7.0},{"damage":6,"enemies":"Shell Parasite","floor":18,"turns":8},{"damage":10,"enemies":"2 Thieves","floor":20,"turns":5},{"damage":14,"enemies":"3 Cultists","floor":21,"turns":6},{"damage":35,"enemies":"Cultist and Chosen","floor":22,"turns":6},{"damage":21,"enemies":"Slavers","floor":24,"turns":6},{"damage":13,"enemies":"Book of Stabbing","floor":27,"turns":5},{"damage":12,"enemies":"Snake Plant","floor":28,"turns":5},{"damage":36,"enemies":"3 Cultists","floor":29,"turns":7},{"damage":3,"enemies":"Snecko","floor":30,"turns":7},{"damage":8,"enemies":"Gremlin Leader","floor":31,"turns":2}],"seed_played":"3480352151373251009","potions_obtained":[{"floor":1.0,"key":"Fire Potion"},{"floor":6.0,"key":"AttackPotion"},{"floor":12.0,"key":"LiquidBronze"},{"floor":16.0,"key":"SteroidPotion"},{"floor":17,"key":"Fruit Juice"},{"floor":18,"key":"Swift Potion"},{"floor":21,"key":"Poison Potion"},{"floor":22,"key":"Fire Potion"},{"floor":29,"key":"SkillPotion"}],"is_trial":false,"path_per_floor":["M","?","?","M","?","E","R","M","T","$","R","M","M","M","R","B",null,"M","?","M","M","M","R","E","R","T","E","M","M","M","E"],"character_chosen":"THE_SILENT","items_purchased":["Dodge and Roll","Flying Knee"],"campfire_rested":3,"item_purchase_floors":[10,10],"current_hp_per_floor":[70,75,50,50,50,50,50,49,49,49,49,46,46,46,68,66,80,79,79,69,55,20,45,31,58,58,57,45,9,6,0],"gold":488,"neow_bonus":"THREE_ENEMY_KILL","is_prod":false,"is_daily":false,"chose_seed":false,"campfire_upgraded":2,"win_rate":0.0,"timestamp":1548862429,"path_taken":["M","?","?","M","?","E","R","M","T","$","R","M","M","?","R","BOSS","M","?","?","M","M","R","E","R","T","E","M","M","?","E"],"build_version":"2019-01-23","purchased_purges":0,"victory":false,"max_hp_per_floor":[70,75,75,75,75,75,75,75,75,75,75,75,75,75,75,75,80,85,85,85,85,85,85,92,92,92,92,92,92,92,92],"card_choices":[{"not_picked":["Infinite Blades","Crippling Poison"],"picked":"Noxious Fumes","floor":1.0},{"not_picked":["Deadly Poison","Sucker Punch"],"picked":"Dagger Throw","floor":4.0},{"not_picked":["Backflip","Phantasmal Killer"],"picked":"Quick Slash","floor":6.0},{"not_picked":["Slice","Underhanded Strike"],"picked":"Bane","floor":8.0},{"not_picked":["Acrobatics","Endless Agony"],"picked":"Catalyst","floor":12.0},{"not_picked":["Eviscerate","Slice"],"picked":"PiercingWail","floor":13.0},{"not_picked":["Deadly Poison","Distraction"],"picked":"After Image","floor":14.0},{"not_picked":["Bullet Time","Tools of the Trade"],"picked":"Venomology","floor":16.0},{"not_picked":["Terror","Sucker Punch"],"picked":"PiercingWail","floor":17},{"not_picked":["Dagger Throw","Heel Hook"],"picked":"Blade Dance+1","floor":18},{"not_picked":["Outmaneuver","Blade Dance"],"picked":"Riddle With Holes","floor":20},{"not_picked":["Dodge and Roll","Night Terror"],"picked":"Backflip","floor":21},{"not_picked":["Bouncing Flask","Well Laid Plans"],"picked":"Heel Hook+1","floor":22},{"not_picked":["Bane","Tools of the Trade"],"picked":"Flying Knee","floor":24},{"not_picked":["Quick Slash","Blade Dance","Backflip"],"picked":"SKIP","floor":27},{"not_picked":["Caltrops","Deflect"],"picked":"Dagger Spray+1","floor":28},{"not_picked":["Quick Slash","Slice"],"picked":"Leg Sweep","floor":29},{"not_picked":["Underhanded Strike+1","Dagger Spray"],"picked":"Outmaneuver","floor":30}],"player_experience":50298,"relics_obtained":[{"floor":6.0,"key":"Matryoshka"},{"floor":9.0,"key":"PreservedInsect"},{"floor":9.0,"key":"Ancient Tea Set"},{"floor":24,"key":"Strawberry"},{"floor":26,"key":"Boot"},{"floor":26,"key":"Gambling Chip"},{"floor":27,"key":"Ornamental Fan"}],"event_choices":[{"damage_healed":0.0,"max_hp_gain":5.0,"max_hp_loss":0.0,"gold_gain":0.0,"event_name":"Big Fish","player_choice":"Donut","floor":2.0,"gold_loss":0.0,"damage_taken":0.0},{"damage_healed":0.0,"max_hp_gain":0.0,"max_hp_loss":0.0,"gold_gain":0.0,"event_name":"Scrap Ooze","player_choice":"Success","floor":3.0,"gold_loss":0.0,"damage_taken":25.0,"relics_obtained":["Centennial Puzzle"]},{"cards_removed":["Strike_G"],"damage_healed":0.0,"max_hp_gain":0.0,"max_hp_loss":0.0,"gold_gain":0.0,"event_name":"Purifier","player_choice":"Purged","floor":5.0,"gold_loss":0.0,"damage_taken":0.0},{"cards_removed":["Defend_G"],"damage_healed":0,"gold_gain":0,"player_choice":"Took Card","damage_taken":0,"max_hp_gain":0,"max_hp_loss":0,"event_name":"NoteForYourself","floor":19,"gold_loss":0,"cards_obtained":["Iron Wave"]}],"is_beta":false,"boss_relics":[{"not_picked":["WristBlade","Busted Crown"],"picked":"Tiny House"}],"items_purged_floors":[],"is_endless":false,"potions_floor_spawned":[1,6,12,16,18,21,22,29],"killed_by":"Gremlin Leader","ascension_level":0}