{"gold_per_floor":[116,169,188,263,276,308,319,319,401,401,401,419,434,447,447,549,549,561,46,64,80,91,120,120,120,144,144,157,157,175,188,188,188],"floor_reached":33,"playtime":2851,"items_purged":[],"score":298,"play_id":"85156f4d-acc0-4717-9a85-5de2485dbf6a","local_time":"20190608211946","is_ascension_mode":false,"campfire_choices":[{"floor":8,"key":"REST"},{"floor":11,"key":"REST"},{"floor":15,"key":"REST"},{"floor":24,"key":"REST"},{"floor":27,"key":"REST"},{"floor":32,"key":"REST"}],"neow_cost":"NONE","seed_source_timestamp":24006132745672,"circlet_count":0,"master_deck":["Strike_R","Strike_R","Strike_R","Strike_R","Strike_R","Defend_R","Defend_R","Defend_R","Defend_R","Bash","Rage","Inflame","Dark Embrace","Anger","Shrug It Off","Cleave","Heavy Blade","Searing Blow","Barricade","Twin Strike","Pommel Strike","Pommel Strike","Iron Wave","Armaments","Anger+1","Cleave+1","Armaments","Heavy Blade+1","Flex+1","Pummel+1","Body Slam+1","Pain","Impervious","Entrench+1","Heavy Blade+1"],"relics":["Fusion Hammer","Vajra","Centennial Puzzle","Bottled Flame","Orrery","Molten Egg 2","Bag of Marbles","Darkstone Periapt","WarpedTongs","Juzu Bracelet"],"potions_floor_usage":[16,18,21,31,31,31,33],"damage_taken":[{"damage":0,"enemies":"Cultist","floor":1,"turns":4},{"damage":1,"enemies":"Jaw Worm","floor":3,"turns":3},{"damage":2,"enemies":"2 Louse","floor":5,"turns":2},{"damage":23,"enemies":"3 Sentries","floor":6,"turns":8},{"damage":12,"enemies":"Gremlin Gang","floor":7,"turns":4},{"damage":8,"enemies":"Lots of Slimes","floor":12,"turns":5},{"damage":2,"enemies":"Blue Slaver","floor":13,"turns":3},{"damage":0,"enemies":"Large Slime","floor":14,"turns":4},{"damage":10,"enemies":"Slime Boss","floor":16,"turns":7},{"damage":20,"enemies":"2 Thieves","floor":18,"turns":4},{"damage":24,"enemies":"3 Byrds","floor":20,"turns":6},{"damage":10,"enemies":"Snecko","floor":21,"turns":4},{"damage":11,"enemies":"Centurion and Healer","floor":22,"turns":5},{"damage":5,"enemies":"Gremlin Leader","floor":23,"turns":6},{"damage":5,"enemies":"Chosen and Byrds","floor":28,"turns":6},{"damage":21,"enemies":"3 Cultists","floor":30,"turns":4},{"damage":21,"enemies":"Centurion and Healer","floor":31,"turns":4},{"damage":54,"enemies":"Automaton","floor":33,"turns":6}],"seed_played":"-2427708317849513422","potions_obtained":[{"floor":1,"key":"AttackPotion"},{"floor":6,"key":"Block Potion"},{"floor":12,"key":"AttackPotion"},{"floor":14,"key":"Ancient Potion"},{"floor":18,"key":"FearPotion"},{"floor":22,"key":"Block Potion"},{"floor":28,"key":"SkillPotion"},{"floor":31,"key":"Poison Potion"}],"is_trial":false,"path_per_floor":["M","T","M","?","M","E","M","R","T","?","R","M","M","M","R","B",null,"M","$","M","M","M","E","R","?","T","R","M","?","M","M","R","B"],"character_chosen":"IRONCLAD","items_purchased":["Molten Egg 2","Anger+1","Cleave+1","Bag of Marbles","Armaments"],"campfire_rested":6,"item_purchase_floors":[19,19,19,19,19],"current_hp_per_floor":[80,80,79,68,66,43,31,55,55,55,79,71,69,69,80,70,80,60,60,36,26,15,10,34,40,40,65,60,60,39,18,43,0],"gold":188,"neow_bonus":"BOSS_RELIC","is_prod":false,"is_daily":false,"chose_seed":false,"campfire_upgraded":0,"win_rate":0.0,"timestamp":1560046786,"path_taken":["M","?","M","?","M","E","M","R","T","?","R","M","M","M","R","BOSS","M","$","M","M","M","E","R","?","T","R","M","?","M","M","R","BOSS"],"build_version":"2019-01-23","purchased_purges":0,"victory":false,"max_hp_per_floor":[80,80,80,80,80,80,80,80,80,80,80,80,80,80,80,80,80,80,80,80,80,80,80,80,86,86,86,86,86,86,86,86,86],"card_choices":[{"not_picked":["Sentinel","Cleave"],"picked":"Rage","floor":1},{"not_picked":["Headbutt","Spot Weakness"],"picked":"Inflame","floor":3},{"not_picked":["Warcry","Bloodletting"],"picked":"Dark Embrace","floor":5},{"not_picked":["True Grit","Uppercut"],"picked":"Anger","floor":6},{"not_picked":["Headbutt","Dropkick"],"picked":"Shrug It Off","floor":7},{"not_picked":["Thunderclap","Offering"],"picked":"Cleave","floor":12},{"not_picked":["Second Wind","Uppercut"],"picked":"Heavy Blade","floor":13},{"not_picked":["Evolve","True Grit"],"picked":"Searing Blow","floor":14},{"not_picked":["Bludgeon","Limit Break"],"picked":"Barricade","floor":16},{"not_picked":["Feel No Pain","Headbutt"],"picked":"Twin Strike","floor":17},{"not_picked":["Second Wind","True Grit"],"picked":"Pommel Strike","floor":17},{"not_picked":["Headbutt","Exhume"],"picked":"Pommel Strike","floor":17},{"not_picked":["Burning Pact","True Grit"],"picked":"Iron Wave","floor":17},{"not_picked":["Headbutt","Spot Weakness+1"],"picked":"Armaments","floor":18},{"not_picked":["Power Through","Wild Strike+1"],"picked":"Heavy Blade+1","floor":20},{"not_picked":["Twin Strike+1","Iron Wave+1"],"picked":"Flex+1","floor":21},{"not_picked":["Battle Trance","Clash+1"],"picked":"Pummel+1","floor":22},{"not_picked":["Clash+1","Pummel+1"],"picked":"Body Slam+1","floor":23},{"not_picked":["Shrug It Off","Thunderclap+1"],"picked":"Impervious","floor":28},{"not_picked":["Perfected Strike+1","Havoc+1"],"picked":"Entrench+1","floor":30},{"not_picked":["Sword Boomerang+1","Armaments"],"picked":"Heavy Blade+1","floor":31}],"player_experience":73527,"relics_obtained":[{"floor":2,"key":"Vajra"},{"floor":6,"key":"Centennial Puzzle"},{"floor":9,"key":"Bottled Flame"},{"floor":23,"key":"Darkstone Periapt"},{"floor":26,"key":"Juzu Bracelet"}],"event_choices":[{"damage_healed":0,"gold_gain":75,"player_choice":"Gather Gold","damage_taken":11,"max_hp_gain":0,"max_hp_loss":0,"event_name":"World of Goop","floor":4,"gold_loss":0},{"damage_healed":0,"gold_gain":0,"player_choice":"Ignored","damage_taken":0,"max_hp_gain":0,"max_hp_loss":0,"event_name":"Golden Wing","floor":10,"gold_loss":0},{"damage_healed":0,"gold_gain":0,"player_choice":"Rummage","damage_taken":0,"relics_obtained":["WarpedTongs"],"max_hp_gain":0,"max_hp_loss":0,"event_name":"Accursed Blacksmith","floor":25,"gold_loss":0,"cards_obtained":["Pain"]},{"damage_healed":0,"gold_gain":0,"player_choice":"Bought 0 Potions","damage_taken":0,"max_hp_gain":0,"max_hp_loss":0,"event_name":"The Woman in Blue","floor":29,"gold_loss":0}],"is_beta":false,"boss_relics":[{"not_picked":["Snecko Eye","Ectoplasm"],"picked":"Orrery"}],"items_purged_floors":[],"is_endless":false,"potions_floor_spawned":[1,6,12,14,18,22,28,31],"killed_by":"Automaton","ascension_level":0}