{"gold_per_floor":[116,10,29,41,41,41,61,61,85,98,108,183,183,217,217,290,290,300,139,155,165,178,212,212,223,248,248,281,281,281,312,312,312],"floor_reached":33,"playtime":2017,"items_purged":["Strike_B"],"score":488,"play_id":"26df7695-83d9-4f10-8151-a5d9b74302e8","local_time":"20190713113414","is_ascension_mode":true,"campfire_choices":[{"data":"Genetic Algorithm","floor":6.0,"key":"SMITH"},{"data":"Zap","floor":8.0,"key":"SMITH"},{"data":"Sunder","floor":15.0,"key":"SMITH"},{"data":"Go for the Eyes","floor":24,"key":"SMITH"},{"floor":27,"key":"REST"},{"data":"Defragment","floor":30,"key":"SMITH"},{"floor":32,"key":"REST"}],"neow_cost":"NONE","seed_source_timestamp":0,"circlet_count":0,"master_deck":["AscendersBane","Defend_B+1","Defend_B+1","Defend_B+1","Defend_B+1","Zap+1","Dualcast","Genetic Algorithm+1","Self Repair","Sunder+1","Coolheaded","Conserve Battery","Steam","FTL","Echo Form","All For One+1","Stack+1","Turbo+1","Streamline","Flash of Steel","Defragment+1","Go for the Eyes+1","Beam Cell","Hologram","Beam Cell"],"special_seed":0,"relics":["Cracked Core","NeowsBlessing","Orichalcum","Lantern","Potion Belt","Astrolabe","Torii","Boot","Meat on the Bone","Red Mask"],"potions_floor_usage":[23,28,31,33],"damage_taken":[{"damage":0.0,"enemies":"Cultist","floor":1.0,"turns":1.0},{"damage":0.0,"enemies":"Small Slimes","floor":3.0,"turns":1.0},{"damage":0.0,"enemies":"2 Louse","floor":4.0,"turns":1.0},{"damage":9.0,"enemies":"Blue Slaver","floor":7.0,"turns":5.0},{"damage":7.0,"enemies":"Exordium Wildlife","floor":10.0,"turns":5.0},{"damage":0.0,"enemies":"2 Fungi Beasts","floor":11.0,"turns":4.0},{"damage":16.0,"enemies":"Gremlin Nob","floor":14.0,"turns":5.0},{"damage":43.0,"enemies":"Hexaghost","floor":16.0,"turns":14.0},{"damage":7.0,"enemies":"Shell Parasite","floor":18.0,"turns":6.0},{"damage":0.0,"enemies":"Chosen","floor":20.0,"turns":5.0},{"damage":5.0,"enemies":"Shelled Parasite and Fungi","floor":21.0,"turns":7.0},{"damage":15,"enemies":"3 Cultists","floor":22,"turns":5},{"damage":37,"enemies":"Slavers","floor":23,"turns":7},{"damage":13,"enemies":"Sentry and Sphere","floor":25,"turns":5},{"damage":36,"enemies":"Gremlin Leader","floor":28,"turns":7},{"damage":36,"enemies":"Masked Bandits","floor":31,"turns":4},{"damage":58,"enemies":"Collector","floor":33,"turns":6}],"seed_played":"1930658806765481906","potions_obtained":[{"floor":1.0,"key":"SpeedPotion"},{"floor":10.0,"key":"Regen Potion"},{"floor":14.0,"key":"SteroidPotion"},{"floor":18.0,"key":"FocusPotion"},{"floor":21.0,"key":"Energy Potion"},{"floor":22,"key":"LiquidBronze"},{"floor":28,"key":"Regen Potion"}],"is_trial":false,"path_per_floor":["M","$","M","M","?","R","M","R","T","M","M","?","T","E","R","B",null,"M","$","M","M","M","E","R","M","T","R","E","?","R","?","R","B"],"character_chosen":"DEFECT","items_purchased":["Self Repair","Sunder","Flash of Steel"],"campfire_rested":2,"item_purchase_floors":[2,2,19],"current_hp_per_floor":[64,64,71,71,71,71,69,69,69,69,71,60,60,51,51,15,57,64,64,71,71,63,40,40,34,34,55,40,40,40,35,56,0],"gold":312,"neow_bonus":"THREE_ENEMY_KILL","is_prod":false,"is_daily":false,"chose_seed":false,"campfire_upgraded":5,"win_rate":0,"timestamp":1562988854,"path_taken":["M","$","M","?","?","R","M","R","T","M","M","?","?","E","R","BOSS","M","$","M","M","M","E","R","M","T","R","E","?","R","?","R","BOSS"],"build_version":"2019-07-05","purchased_purges":1,"victory":false,"max_hp_per_floor":[71,71,71,71,71,71,71,71,71,71,71,71,71,71,71,71,71,71,71,71,71,71,71,71,71,71,71,71,71,71,71,71,71],"card_choices":[{"not_picked":["Conserve Battery","Turbo"],"picked":"Genetic Algorithm","floor":1.0},{"not_picked":["Ball Lightning","Barrage"],"picked":"Coolheaded","floor":3.0},{"not_picked":["Redo","Fusion","Multi-Cast"],"picked":"SKIP","floor":4.0},{"not_picked":["Sweeping Beam","Go for the Eyes"],"picked":"Conserve Battery","floor":7.0},{"not_picked":["Streamline","Stack"],"picked":"Steam","floor":10.0},{"not_picked":["Cold Snap","Coolheaded"],"picked":"FTL","floor":11.0},{"not_picked":["Genetic Algorithm","Consume","Fusion"],"picked":"SKIP","floor":14.0},{"not_picked":["Amplify","Seek"],"picked":"Echo Form","floor":16.0},{"not_picked":["Rebound","Turbo"],"picked":"Streamline","floor":18.0},{"not_picked":["Fusion","Blizzard","Stack"],"picked":"SKIP","floor":20.0},{"not_picked":["Reprogram","Chill"],"picked":"Defragment","floor":21.0},{"not_picked":["Leap","FTL"],"picked":"Go for the Eyes","floor":22},{"not_picked":["Hologram","Cold Snap"],"picked":"Beam Cell","floor":23},{"not_picked":["Barrage","Turbo"],"picked":"Hologram","floor":25},{"not_picked":["Rip and Tear","Ball Lightning","Storm"],"picked":"SKIP","floor":28},{"not_picked":["Compile Driver","Conserve Battery"],"picked":"Beam Cell","floor":31}],"player_experience":842885,"relics_obtained":[{"floor":9.0,"key":"Orichalcum"},{"floor":13.0,"key":"Lantern"},{"floor":14.0,"key":"Potion Belt"},{"floor":23,"key":"Torii"},{"floor":26,"key":"Boot"},{"floor":28,"key":"Meat on the Bone"},{"floor":31,"key":"Red Mask"}],"event_choices":[{"damage_healed":0.0,"max_hp_gain":0.0,"max_hp_loss":0.0,"gold_gain":0.0,"event_name":"The Cleric","player_choice":"Leave","floor":5.0,"gold_loss":0.0,"damage_taken":0.0},{"damage_healed":0.0,"max_hp_gain":0.0,"max_hp_loss":0.0,"gold_gain":75.0,"event_name":"World of Goop","player_choice":"Gather Gold","floor":12.0,"gold_loss":0.0,"damage_taken":11.0},{"damage_healed":0,"gold_gain":0,"player_choice":"Simplicity","damage_taken":0,"max_hp_gain":0,"max_hp_loss":0,"event_name":"Back to Basics","floor":29,"gold_loss":0,"cards_upgraded":["Defend_B","Defend_B","Defend_B","Defend_B"]},{"damage_healed":0,"gold_gain":0,"player_choice":"Fought Bandits","damage_taken":0,"max_hp_gain":0,"max_hp_loss":0,"event_name":"Masked Bandits","floor":31,"gold_loss":0}],"is_beta":false,"boss_relics":[{"not_picked":["Coffee Dripper","Black Star"],"picked":"Astrolabe"}],"items_purged_floors":[19],"is_endless":false,"potions_floor_spawned":[1,10,14,18,21,22,28],"killed_by":"Collector","ascension_level":14}