{"gold_per_floor":[112,112,129,304,36,36,71,71,71,71,102,102,129,153,165,177],"floor_reached":16,"playtime":603,"items_purged":["Doubt"],"score":226,"play_id":"6eaa268a-362f-4d7e-9db7-c4656ca9998d","local_time":"20181223003943","is_ascension_mode":true,"campfire_choices":[{"data":"Iron Wave","floor":6,"key":"SMITH"},{"data":"Limit Break","floor":12,"key":"SMITH"},{"floor":15,"key":"REST"}],"neow_cost":"NONE","seed_source_timestamp":3496863475424889,"circlet_count":0,"master_deck":["AscendersBane","Strike_R","Strike_R","Strike_R","Strike_R","Defend_R+1","Defend_R","Defend_R+1","Defend_R","Bash","Evolve","Iron Wave+1","Battle Trance","Limit Break+1","Cleave"],"relics":["Burning Blood","NeowsBlessing","War Paint","Juzu Bracelet","The Courier","Frozen Egg 2","Strawberry","Unceasing Top","MawBank"],"potions_floor_usage":[11,14],"damage_taken":[{"damage":0,"enemies":"Small Slimes","floor":1,"turns":1},{"damage":0,"enemies":"Jaw Worm","floor":3,"turns":2},{"damage":0,"enemies":"Gremlin Nob","floor":7,"turns":1},{"damage":33,"enemies":"Lagavulin","floor":11,"turns":7},{"damage":48,"enemies":"Gremlin Nob","floor":13,"turns":5},{"damage":2,"enemies":"2 Louse","floor":14,"turns":2},{"damage":27,"enemies":"Slime Boss","floor":16,"turns":9}],"seed_played":"6957057754577855766","potions_obtained":[{"floor":1,"key":"PowerPotion"},{"floor":11,"key":"LiquidBronze"}],"is_trial":false,"path_per_floor":["M","?","M","?","$","R","E","?","T","T","E","R","E","M","R","B"],"character_chosen":"IRONCLAD","items_purchased":["Juzu Bracelet","Explosive Potion"],"campfire_rested":1,"item_purchase_floors":[5,5],"current_hp_per_floor":[78,71,77,77,77,77,80,73,73,80,53,53,11,15,41,14],"gold":177,"neow_bonus":"THREE_ENEMY_KILL","is_prod":false,"is_daily":false,"chose_seed":false,"campfire_upgraded":2,"win_rate":0,"timestamp":1545554383,"path_taken":["M","?","M","?","$","R","E","?","T","?","E","R","E","M","R","BOSS"],"build_version":"2018-12-20","purchased_purges":1,"victory":false,"max_hp_per_floor":[80,80,80,80,80,80,80,80,80,87,87,87,87,87,87,87],"card_choices":[{"not_picked":["Thunderclap","Armaments"],"picked":"Evolve","floor":1},{"not_picked":["Clothesline","Body Slam"],"picked":"Iron Wave","floor":3},{"not_picked":["Heavy Blade","Iron Wave"],"picked":"Battle Trance","floor":7},{"not_picked":["Seeing Red","Power Through"],"picked":"Limit Break","floor":11},{"not_picked":["Twin Strike","Metallicize+1","True Grit"],"picked":"SKIP","floor":13},{"not_picked":["Perfected Strike","Heavy Blade"],"picked":"Cleave","floor":14}],"player_experience":509910,"relics_obtained":[{"floor":7,"key":"The Courier"},{"floor":9,"key":"Frozen Egg 2"},{"floor":10,"key":"Strawberry"},{"floor":11,"key":"Unceasing Top"},{"floor":13,"key":"MawBank"}],"event_choices":[{"damage_healed":0,"gold_gain":0,"player_choice":"Success","damage_taken":7,"relics_obtained":["War Paint"],"max_hp_gain":0,"max_hp_loss":0,"event_name":"Scrap Ooze","floor":2,"gold_loss":0},{"damage_healed":0,"gold_gain":175,"player_choice":"AGREE","damage_taken":0,"max_hp_gain":0,"max_hp_loss":0,"event_name":"Liars Game","floor":4,"gold_loss":0,"cards_obtained":["Doubt"]},{"cards_removed":["Strike_R"],"damage_healed":0,"gold_gain":0,"player_choice":"Card Removal","damage_taken":7,"max_hp_gain":0,"max_hp_loss":0,"event_name":"Golden Wing","floor":8,"gold_loss":0}],"is_beta":false,"boss_relics":[],"items_purged_floors":[5],"is_endless":false,"potions_floor_spawned":[1,11],"killed_by":"Slime Boss","ascension_level":12}