{"gold_per_floor":[118,118,133,144,144,144,187,187,187,66,101,125,143,293,293,387,387,410,410,410,423,438,471,177,221,221,235,266,266,391,431,431,524,524,539,554,577,577,627,661,673,704,716,77,77,77,95,138,138,138,138,138,43,78,78],"floor_reached":55,"playtime":5808,"items_purged":["Doubt","Strike_G+1"],"score":1743,"play_id":"1623314c-a999-4b38-bdd0-65cbd8db65f0","local_time":"20190617210329","is_ascension_mode":true,"campfire_choices":[{"data":"After Image","floor":6,"key":"SMITH"},{"floor":8,"key":"REST"},{"data":"Dagger Spray","floor":15,"key":"SMITH"},{"floor":29,"key":"REST"},{"data":"After Image","floor":32,"key":"SMITH"},{"data":"Sucker Punch","floor":41,"key":"SMITH"},{"data":"Choke","floor":45,"key":"SMITH"},{"floor":49,"key":"RECALL"},{"data":"Prepared","floor":52,"key":"SMITH"}],"neow_cost":"NONE","seed_source_timestamp":2710832781932986,"circlet_count":0,"master_deck":["AscendersBane","Defend_G+1","Defend_G+1","Defend_G+1","Defend_G+1","Defend_G+1","Strike_G+1","Strike_G+1","Survivor","Neutralize","Choke+1","After Image+1","Crippling Poison","Bouncing Flask","Flying Knee","Dagger Spray+1","Backflip","Acrobatics","Choke","Night Terror+1","Prepared","Backflip","Sucker Punch+1","Underhanded Strike+1","Prepared+1","Backflip","Outmaneuver+1","Flying Knee+1","After Image+1","Acrobatics+1","Night Terror","Night Terror","Crippling Poison","Predator+1","Backflip","Quick Slash+1","Outmaneuver+1","Dagger Throw+1","Caltrops+1"],"relics":["Sozu","Golden Idol","Ninja Scroll","Meat on the Bone","Bottled Lightning","Snecko Eye","Dodecahedron","Oddly Smooth Stone","Molten Egg 2","Question Card","WingedGreaves","FossilizedHelix","The Courier","Blue Candle","Empty Cage","MawBank","Pantograph","Sling","Strawberry","War Paint","Smiling Mask","Vajra"],"potions_floor_usage":[],"damage_taken":[{"damage":3,"enemies":"Small Slimes","floor":1,"turns":5},{"damage":0,"enemies":"Cultist","floor":3,"turns":4},{"damage":4,"enemies":"Jaw Worm","floor":4,"turns":4},{"damage":32,"enemies":"Gremlin Nob","floor":7,"turns":5},{"damage":18,"enemies":"Lagavulin","floor":11,"turns":5},{"damage":0,"enemies":"2 Fungi Beasts","floor":12,"turns":3},{"damage":0,"enemies":"Blue Slaver","floor":13,"turns":2},{"damage":26,"enemies":"Slime Boss","floor":16,"turns":9},{"damage":0,"enemies":"3 Byrds","floor":18,"turns":3},{"damage":0,"enemies":"Spheric Guardian","floor":21,"turns":3},{"damage":0,"enemies":"Snecko","floor":22,"turns":3},{"damage":49,"enemies":"Slavers","floor":23,"turns":7},{"damage":12,"enemies":"Book of Stabbing","floor":25,"turns":6},{"damage":0,"enemies":"Centurion and Healer","floor":27,"turns":5},{"damage":19,"enemies":"Slavers","floor":28,"turns":3},{"damage":0,"enemies":"Colosseum Slavers","floor":30,"turns":4},{"damage":0,"enemies":"Colosseum Nobs","floor":30,"turns":3},{"damage":0,"enemies":"Gremlin Leader","floor":31,"turns":4},{"damage":0,"enemies":"Automaton","floor":33,"turns":11},{"damage":12,"enemies":"Orb Walker","floor":35,"turns":3},{"damage":6,"enemies":"3 Darklings","floor":36,"turns":4},{"damage":30,"enemies":"Jaw Worm Horde","floor":37,"turns":6},{"damage":0,"enemies":"Reptomancer","floor":40,"turns":5},{"damage":15,"enemies":"4 Shapes","floor":42,"turns":5},{"damage":0,"enemies":"Sphere and 2 Shapes","floor":47,"turns":5},{"damage":0,"enemies":"Nemesis","floor":48,"turns":3},{"damage":19,"enemies":"Awakened One","floor":50,"turns":13},{"damage":14,"enemies":"Shield and Spear","floor":54,"turns":5},{"damage":68,"enemies":"The Heart","floor":55,"turns":9}],"seed_played":"-3824203844463196578","potions_obtained":[],"is_trial":false,"path_per_floor":["M","?","M","M","?","R","E","R","T","$","E","M","M","?","R","B",null,"M","?","?","M","M","E","$","E","T","M","E","R","?","E","R","B",null,"M","M","M","?","?","E","R","M","T","$","R","T","M","E","R","B",null,"R","$","E","B"],"character_chosen":"THE_SILENT","items_purchased":["Dagger Spray","Dramatic Entrance","Oddly Smooth Stone","Backflip","Pantograph","Sling","Strawberry","War Paint","Dagger Throw+1"],"campfire_rested":2,"item_purchase_floors":[10,10,24,24,44,44,44,44,53],"current_hp_per_floor":[56,56,56,52,52,52,20,38,38,38,32,32,32,32,32,18,50,50,50,50,50,50,13,13,13,13,25,18,36,36,36,36,36,54,42,36,18,18,18,30,30,27,27,34,34,34,34,34,34,40,60,60,60,46,0],"gold":78,"neow_bonus":"BOSS_RELIC","is_prod":false,"is_daily":false,"chose_seed":false,"campfire_upgraded":6,"win_rate":0,"timestamp":1560830609,"path_taken":["M","?","?","M","?","R","E","R","T","$","E","M","M","?","R","BOSS","M","?","?","?","?","E","?","E","T","M","E","R","?","E","R","BOSS","M","M","M","?","?","E","R","?","T","?","R","?","?","E","R","BOSS","R","$","E","BOSS"],"build_version":"2019-01-23","purchased_purges":2,"victory":false,"max_hp_per_floor":[66,66,66,66,60,60,60,60,60,60,60,60,60,60,60,60,60,60,60,60,60,60,60,60,60,60,60,60,60,60,60,60,60,60,60,60,60,60,60,60,60,60,60,67,67,67,67,67,67,67,67,67,67,67,67],"card_choices":[{"not_picked":["Reflex","Underhanded Strike"],"picked":"Choke","floor":1},{"not_picked":["Dagger Throw","Leg Sweep"],"picked":"Crippling Poison","floor":3},{"not_picked":["Blade Dance","Quick Slash"],"picked":"Bouncing Flask","floor":4},{"not_picked":["Slice","Tactician"],"picked":"Flying Knee","floor":7},{"not_picked":["Acrobatics","Dodge and Roll"],"picked":"Backflip","floor":11},{"not_picked":["Deflect","Unload"],"picked":"Acrobatics","floor":12},{"not_picked":["Calculated Gamble","Blur"],"picked":"Choke","floor":13},{"not_picked":["Storm of Steel","Glass Knife"],"picked":"Night Terror","floor":16},{"not_picked":["Deflect","Distraction"],"picked":"Prepared","floor":18},{"not_picked":["Cloak And Dagger+1","Flying Knee"],"picked":"Sucker Punch","floor":21},{"not_picked":["Skewer","Unload"],"picked":"Underhanded Strike+1","floor":22},{"not_picked":["Underhanded Strike","Heel Hook"],"picked":"Prepared","floor":23},{"not_picked":["Infinite Blades","Noxious Fumes"],"picked":"Outmaneuver+1","floor":25},{"not_picked":["Choke+1","Blade Dance","Terror"],"picked":"Flying Knee+1","floor":27},{"not_picked":["Dagger Throw+1","Bane+1","Expertise"],"picked":"After Image","floor":28},{"not_picked":["Dash+1","Concentrate","Deadly Poison+1"],"picked":"Acrobatics","floor":30},{"not_picked":["Caltrops","PiercingWail","Skewer+1"],"picked":"Night Terror","floor":31},{"not_picked":["Malaise","Bullet Time","Corpse Explosion"],"picked":"Night Terror","floor":33},{"not_picked":["Concentrate","Predator+1","Deflect"],"picked":"Crippling Poison","floor":35},{"not_picked":["Blade Dance+1","Eviscerate+1","Deflect"],"picked":"Predator+1","floor":36},{"not_picked":["Sucker Punch+1","Cloak And Dagger+1","Outmaneuver"],"picked":"Backflip","floor":37},{"not_picked":["Die Die Die+1","Well Laid Plans","Quick Slash+1","Outmaneuver"],"picked":"SKIP","floor":40},{"not_picked":["Die Die Die+1","Well Laid Plans","Outmaneuver"],"picked":"Quick Slash+1","floor":40},{"not_picked":["Finisher+1","Infinite Blades+1","Poisoned Stab+1","Dagger Spray+1"],"picked":"SKIP","floor":42},{"not_picked":["Well Laid Plans+1","Cloak And Dagger+1","Dagger Throw+1"],"picked":"Outmaneuver+1","floor":47},{"not_picked":["Skewer+1","Escape Plan","Slice+1","Poisoned Stab+1"],"picked":"SKIP","floor":48},{"not_picked":["Dagger Throw+1","Tactician","Underhanded Strike+1"],"picked":"Caltrops+1","floor":54}],"player_experience":1265713,"relics_obtained":[{"floor":7,"key":"Ninja Scroll"},{"floor":9,"key":"Meat on the Bone"},{"floor":11,"key":"Bottled Lightning"},{"floor":23,"key":"Dodecahedron"},{"floor":25,"key":"Molten Egg 2"},{"floor":26,"key":"Question Card"},{"floor":28,"key":"WingedGreaves"},{"floor":30,"key":"FossilizedHelix"},{"floor":30,"key":"The Courier"},{"floor":31,"key":"Blue Candle"},{"floor":40,"key":"MawBank"},{"floor":46,"key":"Smiling Mask"},{"floor":54,"key":"Vajra"}],"event_choices":[{"damage_healed":0,"gold_gain":0,"cards_transformed":["Strike_G"],"player_choice":"Transformed","damage_taken":0,"max_hp_gain":0,"max_hp_loss":0,"event_name":"Transmorgrifier","floor":2,"gold_loss":0,"cards_obtained":["After Image"]},{"damage_healed":0,"gold_gain":0,"player_choice":"Lose Max HP","damage_taken":0,"relics_obtained":["Golden Idol"],"max_hp_gain":0,"max_hp_loss":6,"event_name":"Golden Idol","floor":5,"gold_loss":0},{"damage_healed":0,"gold_gain":150,"player_choice":"AGREE","damage_taken":0,"max_hp_gain":0,"max_hp_loss":0,"event_name":"Liars Game","floor":14,"gold_loss":0,"cards_obtained":["Doubt"]},{"damage_healed":0,"gold_gain":0,"player_choice":"Read","damage_taken":0,"max_hp_gain":0,"max_hp_loss":0,"event_name":"The Library","floor":19,"gold_loss":0,"cards_obtained":["Backflip"]},{"damage_healed":0,"gold_gain":0,"player_choice":"Simplicity","damage_taken":0,"max_hp_gain":0,"max_hp_loss":0,"event_name":"Back to Basics","floor":20,"gold_loss":0,"cards_upgraded":["Defend_G","Defend_G","Defend_G","Defend_G","Defend_G","Strike_G","Strike_G","Strike_G","Strike_G"]},{"damage_healed":0,"gold_gain":0,"player_choice":"Fight","damage_taken":0,"max_hp_gain":0,"max_hp_loss":0,"event_name":"Colosseum","floor":30,"gold_loss":0},{"damage_healed":0,"gold_gain":0,"player_choice":"Fought Nobs","damage_taken":0,"max_hp_gain":0,"max_hp_loss":0,"event_name":"Colosseum","floor":30,"gold_loss":0},{"damage_healed":0,"gold_gain":0,"player_choice":"Ignored","damage_taken":0,"max_hp_gain":0,"max_hp_loss":0,"event_name":"Tomb of Lord Red Mask","floor":38,"gold_loss":0},{"damage_healed":0,"gold_gain":50,"player_choice":"Pray","damage_taken":0,"max_hp_gain":0,"max_hp_loss":0,"event_name":"Golden Shrine","floor":39,"gold_loss":0}],"is_beta":false,"boss_relics":[{"not_picked":["WristBlade","Busted Crown"],"picked":"Snecko Eye"},{"not_picked":["Black Star","Velvet Choker"],"picked":"Empty Cage"}],"items_purged_floors":[24,53],"is_endless":false,"potions_floor_spawned":[1,11,13,21,22,23,31,36,37,42,47,54],"killed_by":"The Heart","ascension_level":17}