{"gold_per_floor":[111,111,36,55,55,55,69,89,89,108,108,122,122,134,134,236,236,256,271,282,34,34,34,45,45,45,56,56,72,72,72,72,72],"floor_reached":33,"playtime":2157,"items_purged":["Decay"],"score":266,"play_id":"3a57aad4-66f0-4e61-80f7-39d711e7a8af","local_time":"20190623235819","is_ascension_mode":false,"campfire_choices":[{"data":"Blade Dance","floor":6,"key":"SMITH"},{"floor":15,"key":"REST"},{"floor":23,"key":"REST"},{"floor":25,"key":"REST"},{"floor":28,"key":"REST"},{"floor":30,"key":"REST"},{"data":"Poisoned Stab","floor":32,"key":"SMITH"}],"neow_cost":"CURSE","seed_source_timestamp":489773348199726,"circlet_count":0,"master_deck":["Defend_G","Defend_G","Defend_G","Defend_G","Defend_G","Strike_G","Strike_G","Strike_G","Strike_G","Survivor","Neutralize","Blade Dance+1","Caltrops+1","Dagger Spray","All Out Attack","Poisoned Stab+1","Dagger Spray","Deadly Poison","Bullet Time","Poisoned Stab+1","Riddle With Holes+1","Outmaneuver","Shame","Poisoned Stab","Dagger Spray+1","Underhanded Strike+1"],"relics":["Ring of the Snake","Frozen Egg 2","Pen Nib","Blue Candle","White Beast Statue","Meat on the Bone","Lantern","Molten Egg 2","MutagenicStrength"],"potions_floor_usage":[8,16,24,33,33,33],"damage_taken":[{"damage":10,"enemies":"2 Louse","floor":1,"turns":4},{"damage":0,"enemies":"Jaw Worm","floor":4,"turns":6},{"damage":1,"enemies":"Cultist","floor":7,"turns":4},{"damage":5,"enemies":"Looter","floor":8,"turns":4},{"damage":3,"enemies":"Lots of Slimes","floor":10,"turns":2},{"damage":11,"enemies":"2 Fungi Beasts","floor":12,"turns":3},{"damage":0,"enemies":"Gremlin Gang","floor":14,"turns":1},{"damage":56,"enemies":"The Guardian","floor":16,"turns":13},{"damage":31,"enemies":"Spheric Guardian","floor":18,"turns":5},{"damage":16,"enemies":"Shell Parasite","floor":19,"turns":5},{"damage":39,"enemies":"Shelled Parasite and Fungi","floor":20,"turns":7},{"damage":22,"enemies":"Sentry and Sphere","floor":24,"turns":5},{"damage":24,"enemies":"Snake Plant","floor":27,"turns":3},{"damage":28,"enemies":"Centurion and Healer","floor":29,"turns":8},{"damage":87,"enemies":"Champ","floor":33,"turns":8}],"seed_played":"3184927246075718859","potions_obtained":[{"floor":7,"key":"Fruit Juice"},{"floor":14,"key":"Block Potion"},{"floor":18,"key":"Swift Potion"},{"floor":19,"key":"GhostInAJar"},{"floor":20,"key":"Strength Potion"},{"floor":24,"key":"Ancient Potion"},{"floor":27,"key":"GamblersBrew"},{"floor":29,"key":"FearPotion"}],"is_trial":false,"path_per_floor":["M","?","$","M","T","R","M","M","T","M","$","M","?","M","R","B",null,"M","M","M","$","?","R","M","R","T","M","R","M","R","?","R","B"],"character_chosen":"THE_SILENT","items_purchased":["Meat on the Bone"],"campfire_rested":5,"item_purchase_floors":[21],"current_hp_per_floor":[74,56,56,56,56,56,55,55,55,52,52,41,41,41,67,11,89,58,42,3,3,3,29,19,45,45,33,59,43,69,69,69,0],"gold":72,"neow_bonus":"TWENTY_PERCENT_HP_BONUS","is_prod":false,"is_daily":false,"chose_seed":false,"campfire_upgraded":2,"win_rate":0.0,"timestamp":1561352299,"path_taken":["M","?","$","M","?","R","M","M","T","M","$","M","?","M","R","BOSS","M","M","M","$","?","R","M","R","T","M","R","M","R","?","R","BOSS"],"build_version":"2019-01-23","purchased_purges":1,"victory":false,"max_hp_per_floor":[84,84,84,84,84,84,84,89,89,89,89,89,89,89,89,89,89,89,89,89,89,89,89,89,89,89,89,89,89,89,89,89,89],"card_choices":[{"not_picked":["Expertise","Dagger Throw"],"picked":"Blade Dance","floor":1},{"not_picked":["Crippling Poison","Slice"],"picked":"Caltrops+1","floor":4},{"not_picked":["Riddle With Holes","Flying Knee"],"picked":"Dagger Spray","floor":7},{"not_picked":["Dagger Throw","PiercingWail"],"picked":"All Out Attack","floor":8},{"not_picked":["Deflect","Flying Knee"],"picked":"Poisoned Stab","floor":10},{"not_picked":["Underhanded Strike","Sucker Punch"],"picked":"Dagger Spray","floor":12},{"not_picked":["Reflex","Dodge and Roll"],"picked":"Deadly Poison","floor":14},{"not_picked":["Unload","Glass Knife"],"picked":"Bullet Time","floor":16},{"not_picked":["PiercingWail+1","Bouncing Flask"],"picked":"Poisoned Stab+1","floor":18},{"not_picked":["Expertise","Sucker Punch"],"picked":"Riddle With Holes+1","floor":19},{"not_picked":["Deflect","Poisoned Stab"],"picked":"Outmaneuver","floor":20},{"not_picked":["Outmaneuver","PiercingWail"],"picked":"Poisoned Stab","floor":24},{"not_picked":["Venomology","Bane+1"],"picked":"Dagger Spray+1","floor":27},{"not_picked":["Blade Dance","Slice+1"],"picked":"Underhanded Strike+1","floor":29}],"player_experience":159674,"relics_obtained":[{"floor":5,"key":"Pen Nib"},{"floor":9,"key":"Blue Candle"},{"floor":26,"key":"Molten Egg 2"}],"event_choices":[{"damage_healed":0,"gold_gain":0,"player_choice":"Success","damage_taken":18,"relics_obtained":["Frozen Egg 2"],"max_hp_gain":0,"max_hp_loss":0,"event_name":"Scrap Ooze","floor":2,"gold_loss":0},{"cards_removed":["Strike_G"],"damage_healed":0,"gold_gain":0,"player_choice":"Purged","damage_taken":0,"max_hp_gain":0,"max_hp_loss":0,"event_name":"Purifier","floor":13,"gold_loss":0},{"damage_healed":0,"gold_gain":0,"player_choice":"Stole Relic","damage_taken":0,"relics_obtained":["Lantern"],"max_hp_gain":0,"max_hp_loss":0,"event_name":"Addict","floor":22,"gold_loss":0,"cards_obtained":["Shame"]},{"damage_healed":0,"gold_gain":0,"player_choice":"Inject Mutagens","damage_taken":0,"relics_obtained":["MutagenicStrength"],"max_hp_gain":0,"max_hp_loss":0,"event_name":"Drug Dealer","floor":31,"gold_loss":0}],"is_beta":false,"boss_relics":[{"not_picked":["Cursed Key","Snecko Eye"],"picked":"White Beast Statue"}],"items_purged_floors":[3],"is_endless":false,"potions_floor_spawned":[7,10,14,18,19,20,24,27,29],"killed_by":"Champ","ascension_level":0}