{"gold_per_floor":[111,111,10,23,23,23,52,52,52,71,102,177,177,210,210,307,307,324,338,50,50],"floor_reached":21,"playtime":653,"items_purged":[],"score":242,"play_id":"db25b071-cc5e-437c-9775-4ba4bfa227c9","local_time":"20190624162610","is_ascension_mode":true,"campfire_choices":[{"data":"Capacitor","floor":6,"key":"SMITH"},{"data":"Conserve Battery","floor":8,"key":"SMITH"},{"data":"Conserve Battery","floor":15,"key":"SMITH"}],"neow_cost":"NONE","seed_source_timestamp":486322027630105,"circlet_count":0,"master_deck":["Strike_B+1","Strike_B","Strike_B+1","Defend_B","Defend_B","Defend_B","Defend_B","Zap","Dualcast","Cold Snap","Coolheaded","Capacitor+1","Ball Lightning","Conserve Battery+1","Conserve Battery+1","Capacitor","Echo Form","Melter"],"relics":["Cracked Core","NeowsBlessing","Bottled Tornado","Ornamental Fan","Smiling Mask","Dodecahedron","Inserter","DataDisk","Omamori"],"potions_floor_usage":[11,16],"damage_taken":[{"damage":0,"enemies":"Jaw Worm","floor":1,"turns":1},{"damage":0,"enemies":"2 Louse","floor":4,"turns":1},{"damage":0,"enemies":"Lagavulin","floor":7,"turns":1},{"damage":6,"enemies":"Small Slimes","floor":10,"turns":3},{"damage":4,"enemies":"Gremlin Nob","floor":11,"turns":3},{"damage":9,"enemies":"Lagavulin","floor":14,"turns":6},{"damage":21,"enemies":"Slime Boss","floor":16,"turns":9},{"damage":9,"enemies":"Spheric Guardian","floor":18,"turns":6},{"damage":45,"enemies":"Chosen","floor":19,"turns":7},{"damage":22,"enemies":"3 Cultists","floor":21,"turns":3}],"seed_played":"-5969643334503249108","potions_obtained":[{"floor":1,"key":"AttackPotion"},{"floor":4,"key":"GamblersBrew"},{"floor":11,"key":"Poison Potion"},{"floor":14,"key":"Explosive Potion"}],"is_trial":false,"path_per_floor":["M","?","$","M","$","R","E","R","T","M","E","?","?","E","R","B",null,"M","M","$","M"],"character_chosen":"DEFECT","items_purchased":["Coolheaded","Capacitor","DataDisk","Omamori"],"campfire_rested":0,"item_purchase_floors":[3,3,20,20],"current_hp_per_floor":[75,60,60,60,60,60,60,60,60,54,50,39,32,23,23,2,75,66,21,21,0],"gold":50,"neow_bonus":"THREE_ENEMY_KILL","is_prod":false,"is_daily":false,"chose_seed":false,"campfire_upgraded":3,"win_rate":0,"timestamp":1561418770,"path_taken":["M","?","$","M","$","R","E","R","T","M","E","?","?","E","R","BOSS","M","M","$","M"],"build_version":"2019-01-23","purchased_purges":0,"victory":false,"max_hp_per_floor":[75,75,75,75,75,75,75,75,75,75,75,75,75,75,75,75,75,75,75,75,75],"card_choices":[{"not_picked":["Hologram","Stack"],"picked":"Cold Snap","floor":1},{"not_picked":["Turbo","Gash"],"picked":"Ball Lightning","floor":4},{"not_picked":["BootSequence","Static Discharge"],"picked":"Conserve Battery","floor":7},{"not_picked":["Beam Cell","Stack"],"picked":"Conserve Battery","floor":10},{"not_picked":["Rebound","Hologram","Gash"],"picked":"SKIP","floor":11},{"not_picked":["Hyperbeam","Steam Power"],"picked":"Capacitor","floor":14},{"not_picked":["Meteor Strike","Amplify"],"picked":"Echo Form","floor":16},{"not_picked":["Hello World","Lockon+1"],"picked":"Melter","floor":18},{"not_picked":["Fusion","Beam Cell","Go for the Eyes+1"],"picked":"SKIP","floor":19}],"player_experience":216012,"relics_obtained":[{"floor":7,"key":"Bottled Tornado"},{"floor":9,"key":"Ornamental Fan"},{"floor":11,"key":"Smiling Mask"},{"floor":14,"key":"Dodecahedron"}],"event_choices":[{"damage_healed":0,"gold_gain":0,"player_choice":"Entered Light","damage_taken":15,"max_hp_gain":0,"max_hp_loss":0,"event_name":"Shining Light","floor":2,"gold_loss":0,"cards_upgraded":["Strike_B","Strike_B"]},{"damage_healed":0,"gold_gain":75,"player_choice":"Gather Gold","damage_taken":11,"max_hp_gain":0,"max_hp_loss":0,"event_name":"World of Goop","floor":12,"gold_loss":0},{"cards_removed":["Strike_B"],"damage_healed":0,"gold_gain":0,"player_choice":"Card Removal","damage_taken":7,"max_hp_gain":0,"max_hp_loss":0,"event_name":"Golden Wing","floor":13,"gold_loss":0}],"is_beta":false,"boss_relics":[{"not_picked":["White Beast Statue","Empty Cage"],"picked":"Inserter"}],"items_purged_floors":[],"is_endless":false,"potions_floor_spawned":[1,4,11,14],"killed_by":"3 Cultists","ascension_level":2}