{"gold_per_floor":[115,115,92,92,112,112,130,130,200,233,233,73,91,122,122,243,243,257,75,90,105,25,25,25,39,39,39],"floor_reached":27,"playtime":1244,"items_purged":["Normality","Shame"],"score":315,"play_id":"cbe7566f-84fd-480e-a01d-1efddbc87f81","local_time":"20190707123648","is_ascension_mode":true,"campfire_choices":[{"data":"Rampage","floor":6,"key":"SMITH"},{"data":"Whirlwind","floor":8,"key":"SMITH"},{"data":"Clothesline","floor":15,"key":"SMITH"},{"floor":23,"key":"REST"}],"neow_cost":"NONE","seed_source_timestamp":1595167038462069,"circlet_count":0,"master_deck":["Strike_R","Strike_R","Strike_R","Strike_R","Defend_R","Defend_R","Defend_R","Defend_R","Bash+1","Rampage+1","Clothesline+1","Shrug It Off","Whirlwind+1","Inflame","Clash","Battle Trance","Reaper","Injury","Clothesline","Shrug It Off","Infernal Blade+1"],"relics":["Burning Blood","Letter Opener","Golden Idol","The Courier","Mango","Darkstone Periapt","ClockworkSouvenir","Bag of Preparation","Calling Bell","Boot","Kunai","Ice Cream","Happy Flower","Red Skull"],"potions_floor_usage":[16,16,27],"damage_taken":[{"damage":1,"enemies":"Cultist","floor":1,"turns":3},{"damage":7,"enemies":"Jaw Worm","floor":5,"turns":4},{"damage":0,"enemies":"2 Louse","floor":7,"turns":2},{"damage":28,"enemies":"Gremlin Nob","floor":10,"turns":4},{"damage":4,"enemies":"Red Slaver","floor":13,"turns":4},{"damage":29,"enemies":"Lagavulin","floor":14,"turns":7},{"damage":38,"enemies":"Hexaghost","floor":16,"turns":11},{"damage":17,"enemies":"Chosen","floor":18,"turns":6},{"damage":30,"enemies":"Spheric Guardian","floor":20,"turns":5},{"damage":74,"enemies":"Shelled Parasite and Fungi","floor":21,"turns":10},{"damage":18,"enemies":"Chosen and Byrds","floor":25,"turns":5},{"damage":61,"enemies":"Slavers","floor":27,"turns":3}],"seed_played":"-9049687987595829556","potions_obtained":[{"floor":7,"key":"Regen Potion"},{"floor":13,"key":"LiquidBronze"},{"floor":18,"key":"SpeedPotion"},{"floor":25,"key":"BloodPotion"}],"is_trial":false,"path_per_floor":["M","T","$","?","M","R","M","R","T","E","T","$","M","E","R","B",null,"M","$","M","M","$","R","?","M","T","E"],"character_chosen":"IRONCLAD","items_purchased":["Clothesline","ClockworkSouvenir","Happy Flower"],"campfire_rested":1,"item_purchase_floors":[3,12,19],"current_hp_per_floor":[80,80,80,60,59,59,65,65,65,57,57,57,59,36,36,13,112,101,101,77,9,9,42,42,30,30,0],"gold":39,"neow_bonus":"UPGRADE_CARD","is_prod":false,"is_daily":false,"chose_seed":false,"campfire_upgraded":3,"win_rate":0,"timestamp":1562528208,"path_taken":["M","?","?","?","M","R","?","R","T","E","?","?","M","E","R","BOSS","M","$","M","M","$","R","?","?","T","E"],"build_version":"2019-07-05","purchased_purges":2,"victory":false,"max_hp_per_floor":[80,80,80,80,80,80,80,80,80,94,94,94,94,94,94,94,112,112,112,112,112,112,112,112,112,112,112],"card_choices":[{"not_picked":["Body Slam","Sword Boomerang"],"picked":"Rampage","floor":1},{"not_picked":["Entrench","Rupture"],"picked":"Shrug It Off","floor":5},{"not_picked":["True Grit","Clash"],"picked":"Whirlwind","floor":7},{"not_picked":["Power Through","Warcry"],"picked":"Inflame","floor":10},{"not_picked":["Sword Boomerang","Sever Soul"],"picked":"Clash","floor":13},{"not_picked":["Reckless Charge","Combust"],"picked":"Battle Trance","floor":14},{"not_picked":["Double Tap","Barricade"],"picked":"Reaper","floor":16},{"not_picked":["Fire Breathing","Warcry"],"picked":"Clothesline","floor":18},{"not_picked":["Cleave","Fire Breathing","Headbutt"],"picked":"SKIP","floor":20},{"not_picked":["Body Slam","Thunderclap"],"picked":"Shrug It Off","floor":21},{"not_picked":["Searing Blow+1","Corruption"],"picked":"Infernal Blade+1","floor":25}],"player_experience":257452,"relics_obtained":[{"floor":2,"key":"Letter Opener"},{"floor":9,"key":"The Courier"},{"floor":10,"key":"Mango"},{"floor":11,"key":"Darkstone Periapt"},{"floor":14,"key":"Bag of Preparation"},{"floor":17,"key":"Boot"},{"floor":17,"key":"Kunai"},{"floor":17,"key":"Ice Cream"},{"floor":26,"key":"Red Skull"}],"event_choices":[{"damage_healed":0,"gold_gain":0,"player_choice":"Take Damage","damage_taken":20,"relics_obtained":["Golden Idol"],"max_hp_gain":0,"max_hp_loss":0,"event_name":"Golden Idol","floor":4,"gold_loss":0},{"cards_removed":["Strike_R"],"damage_healed":0,"gold_gain":0,"player_choice":"Offered Basic","damage_taken":0,"max_hp_gain":0,"max_hp_loss":0,"event_name":"Bonfire Elementals","floor":24,"gold_loss":0}],"is_beta":false,"boss_relics":[{"not_picked":["Sozu","Tiny House"],"picked":"Calling Bell"}],"items_purged_floors":[19,22],"is_endless":false,"potions_floor_spawned":[7,13,18,25],"killed_by":"Slavers","ascension_level":4}