{"gold_per_floor":[131,153,165,177,139,151,183,195,207,219,231,277,289,327,339,453,465,494,517,529,554,481,493],"floor_reached":23,"playtime":1703,"items_purged":[],"score":315,"play_id":"6aced794-8af8-4f80-8a1b-3934b1968107","local_time":"20181224171012","is_ascension_mode":true,"campfire_choices":[{"data":"Bash","floor":6,"key":"SMITH"},{"data":"Clothesline","floor":8,"key":"SMITH"},{"data":"Rampage","floor":10,"key":"SMITH"},{"data":"Whirlwind","floor":13,"key":"SMITH"},{"data":"Defend_R","floor":15,"key":"SMITH"}],"neow_cost":"NONE","seed_source_timestamp":101165073098699,"circlet_count":0,"master_deck":["AscendersBane","Strike_R","Strike_R","Strike_R","Defend_R","Defend_R","Defend_R","Defend_R+1","Bash+1","Clothesline+1","Rampage+1","Headbutt+1","Whirlwind+1","Offering"],"relics":["Burning Blood","MawBank","Smiling Mask","StoneCalendar","Busted Crown","Vajra"],"potions_floor_usage":[16,21,23],"damage_taken":[{"damage":16,"enemies":"2 Louse","floor":1,"turns":4},{"damage":13,"enemies":"Jaw Worm","floor":2,"turns":5},{"damage":5,"enemies":"Small Slimes","floor":7,"turns":4},{"damage":30,"enemies":"Lagavulin","floor":12,"turns":5},{"damage":20,"enemies":"3 Sentries","floor":14,"turns":4},{"damage":40,"enemies":"The Guardian","floor":16,"turns":13},{"damage":17,"enemies":"2 Thieves","floor":18,"turns":2},{"damage":16,"enemies":"Shell Parasite","floor":19,"turns":2},{"damage":19,"enemies":"Snake Plant","floor":21,"turns":3},{"damage":19,"enemies":"Book of Stabbing","floor":23,"turns":4}],"seed_played":"-2628563951521192498","potions_obtained":[{"floor":1,"key":"LiquidBronze"},{"floor":12,"key":"Weak Potion"},{"floor":16,"key":"Swift Potion"}],"is_trial":false,"path_per_floor":["M","M","?","$","?","R","M","R","T","R","?","E","R","E","R","B",null,"M","M","?","M","?","E"],"character_chosen":"IRONCLAD","items_purchased":[],"campfire_rested":0,"item_purchase_floors":[],"current_hp_per_floor":[62,55,80,80,80,80,80,80,80,80,80,56,56,42,42,8,62,51,41,41,28,28,9],"gold":493,"neow_bonus":"RANDOM_COMMON_RELIC","is_prod":false,"is_daily":false,"chose_seed":false,"campfire_upgraded":5,"win_rate":0,"timestamp":1545700212,"path_taken":["M","M","?","$","?","R","M","R","T","R","?","E","R","E","R","BOSS","M","M","?","?","?","E"],"build_version":"2018-12-20","purchased_purges":0,"victory":false,"max_hp_per_floor":[80,80,80,80,80,80,80,80,80,80,80,80,80,80,80,80,80,80,80,80,80,80,80],"card_choices":[{"not_picked":["Twin Strike","Armaments"],"picked":"Clothesline","floor":1},{"not_picked":["Wild Strike","Battle Trance"],"picked":"Rampage","floor":2},{"not_picked":["Second Wind","Sword Boomerang"],"picked":"Headbutt","floor":7},{"not_picked":["Pommel Strike","Twin Strike"],"picked":"Whirlwind","floor":12},{"not_picked":["Wild Strike","Body Slam","Carnage"],"picked":"SKIP","floor":14},{"not_picked":["Wild Strike","Body Slam","Carnage"],"picked":"SKIP","floor":14},{"not_picked":["Immolate","Exhume"],"picked":"Offering","floor":16},{"not_picked":["Pommel Strike"],"picked":"SKIP","floor":18},{"not_picked":["Intimidate"],"picked":"SKIP","floor":19},{"not_picked":["Reckless Charge"],"picked":"SKIP","floor":21}],"player_experience":531729,"relics_obtained":[{"floor":12,"key":"Smiling Mask"},{"floor":14,"key":"StoneCalendar"}],"event_choices":[{"damage_healed":26,"gold_gain":0,"player_choice":"Banana","damage_taken":0,"max_hp_gain":0,"max_hp_loss":0,"event_name":"Big Fish","floor":3,"gold_loss":0},{"cards_removed":["Strike_R"],"damage_healed":0,"gold_gain":0,"player_choice":"Card Removal","damage_taken":0,"max_hp_gain":0,"max_hp_loss":0,"event_name":"The Cleric","floor":5,"gold_loss":50},{"damage_healed":0,"gold_gain":0,"player_choice":"Upgraded","damage_taken":0,"max_hp_gain":0,"max_hp_loss":0,"event_name":"Upgrade Shrine","floor":11,"gold_loss":0,"cards_upgraded":["Headbutt"]},{"cards_removed":["Strike_R"],"damage_healed":0,"gold_gain":0,"player_choice":"Purged","damage_taken":0,"max_hp_gain":0,"max_hp_loss":0,"event_name":"Purifier","floor":20,"gold_loss":0},{"damage_healed":0,"gold_gain":0,"player_choice":"Obtained Relic","damage_taken":0,"relics_obtained":["Vajra"],"max_hp_gain":0,"max_hp_loss":0,"event_name":"Addict","floor":22,"gold_loss":85}],"is_beta":false,"boss_relics":[{"not_picked":["White Beast Statue","Black Blood"],"picked":"Busted Crown"}],"items_purged_floors":[],"is_endless":false,"potions_floor_spawned":[1,12,16,18,19],"killed_by":"Book of Stabbing","ascension_level":12}