{"gold_per_floor":[109,123,133,146,59,85,85,112,137,172,192,192,220,231,231,330,330,347,347,364,190,202,202,237,248,248,276,376,426,443,456,456,561,561,579,579,149,203,303,331,345,345,345,379,379,389,414,414,414,414,414,414,8,38,38],"floor_reached":56,"playtime":8534,"items_purged":["Strike_G","Strike_G","Strike_G"],"score":1585,"play_id":"65bfae45-41e9-41c6-bb51-eb994a4bad48","local_time":"20190710215348","is_ascension_mode":true,"campfire_choices":[{"floor":15.0,"key":"REST"},{"floor":23.0,"key":"DIG"},{"floor":32.0,"key":"REST"},{"floor":42.0,"key":"DIG"},{"floor":45.0,"key":"DIG"},{"floor":49,"key":"RECALL"},{"floor":52,"key":"DIG"}],"neow_cost":"NONE","seed_source_timestamp":0,"circlet_count":0,"master_deck":["Strike_G","Strike_G","Defend_G","Defend_G","Defend_G","Defend_G","Defend_G","Survivor","Neutralize","Bouncing Flask","Footwork","Noxious Fumes","Catalyst+1","Poisoned Stab","Cloak And Dagger","Deadly Poison","Leg Sweep","Dodge and Roll","Crippling Poison+1","Poisoned Stab","Finisher+1","Dodge and Roll+1","PiercingWail+1","Catalyst","Blur","Acrobatics","Burst","Noxious Fumes","Escape Plan+1","Bouncing Flask+1","Cloak And Dagger","Cloak And Dagger+1","Madness","Infinite Blades","Burst"],"special_seed":0,"relics":["White Beast Statue","Pear","Strawberry","Juzu Bracelet","Blood Vial","Shovel","Fusion Hammer","Enchiridion","Mango","Anchor","Ninja Scroll","Oddly Smooth Stone","Gambling Chip","Blue Candle","Philosopher\u0027s Stone","Strange Spoon","Ancient Tea Set","Tingsha","PreservedInsect","Centennial Puzzle","Dead Branch","Bottled Lightning","The Specimen","Ornamental Fan","OrangePellets","Vajra"],"potions_floor_usage":[50,55],"damage_taken":[{"damage":0.0,"enemies":"2 Louse","floor":1.0,"turns":3.0},{"damage":0.0,"enemies":"Jaw Worm","floor":2.0,"turns":5.0},{"damage":1.0,"enemies":"Small Slimes","floor":3.0,"turns":4.0},{"damage":32.0,"enemies":"Gremlin Gang","floor":4.0,"turns":6.0},{"damage":7.0,"enemies":"Lagavulin","floor":6.0,"turns":8.0},{"damage":22.0,"enemies":"Gremlin Nob","floor":8.0,"turns":4.0},{"damage":15.0,"enemies":"Lagavulin","floor":10.0,"turns":6.0},{"damage":10.0,"enemies":"Lots of Slimes","floor":11.0,"turns":5.0},{"damage":20.0,"enemies":"3 Sentries","floor":13.0,"turns":9.0},{"damage":2.0,"enemies":"Looter","floor":14.0,"turns":4.0},{"damage":10.0,"enemies":"Hexaghost","floor":16.0,"turns":8.0},{"damage":15.0,"enemies":"3 Byrds","floor":18.0,"turns":5.0},{"damage":3.0,"enemies":"2 Thieves","floor":20.0,"turns":5.0},{"damage":0.0,"enemies":"Centurion and Healer","floor":22.0,"turns":5.0},{"damage":45.0,"enemies":"Gremlin Leader","floor":24.0,"turns":8.0},{"damage":17.0,"enemies":"Cultist and Chosen","floor":25.0,"turns":5.0},{"damage":1.0,"enemies":"Slavers","floor":27.0,"turns":6.0},{"damage":0.0,"enemies":"Colosseum Slavers","floor":28.0,"turns":4.0},{"damage":15.0,"enemies":"Colosseum Nobs","floor":28.0,"turns":4.0},{"damage":0.0,"enemies":"Sentry and Sphere","floor":30.0,"turns":4.0},{"damage":0.0,"enemies":"Centurion and Healer","floor":31.0,"turns":6.0},{"damage":25.0,"enemies":"Automaton","floor":33.0,"turns":11.0},{"damage":3.0,"enemies":"Orb Walker","floor":35.0,"turns":4.0},{"damage":0.0,"enemies":"Mind Bloom Boss Battle","floor":39.0,"turns":4.0},{"damage":17.0,"enemies":"Reptomancer","floor":40.0,"turns":6.0},{"damage":15.0,"enemies":"3 Shapes","floor":41.0,"turns":5.0},{"damage":0.0,"enemies":"Giant Head","floor":44.0,"turns":5.0},{"damage":12.0,"enemies":"Sphere and 2 Shapes","floor":46.0,"turns":4.0},{"damage":16.0,"enemies":"Nemesis","floor":47.0,"turns":5.0},{"damage":3,"enemies":"Donu and Deca","floor":50,"turns":6},{"damage":1,"enemies":"Shield and Spear","floor":54,"turns":6},{"damage":72,"enemies":"The Heart","floor":55,"turns":8}],"seed_played":"1302814423200145429","potions_obtained":[{"floor":1.0,"key":"Regen Potion"},{"floor":2.0,"key":"Fire Potion"},{"floor":3.0,"key":"Ancient Potion"},{"floor":4.0,"key":"AttackPotion"},{"floor":6.0,"key":"Dexterity Potion"},{"floor":8.0,"key":"Weak Potion"},{"floor":10.0,"key":"Strength Potion"},{"floor":11.0,"key":"Regen Potion"},{"floor":13.0,"key":"Strength Potion"},{"floor":14.0,"key":"Explosive Potion"},{"floor":16.0,"key":"SkillPotion"},{"floor":18.0,"key":"SkillPotion"},{"floor":20.0,"key":"SpeedPotion"},{"floor":24.0,"key":"Fire Potion"},{"floor":25.0,"key":"SteroidPotion"},{"floor":27.0,"key":"PowerPotion"},{"floor":28.0,"key":"Fire Potion"},{"floor":30.0,"key":"Energy Potion"},{"floor":31.0,"key":"FearPotion"},{"floor":33.0,"key":"Fruit Juice"},{"floor":35.0,"key":"SteroidPotion"},{"floor":40.0,"key":"EssenceOfSteel"},{"floor":41.0,"key":"GamblersBrew"},{"floor":44.0,"key":"Weak Potion"},{"floor":46.0,"key":"AttackPotion"},{"floor":47.0,"key":"Ancient Potion"},{"floor":54,"key":"EssenceOfSteel"}],"is_trial":false,"path_per_floor":["M","M","M","M","$","E","?","E","T","E","M","?","E","M","R","B",null,"M","?","M","$","M","R","E","M","T","E","?","?","M","M","R","B",null,"M","?","$","T","?","E","M","R","T","E","R","M","E","?","R","B",null,"R","$","E","B",null],"character_chosen":"THE_SILENT","items_purchased":["Catalyst","Poisoned Stab","Poisoned Stab","Poison Potion","Noxious Fumes","Strange Spoon","Fire Potion","OrangePellets","Infinite Blades"],"campfire_rested":2,"item_purchase_floors":[5,5,21,21,37,37,37,53,53],"current_hp_per_floor":[70,70,69,37,37,55,60,45,45,30,22,22,19,19,46,38,92,77,61,60,60,62,76,33,18,18,19,8,8,10,12,43,20,106,108,111,111,111,111,94,81,81,81,83,83,73,59,59,59,58,111,111,111,110,39],"gold":38,"neow_bonus":"BOSS_RELIC","is_prod":false,"is_daily":false,"chose_seed":false,"campfire_upgraded":0,"win_rate":0,"timestamp":1562810028,"path_taken":["M","M","M","M","$","E","?","E","T","E","M","?","E","M","R","BOSS","M","?","M","$","M","R","E","M","T","E","?","?","M","M","R","BOSS","M","?","$","?","?","E","M","R","T","E","R","M","E","?","R","BOSS","R","$","E","BOSS"],"build_version":"2019-07-05","purchased_purges":3,"victory":true,"max_hp_per_floor":[70,70,70,70,70,80,85,92,92,92,92,92,92,92,92,92,92,92,92,92,92,92,106,106,106,106,106,106,106,106,106,106,106,106,111,111,111,111,111,111,111,111,111,111,111,111,111,111,111,111,111,111,111,111,111],"card_choices":[{"not_picked":["Bane","Acrobatics"],"picked":"Bouncing Flask","floor":1.0},{"not_picked":["Dagger Spray","PiercingWail"],"picked":"Footwork","floor":2.0},{"not_picked":["Flying Knee","Blade Dance"],"picked":"Noxious Fumes","floor":3.0},{"not_picked":["Flechettes","Skewer"],"picked":"Backstab","floor":4.0},{"not_picked":["Backflip","Blade Dance","Grand Finale"],"picked":"SKIP","floor":6.0},{"not_picked":["Underhanded Strike","Calculated Gamble","Acrobatics"],"picked":"SKIP","floor":8.0},{"not_picked":["Choke","Prepared"],"picked":"Cloak And Dagger","floor":10.0},{"not_picked":["Flying Knee","Acrobatics"],"picked":"Deadly Poison","floor":11.0},{"not_picked":["Tactician","Tools of the Trade"],"picked":"Leg Sweep","floor":13.0},{"not_picked":["Backflip","Prepared"],"picked":"Dodge and Roll","floor":14.0},{"not_picked":["Outmaneuver+1","Eviscerate"],"picked":"Crippling Poison+1","floor":18.0},{"not_picked":["Underhanded Strike","Sucker Punch","Slice"],"picked":"SKIP","floor":20.0},{"not_picked":["Riddle With Holes","Endless Agony"],"picked":"Finisher+1","floor":22.0},{"not_picked":["Well Laid Plans","Dagger Spray+1"],"picked":"Dodge and Roll+1","floor":24.0},{"not_picked":["After Image","Prepared+1"],"picked":"PiercingWail+1","floor":25.0},{"not_picked":["Flechettes","Catalyst","Prepared"],"picked":"SKIP","floor":27.0},{"not_picked":["Flechettes","Prepared"],"picked":"Catalyst","floor":27.0},{"not_picked":["Finisher+1","Dagger Throw+1"],"picked":"Blur","floor":28.0},{"not_picked":["Terror","Heel Hook","Underhanded Strike+1"],"picked":"SKIP","floor":30.0},{"not_picked":["Heel Hook","Noxious Fumes"],"picked":"Acrobatics","floor":31.0},{"not_picked":["Bullet Time","Venomology"],"picked":"Burst","floor":33.0},{"not_picked":["Deadly Poison","Flying Knee+1","Prepared+1"],"picked":"SKIP","floor":35.0},{"not_picked":["Expertise","Unload"],"picked":"Escape Plan+1","floor":40.0},{"not_picked":["Finisher","Backstab+1","Blade Dance+1"],"picked":"SKIP","floor":41.0},{"not_picked":["Flying Knee+1","Quick Slash+1"],"picked":"Bouncing Flask+1","floor":44.0},{"not_picked":["Underhanded Strike","Dodge and Roll"],"picked":"Cloak And Dagger","floor":46.0},{"not_picked":["Bane+1","PiercingWail"],"picked":"Cloak And Dagger+1","floor":47.0},{"not_picked":["Good Instincts","Swift Strike"],"picked":"Madness","floor":48.0},{"not_picked":["Dagger Throw+1","Die Die Die"],"picked":"Burst","floor":54}],"player_experience":255916,"relics_obtained":[{"floor":6.0,"key":"Pear"},{"floor":8.0,"key":"Strawberry"},{"floor":9.0,"key":"Juzu Bracelet"},{"floor":10.0,"key":"Blood Vial"},{"floor":13.0,"key":"Shovel"},{"floor":19.0,"key":"Enchiridion"},{"floor":23.0,"key":"Mango"},{"floor":24.0,"key":"Anchor"},{"floor":26.0,"key":"Ninja Scroll"},{"floor":27.0,"key":"Oddly Smooth Stone"},{"floor":28.0,"key":"Gambling Chip"},{"floor":28.0,"key":"Blue Candle"},{"floor":38.0,"key":"Ancient Tea Set"},{"floor":39.0,"key":"Tingsha"},{"floor":40.0,"key":"PreservedInsect"},{"floor":42.0,"key":"Centennial Puzzle"},{"floor":44.0,"key":"Dead Branch"},{"floor":45.0,"key":"Bottled Lightning"},{"floor":47.0,"key":"The Specimen"},{"floor":52,"key":"Ornamental Fan"},{"floor":54,"key":"Vajra"}],"event_choices":[{"damage_healed":0.0,"max_hp_gain":5.0,"max_hp_loss":0.0,"gold_gain":0.0,"event_name":"Big Fish","player_choice":"Donut","floor":7.0,"gold_loss":0.0,"damage_taken":0.0},{"damage_healed":0.0,"max_hp_gain":0.0,"max_hp_loss":0.0,"gold_gain":0.0,"event_name":"Living Wall","player_choice":"Grow","floor":12.0,"gold_loss":0.0,"damage_taken":0.0,"cards_upgraded":["Catalyst"]},{"damage_healed":0.0,"max_hp_gain":0.0,"max_hp_loss":0.0,"gold_gain":0.0,"event_name":"Cursed Tome","player_choice":"Obtained Book","floor":19.0,"gold_loss":0.0,"damage_taken":16.0},{"damage_healed":0.0,"max_hp_gain":0.0,"max_hp_loss":0.0,"gold_gain":0.0,"event_name":"Colosseum","player_choice":"Fight","floor":28.0,"gold_loss":0.0,"damage_taken":0.0},{"damage_healed":0.0,"max_hp_gain":0.0,"max_hp_loss":0.0,"gold_gain":0.0,"event_name":"Colosseum","player_choice":"Fought Nobs","floor":28.0,"gold_loss":0.0,"damage_taken":0.0},{"damage_healed":0.0,"max_hp_gain":0.0,"max_hp_loss":0.0,"gold_gain":100.0,"event_name":"The Joust","player_choice":"Bet on Murderer","floor":29.0,"gold_loss":50.0,"damage_taken":0.0},{"cards_removed":["Backstab"],"damage_healed":3.0,"max_hp_gain":0.0,"max_hp_loss":0.0,"gold_gain":0.0,"event_name":"Bonfire Elementals","player_choice":"Offered Uncommon","floor":36.0,"gold_loss":0.0,"damage_taken":0.0},{"damage_healed":0.0,"max_hp_gain":0.0,"max_hp_loss":0.0,"gold_gain":0.0,"event_name":"MindBloom","player_choice":"Fight","floor":39.0,"gold_loss":0.0,"damage_taken":0.0},{"damage_healed":0.0,"max_hp_gain":0.0,"max_hp_loss":0.0,"gold_gain":0.0,"event_name":"SensoryStone","player_choice":"Memory 1","floor":48.0,"gold_loss":0.0,"damage_taken":0.0}],"is_beta":false,"boss_relics":[{"not_picked":["Tiny House","Black Star"],"picked":"Fusion Hammer"},{"not_picked":["Eternal Feather","Snecko Eye"],"picked":"Philosopher\u0027s Stone"}],"items_purged_floors":[21,37,53],"is_endless":false,"potions_floor_spawned":[1,2,3,4,6,8,10,11,13,14,16,18,20,22,24,25,27,28,28,30,31,33,35,39,40,41,44,46,47,54],"ascension_level":3}