{"gold_per_floor":[112,30,30,30,49,88,88,119,119,119,138,138,169,185,185,278,278,301,301,301,33,33,72,72,113,113,153,153,166,166,166],"floor_reached":31,"playtime":2669,"items_purged":["Zap"],"score":589,"play_id":"72c23954-2445-409d-a148-3480d1f845d9","local_time":"20190627212620","is_ascension_mode":true,"campfire_choices":[{"data":"Beam Cell","floor":7,"key":"SMITH"},{"floor":10,"key":"REST"},{"floor":12,"key":"REST"},{"data":"Rip and Tear","floor":15,"key":"SMITH"},{"floor":24,"key":"REST"},{"floor":28,"key":"REST"}],"neow_cost":"CURSE","seed_source_timestamp":0,"circlet_count":0,"master_deck":["AscendersBane","Strike_B","Strike_B","Strike_B","Strike_B","Defend_B","Defend_B","Defend_B","Defend_B","Dualcast","Beam Cell+1","Melter","Cold Snap","Beam Cell","Rip and Tear+1","Rip and Tear","Hyperbeam","Coolheaded","Ghostly","Ghostly","Ghostly","Ghostly","Ghostly+1","J.A.X.","Barrage","Heatsinks","Echo Form","Barrage","Seek","Hologram","Hologram"],"special_seed":0,"relics":["Cracked Core","Du-Vu Doll","Golden Idol","Question Card","Boot","Matryoshka","Orichalcum","Empty Cage","PreservedInsect","Dream Catcher","Regal Pillow","Bottled Tornado","Bottled Lightning","Juzu Bracelet"],"potions_floor_usage":[13,27,27],"damage_taken":[{"damage":2,"enemies":"Cultist","floor":1,"turns":4},{"damage":0,"enemies":"Small Slimes","floor":5,"turns":2},{"damage":31,"enemies":"Gremlin Nob","floor":6,"turns":4},{"damage":25,"enemies":"3 Sentries","floor":8,"turns":5},{"damage":0,"enemies":"2 Louse","floor":11,"turns":1},{"damage":16,"enemies":"Gremlin Nob","floor":13,"turns":3},{"damage":6,"enemies":"Blue Slaver","floor":14,"turns":2},{"damage":9,"enemies":"Slime Boss","floor":16,"turns":7},{"damage":12,"enemies":"Shell Parasite","floor":18,"turns":3},{"damage":7,"enemies":"Slavers","floor":23,"turns":5},{"damage":2,"enemies":"Gremlin Leader","floor":25,"turns":4},{"damage":27,"enemies":"Book of Stabbing","floor":27,"turns":4},{"damage":16,"enemies":"2 Thieves","floor":29,"turns":4},{"damage":22,"enemies":"Colosseum Slavers","floor":31,"turns":3}],"seed_played":"2130532428752958311","potions_obtained":[{"floor":8,"key":"SpeedPotion"},{"floor":11,"key":"Swift Potion"},{"floor":25,"key":"SkillPotion"}],"is_trial":false,"path_per_floor":["M","$","?","?","M","E","R","E","T","R","M","R","E","M","R","B",null,"M","?","?","$","?","E","R","E","T","E","R","M","?","?"],"character_chosen":"DEFECT","items_purchased":["Melter","PreservedInsect","Barrage"],"campfire_rested":4,"item_purchase_floors":[2,21,21],"current_hp_per_floor":[62,62,62,62,62,31,31,6,6,27,27,48,32,26,26,17,58,46,35,35,35,35,28,35,33,33,6,31,15,15,0],"gold":166,"neow_bonus":"ONE_RARE_RELIC","is_prod":false,"is_daily":false,"chose_seed":false,"campfire_upgraded":2,"win_rate":0,"timestamp":1561695980,"path_taken":["M","$","?","?","M","E","R","E","T","R","M","R","E","M","R","BOSS","M","?","?","$","?","E","R","E","T","E","R","M","?","?"],"build_version":"2019-01-23","purchased_purges":1,"victory":false,"max_hp_per_floor":[71,71,71,71,71,71,71,71,71,71,71,71,71,71,71,71,71,71,35,35,35,35,35,35,35,35,35,35,35,35,35],"card_choices":[{"not_picked":["Consume","Hologram"],"picked":"Beam Cell","floor":1},{"not_picked":["Coolheaded","Turbo","Hologram"],"picked":"SKIP","floor":5},{"not_picked":["Fusion","Consume","Stack"],"picked":"SKIP","floor":6},{"not_picked":["Chill","Compile Driver","Double Energy"],"picked":"Cold Snap","floor":8},{"not_picked":["Compile Driver","Hologram","Tempest"],"picked":"Beam Cell","floor":11},{"not_picked":["Ball Lightning","Barrage","Go for the Eyes"],"picked":"Rip and Tear","floor":13},{"not_picked":["White Noise","Reinforced Body","Chill"],"picked":"Rip and Tear","floor":14},{"not_picked":["Core Surge","Buffer","Meteor Strike"],"picked":"Hyperbeam","floor":16},{"not_picked":["Turbo","Melter","BootSequence"],"picked":"Coolheaded","floor":18},{"not_picked":["Compile Driver","Leap+1","Doom and Gloom"],"picked":"Echo Form","floor":23},{"not_picked":["Stack","Glacier","Streamline"],"picked":"Barrage","floor":24},{"not_picked":["Redo","Sweeping Beam","Beam Cell"],"picked":"Seek","floor":25},{"not_picked":["Barrage","Scrape","Creative AI"],"picked":"Hologram","floor":27},{"not_picked":["Leap","Melter","Compile Driver"],"picked":"Hologram","floor":28},{"not_picked":["Coolheaded","Hello World","Consume","Streamline"],"picked":"SKIP","floor":29}],"player_experience":1361058,"relics_obtained":[{"floor":6,"key":"Question Card"},{"floor":8,"key":"Boot"},{"floor":9,"key":"Matryoshka"},{"floor":13,"key":"Orichalcum"},{"floor":23,"key":"Dream Catcher"},{"floor":25,"key":"Regal Pillow"},{"floor":26,"key":"Bottled Tornado"},{"floor":26,"key":"Bottled Lightning"},{"floor":27,"key":"Juzu Bracelet"}],"event_choices":[{"damage_healed":0,"gold_gain":0,"cards_transformed":["Regret"],"player_choice":"Change","damage_taken":0,"max_hp_gain":0,"max_hp_loss":0,"event_name":"Living Wall","floor":3,"gold_loss":0,"cards_obtained":["Normality"]},{"damage_healed":0,"gold_gain":0,"player_choice":"Take Wound","damage_taken":0,"relics_obtained":["Golden Idol"],"max_hp_gain":0,"max_hp_loss":0,"event_name":"Golden Idol","floor":4,"gold_loss":0,"cards_obtained":["Injury"]},{"damage_healed":0,"gold_gain":0,"player_choice":"Became a Ghost","damage_taken":0,"max_hp_gain":0,"max_hp_loss":36,"event_name":"Ghosts","floor":19,"gold_loss":0,"cards_obtained":["Ghostly","Ghostly","Ghostly","Ghostly","Ghostly"]},{"damage_healed":0,"gold_gain":0,"player_choice":"Obtain J.A.X.","damage_taken":0,"max_hp_gain":0,"max_hp_loss":0,"event_name":"Drug Dealer","floor":20,"gold_loss":0,"cards_obtained":["J.A.X."]},{"damage_healed":0,"gold_gain":0,"player_choice":"1 cards matched","damage_taken":0,"max_hp_gain":0,"max_hp_loss":0,"event_name":"Match and Keep!","floor":22,"gold_loss":0,"cards_obtained":["Heatsinks"]},{"damage_healed":0,"gold_gain":0,"player_choice":"Upgraded","damage_taken":0,"max_hp_gain":0,"max_hp_loss":0,"event_name":"Upgrade Shrine","floor":30,"gold_loss":0,"cards_upgraded":["Ghostly"]},{"damage_healed":0,"gold_gain":0,"player_choice":"Fight","damage_taken":0,"max_hp_gain":0,"max_hp_loss":0,"event_name":"Colosseum","floor":31,"gold_loss":0}],"is_beta":false,"boss_relics":[{"not_picked":["Sozu","White Beast Statue"],"picked":"Empty Cage"}],"items_purged_floors":[21],"is_endless":false,"potions_floor_spawned":[8,11,25],"killed_by":"Colosseum Slavers","ascension_level":14}