{"gold_per_floor":[117,117,127,147,147,176,176,209,260,280,296,20,40,51,51,149,149,117,132,150,150,162,162,112,131,131,145,155,167,23,23,23,23],"floor_reached":33,"playtime":5448,"items_purged":[],"score":265,"play_id":"3e72078a-acdb-4598-884f-b671038aeaa6","local_time":"20190607005857","is_ascension_mode":false,"campfire_choices":[{"floor":7,"key":"REST"},{"floor":15,"key":"REST"},{"data":"Iron Wave","floor":23,"key":"SMITH"},{"floor":32,"key":"REST"}],"neow_cost":"NONE","seed_source_timestamp":1970721652126115,"circlet_count":0,"master_deck":["Strike_R","Strike_R+1","Strike_R","Strike_R","Strike_R","Defend_R","Defend_R","Defend_R","Defend_R","Bash","Shrug It Off","Shrug It Off","Anger+1","Rage","Iron Wave+1","Armaments","Anger","Flex","Anger","Reaper","Rampage","Body Slam+1","Dark Embrace","Ghostly Armor+1","Iron Wave+1","Wild Strike+1","Necronomicurse"],"relics":["Burning Blood","Ornamental Fan","Whetstone","Centennial Puzzle","Membership Card","Anchor","Runic Pyramid","Darkstone Periapt","Red Skull","Potion Belt","Necronomicon"],"potions_floor_usage":[10,10,16,16,16,16,16,19,25,25,27,27,29],"damage_taken":[{"damage":10,"enemies":"Cultist","floor":1,"turns":4},{"damage":9,"enemies":"2 Louse","floor":3,"turns":3},{"damage":0,"enemies":"Small Slimes","floor":4,"turns":6},{"damage":46,"enemies":"Gremlin Nob","floor":6,"turns":5},{"damage":49,"enemies":"3 Sentries","floor":8,"turns":14},{"damage":0,"enemies":"Exordium Thugs","floor":10,"turns":4},{"damage":0,"enemies":"2 Fungi Beasts","floor":11,"turns":5},{"damage":0,"enemies":"3 Louse","floor":13,"turns":3},{"damage":0,"enemies":"Large Slime","floor":14,"turns":6},{"damage":49,"enemies":"Slime Boss","floor":16,"turns":8},{"damage":24,"enemies":"2 Thieves","floor":18,"turns":5},{"damage":5,"enemies":"3 Byrds","floor":19,"turns":6},{"damage":9,"enemies":"Shelled Parasite and Fungi","floor":20,"turns":5},{"damage":38,"enemies":"Cultist and Chosen","floor":22,"turns":7},{"damage":12,"enemies":"Snake Plant","floor":25,"turns":7},{"damage":29,"enemies":"Sentry and Sphere","floor":27,"turns":8},{"damage":11,"enemies":"Chosen and Byrds","floor":28,"turns":8},{"damage":5,"enemies":"Snake Plant","floor":29,"turns":4},{"damage":116,"enemies":"Automaton","floor":33,"turns":12}],"seed_played":"2919532756055275008","potions_obtained":[{"floor":3,"key":"Strength Potion"},{"floor":5,"key":"Strength Potion"},{"floor":5,"key":"Ancient Potion"},{"floor":5,"key":"EntropicBrew"},{"floor":8,"key":"AttackPotion"},{"floor":11,"key":"Strength Potion"},{"floor":13,"key":"EssenceOfSteel"},{"floor":18,"key":"AttackPotion"},{"floor":25,"key":"EssenceOfSteel"},{"floor":27,"key":"Fire Potion"}],"is_trial":false,"path_per_floor":["M","$","M","M","?","E","R","E","T","M","M","$","M","M","R","B",null,"M","M","M","?","M","R","$","M","T","M","M","M","$","?","R","B"],"character_chosen":"IRONCLAD","items_purchased":["Membership Card","Anchor","Explosive Potion","SteroidPotion","Red Skull","Potion Belt"],"campfire_rested":3,"item_purchase_floors":[12,12,24,24,30,30],"current_hp_per_floor":[84,84,81,87,87,47,73,30,30,36,42,42,48,54,80,37,88,71,78,79,79,53,53,53,47,47,24,23,25,25,15,43,0],"gold":23,"neow_bonus":"TEN_PERCENT_HP_BONUS","is_prod":false,"is_daily":false,"chose_seed":false,"campfire_upgraded":1,"win_rate":0.0,"timestamp":1559887137,"path_taken":["M","$","M","?","?","E","R","E","T","M","M","$","M","M","R","BOSS","M","M","?","?","M","R","$","M","T","M","M","M","?","?","R","BOSS"],"build_version":"2019-01-23","purchased_purges":0,"victory":false,"max_hp_per_floor":[88,88,88,88,88,88,88,88,88,88,88,88,88,88,88,88,88,88,88,88,88,88,88,88,88,88,88,88,88,88,94,94,94],"card_choices":[{"not_picked":["Twin Strike","Wild Strike"],"picked":"Shrug It Off","floor":1},{"not_picked":["Armaments","Clothesline"],"picked":"Shrug It Off","floor":3},{"not_picked":["Dark Embrace","Bloodletting"],"picked":"Anger","floor":4},{"not_picked":["Whirlwind","Sentinel"],"picked":"Rage","floor":6},{"not_picked":["Havoc","Feed"],"picked":"Iron Wave","floor":8},{"not_picked":["Perfected Strike","Sword Boomerang"],"picked":"Armaments","floor":10},{"not_picked":["Entrench","Body Slam"],"picked":"Anger","floor":11},{"not_picked":["Warcry","Shockwave"],"picked":"Flex","floor":13},{"not_picked":["Body Slam","Rage"],"picked":"Anger","floor":14},{"not_picked":["Barricade","Offering"],"picked":"Reaper","floor":16},{"not_picked":["Heavy Blade+1","Evolve"],"picked":"Rampage","floor":18},{"not_picked":["Heavy Blade+1","Sever Soul"],"picked":"Body Slam+1","floor":19},{"not_picked":["Havoc","Pummel"],"picked":"Double Tap","floor":20},{"not_picked":["Anger","Body Slam+1"],"picked":"Ghostly Armor+1","floor":22},{"not_picked":["Sword Boomerang+1","Warcry+1"],"picked":"Iron Wave+1","floor":25},{"not_picked":["Perfected Strike","Seeing Red"],"picked":"Wild Strike+1","floor":27},{"not_picked":["Body Slam+1","Battle Trance+1","Feel No Pain"],"picked":"SKIP","floor":28},{"not_picked":["Warcry","Second Wind","Clothesline"],"picked":"SKIP","floor":29}],"player_experience":59349,"relics_obtained":[{"floor":6,"key":"Ornamental Fan"},{"floor":8,"key":"Whetstone"},{"floor":9,"key":"Centennial Puzzle"},{"floor":26,"key":"Darkstone Periapt"},{"floor":31,"key":"Necronomicon"}],"event_choices":[{"damage_healed":0,"gold_gain":0,"player_choice":"Got Potions","damage_taken":0,"max_hp_gain":0,"max_hp_loss":0,"event_name":"Lab","floor":5,"gold_loss":0},{"damage_healed":0,"gold_gain":0,"cards_transformed":["Double Tap"],"player_choice":"Transformed","damage_taken":0,"max_hp_gain":0,"max_hp_loss":0,"event_name":"Transmorgrifier","floor":21,"gold_loss":0,"cards_obtained":["Dark Embrace"]},{"damage_healed":0,"gold_gain":0,"player_choice":"Obtained Book","damage_taken":16,"max_hp_gain":0,"max_hp_loss":0,"event_name":"Cursed Tome","floor":31,"gold_loss":0}],"is_beta":false,"boss_relics":[{"not_picked":["White Beast Statue","Sozu"],"picked":"Runic Pyramid"}],"items_purged_floors":[],"is_endless":false,"potions_floor_spawned":[3,8,11,13,18,25,27],"killed_by":"Automaton","ascension_level":0}