{"gold_per_floor":[116,291,291,291,309,348,348,389,389,0,15,15,15,66,66,189,189,202,218,98,8,21,46,46,59,86,86,86,105,146,167,167,167],"floor_reached":33,"playtime":11061,"items_purged":["Doubt"],"score":300,"play_id":"a33ce889-ce10-416b-ba29-20ab6263b0f6","local_time":"20190609002440","is_ascension_mode":false,"campfire_choices":[{"floor":7,"key":"REST"},{"floor":12,"key":"REST"},{"floor":15,"key":"REST"},{"floor":27,"key":"REST"},{"floor":32,"key":"REST"}],"neow_cost":"PERCENT_DAMAGE","seed_source_timestamp":26874286247994,"circlet_count":0,"master_deck":["Strike_R+1","Strike_R+1","Strike_R+1","Strike_R+1","Strike_R+1","Defend_R+1","Defend_R+1","Defend_R+1","Defend_R+1","Bash","Carnage","Anger","Pommel Strike","Inflame","Cleave","Flex","Good Instincts","Anger","Bludgeon","Armaments+1","Metallicize","Iron Wave","Flex","RitualDagger","Heavy Blade+1","Ghostly Armor"],"relics":["Burning Blood","Golden Idol","Mummified Hand","War Paint","Sundial","Orichalcum","Busted Crown","Dream Catcher","Bag of Preparation"],"potions_floor_usage":[8,25,30],"damage_taken":[{"damage":4,"enemies":"Small Slimes","floor":1,"turns":5},{"damage":0,"enemies":"2 Louse","floor":5,"turns":3},{"damage":52,"enemies":"Lagavulin","floor":6,"turns":9},{"damage":36,"enemies":"3 Sentries","floor":8,"turns":9},{"damage":1,"enemies":"Cultist","floor":11,"turns":3},{"damage":26,"enemies":"Slime Boss","floor":16,"turns":11},{"damage":22,"enemies":"2 Thieves","floor":18,"turns":4},{"damage":12,"enemies":"3 Byrds","floor":19,"turns":6},{"damage":16,"enemies":"Snake Plant","floor":22,"turns":3},{"damage":6,"enemies":"Centurion and Healer","floor":23,"turns":7},{"damage":11,"enemies":"Shelled Parasite and Fungi","floor":25,"turns":5},{"damage":13,"enemies":"Snake Plant","floor":29,"turns":4},{"damage":35,"enemies":"Slavers","floor":30,"turns":5},{"damage":0,"enemies":"Centurion and Healer","floor":31,"turns":5},{"damage":100,"enemies":"Collector","floor":33,"turns":7}],"seed_played":"-6385097170656018214","potions_obtained":[{"floor":1,"key":"Energy Potion"},{"floor":6,"key":"Ancient Potion"},{"floor":11,"key":"Fire Potion"},{"floor":18,"key":"LiquidBronze"},{"floor":29,"key":"SteroidPotion"},{"floor":30,"key":"Explosive Potion"}],"is_trial":false,"path_per_floor":["M","?","?","?","M","E","R","E","T","$","M","R","$","?","R","B",null,"M","M","$","?","M","M","?","M","T","R","?","M","E","M","R","B"],"character_chosen":"IRONCLAD","items_purchased":["Cleave","Flex","Orichalcum","Good Instincts","Metallicize","Iron Wave"],"campfire_rested":5,"item_purchase_floors":[10,10,10,10,20,20],"current_hp_per_floor":[74,74,74,55,61,15,43,13,13,13,18,46,46,46,74,54,96,80,74,74,74,64,64,58,53,53,81,81,74,45,51,79,0],"gold":167,"neow_bonus":"TWENTY_PERCENT_HP_BONUS","is_prod":false,"is_daily":false,"chose_seed":false,"campfire_upgraded":0,"win_rate":0.0,"timestamp":1560057880,"path_taken":["M","?","?","?","M","E","R","E","T","$","M","R","$","?","R","BOSS","M","M","$","?","?","M","?","M","T","R","?","M","E","M","R","BOSS"],"build_version":"2019-01-23","purchased_purges":1,"victory":false,"max_hp_per_floor":[96,96,96,96,96,96,96,96,96,96,96,96,96,96,96,96,96,96,96,96,96,96,96,96,96,96,96,96,96,96,96,96,96],"card_choices":[{"not_picked":["Evolve","Dual Wield"],"picked":"Carnage","floor":1},{"not_picked":["Corruption","Clash"],"picked":"Anger","floor":5},{"not_picked":["Bloodletting","Ghostly Armor"],"picked":"Pommel Strike","floor":6},{"not_picked":["Feel No Pain","Body Slam"],"picked":"Inflame","floor":8},{"not_picked":["Blood for Blood","Pummel"],"picked":"Anger","floor":11},{"not_picked":["Offering","Dark Embrace"],"picked":"Bludgeon","floor":16},{"not_picked":[],"picked":"Armaments+1","floor":18},{"not_picked":["Evolve"],"picked":"SKIP","floor":19},{"not_picked":[],"picked":"Flex","floor":22},{"not_picked":["True Grit"],"picked":"SKIP","floor":23},{"not_picked":[],"picked":"Heavy Blade+1","floor":25},{"not_picked":[],"picked":"Ghostly Armor","floor":29},{"not_picked":["Headbutt"],"picked":"SKIP","floor":30},{"not_picked":["Burning Pact"],"picked":"SKIP","floor":31}],"player_experience":76378,"relics_obtained":[{"floor":6,"key":"Mummified Hand"},{"floor":8,"key":"War Paint"},{"floor":9,"key":"Sundial"},{"floor":26,"key":"Dream Catcher"},{"floor":30,"key":"Bag of Preparation"}],"event_choices":[{"damage_healed":0,"gold_gain":175,"player_choice":"AGREE","damage_taken":0,"max_hp_gain":0,"max_hp_loss":0,"event_name":"Liars Game","floor":2,"gold_loss":0,"cards_obtained":["Doubt"]},{"damage_healed":0,"gold_gain":0,"player_choice":"Take Wound","damage_taken":0,"relics_obtained":["Golden Idol"],"max_hp_gain":0,"max_hp_loss":0,"event_name":"Golden Idol","floor":3,"gold_loss":0,"cards_obtained":["Injury"]},{"damage_healed":0,"gold_gain":0,"player_choice":"Entered Light","damage_taken":19,"max_hp_gain":0,"max_hp_loss":0,"event_name":"Shining Light","floor":4,"gold_loss":0,"cards_upgraded":["Strike_R","Defend_R"]},{"damage_healed":0,"gold_gain":51,"player_choice":"Gained Gold","damage_taken":0,"max_hp_gain":0,"max_hp_loss":0,"event_name":"Golden Wing","floor":14,"gold_loss":0},{"cards_removed":["Injury"],"damage_healed":0,"gold_gain":0,"player_choice":"Upgrade and Remove","damage_taken":0,"max_hp_gain":0,"max_hp_loss":0,"event_name":"Designer","floor":21,"gold_loss":90,"cards_upgraded":["Defend_R"]},{"damage_healed":0,"gold_gain":0,"player_choice":"Joined the Cult","damage_taken":6,"max_hp_gain":0,"max_hp_loss":0,"event_name":"Nest","floor":24,"gold_loss":0,"cards_obtained":["RitualDagger"]},{"damage_healed":0,"gold_gain":0,"player_choice":"Simplicity","damage_taken":0,"max_hp_gain":0,"max_hp_loss":0,"event_name":"Back to Basics","floor":28,"gold_loss":0,"cards_upgraded":["Strike_R","Strike_R","Strike_R","Strike_R"]}],"is_beta":false,"boss_relics":[{"not_picked":["Coffee Dripper","Runic Dome"],"picked":"Busted Crown"}],"items_purged_floors":[10],"is_endless":false,"potions_floor_spawned":[1,6,11,18,23,29,30],"killed_by":"Collector","ascension_level":0}