{"gold_per_floor":[116,116,128,143,143,143,187,255,255,255,278,291,291,45,45,140,140,159,159,119,133,157,157],"floor_reached":23,"playtime":2230,"items_purged":["Strike_B"],"score":325,"play_id":"610b3ae1-6798-478b-8768-0ead49fce6a9","local_time":"20190703132634","is_ascension_mode":true,"campfire_choices":[{"data":"Streamline","floor":6,"key":"SMITH"},{"data":"Darkness","floor":10,"key":"SMITH"},{"data":"Conserve Battery","floor":15,"key":"SMITH"}],"neow_cost":"NONE","seed_source_timestamp":498303558809973,"circlet_count":0,"master_deck":["AscendersBane","Strike_B+1","Defend_B","Defend_B+1","Defend_B","Defend_B","Zap","Dualcast","Beam Cell","Defragment+1","Streamline+1","Darkness+1","Steam","Capacitor","Conserve Battery+1","Sweeping Beam","Electrodynamics","Blizzard+1","Seek"],"relics":["Cracked Core","Golden Idol","Symbiotic Virus","Meat on the Bone","Bag of Marbles","Sozu"],"potions_floor_usage":[3,11,12],"damage_taken":[{"damage":3,"enemies":"Small Slimes","floor":1,"turns":2},{"damage":5,"enemies":"2 Louse","floor":3,"turns":2},{"damage":1,"enemies":"Cultist","floor":4,"turns":3},{"damage":32,"enemies":"Gremlin Nob","floor":7,"turns":4},{"damage":8,"enemies":"Red Slaver","floor":11,"turns":3},{"damage":7,"enemies":"2 Fungi Beasts","floor":12,"turns":3},{"damage":22,"enemies":"Hexaghost","floor":16,"turns":8},{"damage":1,"enemies":"Chosen","floor":18,"turns":3},{"damage":43,"enemies":"2 Thieves","floor":21,"turns":4},{"damage":21,"enemies":"Cultist and Chosen","floor":22,"turns":5},{"damage":13,"enemies":"Slavers","floor":23,"turns":1}],"seed_played":"-6586575507424307933","potions_obtained":[{"floor":1,"key":"Swift Potion"},{"floor":4,"key":"Energy Potion"},{"floor":11,"key":"Regen Potion"}],"is_trial":false,"path_per_floor":["M","?","M","M","?","R","E","?","T","R","M","M","?","$","R","B",null,"M","?","?","M","M","E"],"character_chosen":"DEFECT","items_purchased":["Bag of Marbles","Sweeping Beam"],"campfire_rested":0,"item_purchase_floors":[14,14],"current_hp_per_floor":[61,61,56,55,55,55,23,23,23,23,27,41,28,28,28,18,54,53,53,53,22,13,0],"gold":157,"neow_bonus":"THREE_CARDS","is_prod":false,"is_daily":false,"chose_seed":false,"campfire_upgraded":3,"win_rate":0,"timestamp":1562185594,"path_taken":["M","?","M","M","?","R","E","?","T","R","M","M","?","?","R","BOSS","M","?","?","M","?","E"],"build_version":"2019-07-01","purchased_purges":1,"victory":false,"max_hp_per_floor":[71,71,71,71,66,66,66,66,66,66,66,66,66,66,66,66,66,66,66,66,66,66,66],"card_choices":[{"not_picked":["Fusion","Turbo"],"picked":"Beam Cell","floor":0},{"not_picked":["Self Repair","Barrage"],"picked":"Defragment","floor":1},{"not_picked":["Turbo","Beam Cell"],"picked":"Streamline","floor":3},{"not_picked":["Barrage","Stack"],"picked":"Darkness","floor":4},{"not_picked":["Streamline","Storm"],"picked":"Steam","floor":7},{"not_picked":["Consume","Turbo"],"picked":"Capacitor","floor":11},{"not_picked":["FTL","Force Field"],"picked":"Conserve Battery","floor":12},{"not_picked":["Meteor Strike","Rainbow"],"picked":"Electrodynamics","floor":16},{"not_picked":["FTL+1","Rebound","Reprogram"],"picked":"SKIP","floor":18},{"not_picked":["Cold Snap+1","Heatsinks","Storm"],"picked":"SKIP","floor":21},{"not_picked":["Streamline","Rip and Tear+1","White Noise"],"picked":"SKIP","floor":22}],"player_experience":1388548,"relics_obtained":[{"floor":7,"key":"Symbiotic Virus"},{"floor":9,"key":"Meat on the Bone"}],"event_choices":[{"damage_healed":0,"gold_gain":0,"player_choice":"Ignored","damage_taken":0,"max_hp_gain":0,"max_hp_loss":0,"event_name":"Liars Game","floor":2,"gold_loss":0},{"damage_healed":0,"gold_gain":0,"player_choice":"Lose Max HP","damage_taken":0,"relics_obtained":["Golden Idol"],"max_hp_gain":0,"max_hp_loss":5,"event_name":"Golden Idol","floor":5,"gold_loss":0},{"damage_healed":0,"gold_gain":68,"player_choice":"Gained Gold","damage_taken":0,"max_hp_gain":0,"max_hp_loss":0,"event_name":"Golden Wing","floor":8,"gold_loss":0},{"damage_healed":0,"gold_gain":0,"player_choice":"Entered Light","damage_taken":13,"max_hp_gain":0,"max_hp_loss":0,"event_name":"Shining Light","floor":13,"gold_loss":0,"cards_upgraded":["Defragment","Strike_B"]},{"damage_healed":0,"gold_gain":0,"cards_transformed":["Strike_B","Strike_B"],"player_choice":"Became Test Subject","damage_taken":0,"max_hp_gain":0,"max_hp_loss":0,"event_name":"Drug Dealer","floor":19,"gold_loss":0,"cards_obtained":["Blizzard","Seek"]},{"damage_healed":0,"gold_gain":0,"player_choice":"Upgraded Two","damage_taken":0,"max_hp_gain":0,"max_hp_loss":0,"event_name":"Designer","floor":20,"gold_loss":40,"cards_upgraded":["Defend_B","Blizzard"]}],"is_beta":false,"boss_relics":[{"not_picked":["Nuclear Battery","Pandora\u0027s Box"],"picked":"Sozu"}],"items_purged_floors":[14],"is_endless":false,"potions_floor_spawned":[1,4,11,21],"killed_by":"Slavers","ascension_level":14}