{"gold_per_floor":[112,112,112,132,144,178,190,216,216,229,37,37,57,67,67,165,165,151,162,124,134,35,65,65,83,383,482,482,482,482,514,514,514],"floor_reached":33,"playtime":2317,"items_purged":["Pain"],"score":337,"play_id":"e475bd96-f909-4a79-873c-e9a405b732c4","local_time":"20190619232651","is_ascension_mode":true,"campfire_choices":[{"floor":12,"key":"REST"},{"floor":15,"key":"REST"},{"floor":24,"key":"REST"},{"floor":30,"key":"REST"},{"floor":32,"key":"REST"}],"neow_cost":"NONE","seed_source_timestamp":142124577355346,"circlet_count":0,"master_deck":["Strike_R","Strike_R","Strike_R","Strike_R","Strike_R","Defend_R","Defend_R","Defend_R","Defend_R","Bash","Anger","Flex","Anger","Carnage","Pommel Strike","Armaments","Barricade","Clumsy","Shame","Cleave","Cleave","Necronomicurse"],"relics":["Burning Blood","Vajra","StoneCalendar","Darkstone Periapt","Membership Card","Calling Bell","Lantern","Blue Candle","Ice Cream","Red Skull","Pantograph","Old Coin","Necronomicon","Pocketwatch"],"potions_floor_usage":[8,14,16,16,23,23,23,23,23,23],"damage_taken":[{"damage":6,"enemies":"Jaw Worm","floor":1,"turns":4},{"damage":7,"enemies":"Small Slimes","floor":4,"turns":3},{"damage":0,"enemies":"2 Louse","floor":5,"turns":2},{"damage":35,"enemies":"3 Sentries","floor":6,"turns":7},{"damage":7,"enemies":"Blue Slaver","floor":7,"turns":3},{"damage":26,"enemies":"Lagavulin","floor":8,"turns":4},{"damage":11,"enemies":"3 Louse","floor":10,"turns":2},{"damage":10,"enemies":"Looter","floor":13,"turns":2},{"damage":6,"enemies":"Exordium Thugs","floor":14,"turns":3},{"damage":52,"enemies":"Hexaghost","floor":16,"turns":8},{"damage":24,"enemies":"2 Thieves","floor":18,"turns":4},{"damage":33,"enemies":"Shell Parasite","floor":19,"turns":6},{"damage":41,"enemies":"Sentry and Sphere","floor":21,"turns":6},{"damage":20,"enemies":"Gremlin Leader","floor":23,"turns":4},{"damage":27,"enemies":"Snake Plant","floor":25,"turns":3},{"damage":32,"enemies":"Book of Stabbing","floor":31,"turns":4},{"damage":72,"enemies":"Collector","floor":33,"turns":5}],"seed_played":"-524380315276241348","potions_obtained":[{"floor":4,"key":"Poison Potion"},{"floor":5,"key":"SkillPotion"},{"floor":10,"key":"Strength Potion"},{"floor":14,"key":"PowerPotion"},{"floor":19,"key":"Poison Potion"},{"floor":21,"key":"EntropicBrew"}],"is_trial":false,"path_per_floor":["M","?","?","M","M","E","M","E","T","M","$","R","M","M","R","B",null,"M","M","$","M","$","E","R","M","T","?","?","?","R","E","R","B"],"character_chosen":"IRONCLAD","items_purchased":["Membership Card","Red Skull","SteroidPotion"],"campfire_rested":5,"item_purchase_floors":[11,22,22],"current_hp_per_floor":[80,80,85,84,85,56,55,35,35,30,30,55,51,51,76,30,103,85,58,58,23,23,9,39,18,18,18,18,8,40,14,46,0],"gold":514,"neow_bonus":"THREE_CARDS","is_prod":false,"is_daily":false,"chose_seed":false,"campfire_upgraded":0,"win_rate":0,"timestamp":1561004811,"path_taken":["M","?","?","M","M","E","M","E","T","M","$","R","M","M","R","BOSS","M","M","$","M","$","E","R","M","T","?","?","?","R","E","R","BOSS"],"build_version":"2019-01-23","purchased_purges":1,"victory":false,"max_hp_per_floor":[80,80,85,85,85,85,85,85,85,85,85,85,85,85,85,85,103,103,103,103,103,103,103,103,103,103,103,103,109,109,109,109,109],"card_choices":[{"not_picked":["Body Slam","Headbutt"],"picked":"Anger","floor":0},{"not_picked":["Headbutt","Iron Wave"],"picked":"Flex","floor":1},{"not_picked":["Body Slam","Flex"],"picked":"Anger","floor":4},{"not_picked":["Wild Strike","Rupture","Evolve"],"picked":"SKIP","floor":5},{"not_picked":["Body Slam","Sword Boomerang","Dual Wield"],"picked":"SKIP","floor":6},{"not_picked":["Feel No Pain","Battle Trance"],"picked":"Carnage","floor":7},{"not_picked":["Sword Boomerang","Juggernaut","Wild Strike"],"picked":"SKIP","floor":8},{"not_picked":["Clothesline","Warcry"],"picked":"Pommel Strike","floor":10},{"not_picked":["Whirlwind","Dropkick","Clash"],"picked":"SKIP","floor":13},{"not_picked":["Blood for Blood","Heavy Blade"],"picked":"Armaments","floor":14},{"not_picked":["Demon Form","Bludgeon"],"picked":"Barricade","floor":16},{"not_picked":["Warcry+1","Iron Wave","Sever Soul+1"],"picked":"SKIP","floor":18},{"not_picked":["True Grit","Pommel Strike+1"],"picked":"Cleave","floor":19},{"not_picked":["Heavy Blade","True Grit+1","Headbutt"],"picked":"SKIP","floor":21},{"not_picked":["Berserk","Metallicize"],"picked":"Cleave","floor":23},{"not_picked":["Clash","Body Slam","Perfected Strike"],"picked":"SKIP","floor":25},{"not_picked":["True Grit+1","Sever Soul","Clash+1"],"picked":"SKIP","floor":31}],"player_experience":133975,"relics_obtained":[{"floor":6,"key":"Vajra"},{"floor":8,"key":"StoneCalendar"},{"floor":9,"key":"Darkstone Periapt"},{"floor":17,"key":"Lantern"},{"floor":17,"key":"Blue Candle"},{"floor":17,"key":"Ice Cream"},{"floor":23,"key":"Pantograph"},{"floor":26,"key":"Old Coin"},{"floor":29,"key":"Necronomicon"},{"floor":31,"key":"Pocketwatch"}],"event_choices":[{"damage_healed":0,"gold_gain":0,"player_choice":"Ignored","damage_taken":0,"max_hp_gain":0,"max_hp_loss":0,"event_name":"Golden Wing","floor":2,"gold_loss":0},{"damage_healed":0,"gold_gain":0,"player_choice":"Donut","damage_taken":0,"max_hp_gain":5,"max_hp_loss":0,"event_name":"Big Fish","floor":3,"gold_loss":0},{"damage_healed":0,"gold_gain":99,"player_choice":"Stole From Cult","damage_taken":0,"max_hp_gain":0,"max_hp_loss":0,"event_name":"Nest","floor":27,"gold_loss":0},{"damage_healed":0,"gold_gain":0,"player_choice":"Ignored","damage_taken":0,"max_hp_gain":0,"max_hp_loss":0,"event_name":"Vampires","floor":28,"gold_loss":0},{"damage_healed":0,"gold_gain":0,"player_choice":"Obtained Book","damage_taken":16,"max_hp_gain":0,"max_hp_loss":0,"event_name":"Cursed Tome","floor":29,"gold_loss":0}],"is_beta":false,"boss_relics":[{"not_picked":["Busted Crown","Empty Cage"],"picked":"Calling Bell"}],"items_purged_floors":[20],"is_endless":false,"potions_floor_spawned":[4,5,10,14,19,21],"killed_by":"Collector","ascension_level":1}