{"gold_per_floor":[111,111,88,98,112,145,0,0,26,41,41,41,41,73,73,170,170,181,181,181,191,116,116,145,165,216,131,146,22,22,34,34,34],"floor_reached":33,"playtime":2418,"items_purged":["Clash"],"score":437,"play_id":"d9e42534-f48d-4220-9edf-ea6203e196d1","local_time":"20181223172347","is_ascension_mode":true,"campfire_choices":[{"floor":8,"key":"REST"},{"data":"Warcry","floor":11,"key":"SMITH"},{"data":"Bash","floor":15,"key":"SMITH"},{"floor":23,"key":"REST"},{"data":"Panacea","floor":32,"key":"SMITH"}],"neow_cost":"PERCENT_DAMAGE","seed_source_timestamp":14859640957173,"circlet_count":0,"master_deck":["AscendersBane","Strike_R+1","Strike_R","Defend_R","Defend_R","Defend_R","Defend_R","Bash+1","Bludgeon+1","Warcry+1","Shrug It Off","Warcry","Panacea+1","Clothesline","Immolate","Flame Barrier","Parasite","Havoc","Shockwave+1","Parasite","Doubt"],"relics":["Burning Blood","Whetstone","Bag of Marbles","Pen Nib","Regal Pillow","Pocketwatch","Cursed Key","Sundial","Potion Belt","Orichalcum","Bronze Scales","Blue Candle"],"potions_floor_usage":[14,16,24,24,31,31,33,33],"damage_taken":[{"damage":8,"enemies":"Jaw Worm","floor":1,"turns":5},{"damage":0,"enemies":"2 Louse","floor":4,"turns":3},{"damage":4,"enemies":"Small Slimes","floor":5,"turns":3},{"damage":27,"enemies":"Lagavulin","floor":6,"turns":5},{"damage":10,"enemies":"3 Louse","floor":10,"turns":5},{"damage":29,"enemies":"3 Sentries","floor":14,"turns":6},{"damage":20,"enemies":"Hexaghost","floor":16,"turns":8},{"damage":24,"enemies":"3 Byrds","floor":18,"turns":4},{"damage":0,"enemies":"Chosen","floor":21,"turns":3},{"damage":48,"enemies":"Gremlin Leader","floor":24,"turns":5},{"damage":7,"enemies":"Snake Plant","floor":25,"turns":3},{"damage":4,"enemies":"3 Cultists","floor":28,"turns":4},{"damage":13,"enemies":"Shelled Parasite and Fungi","floor":31,"turns":5},{"damage":33,"enemies":"Champ","floor":33,"turns":9}],"seed_played":"-2077161121365292358","potions_obtained":[{"floor":4,"key":"Dexterity Potion"},{"floor":5,"key":"Dexterity Potion"},{"floor":6,"key":"PowerPotion"},{"floor":18,"key":"Poison Potion"},{"floor":21,"key":"Dexterity Potion"},{"floor":24,"key":"SkillPotion"},{"floor":28,"key":"Block Potion"}],"is_trial":false,"path_per_floor":["M","?","?","M","M","E","$","R","T","M","R","?","?","E","R","B",null,"M","T","?","M","$","R","E","M","T","?","M","$","T","M","R","B"],"character_chosen":"IRONCLAD","items_purchased":["Bag of Marbles","Fire Potion","Regen Potion"],"campfire_rested":2,"item_purchase_floors":[7,29,29],"current_hp_per_floor":[49,49,49,55,57,36,36,60,60,56,56,53,53,30,30,16,64,46,46,31,37,37,77,35,34,34,34,36,36,36,43,43,10],"gold":34,"neow_bonus":"REMOVE_TWO","is_prod":false,"is_daily":false,"chose_seed":false,"campfire_upgraded":3,"win_rate":0,"timestamp":1545614627,"path_taken":["M","?","?","M","M","E","$","R","T","M","R","?","?","E","R","BOSS","M","?","?","M","$","R","E","M","T","?","M","$","?","M","R","BOSS"],"build_version":"2018-12-20","purchased_purges":1,"victory":false,"max_hp_per_floor":[80,80,80,80,80,80,80,80,80,80,80,80,80,80,80,80,80,80,80,85,85,85,85,85,85,85,85,85,85,85,85,85,85],"card_choices":[{"not_picked":["Iron Wave","Shockwave"],"picked":"Clash","floor":1},{"not_picked":["Metallicize","Pummel"],"picked":"Warcry","floor":4},{"not_picked":["Pommel Strike","Armaments"],"picked":"Shrug It Off","floor":5},{"not_picked":["Shrug It Off","Limit Break"],"picked":"Warcry","floor":6},{"not_picked":["Power Through","Armaments","Warcry"],"picked":"SKIP","floor":10},{"not_picked":["Corruption","Havoc"],"picked":"Clothesline","floor":14},{"not_picked":["Fiend Fire","Reaper"],"picked":"Immolate","floor":16},{"not_picked":["Sever Soul","Second Wind"],"picked":"Flame Barrier","floor":18},{"not_picked":["Disarm","Cleave"],"picked":"Havoc","floor":21},{"not_picked":["Metallicize","Clothesline+1","Shrug It Off"],"picked":"SKIP","floor":24},{"not_picked":["Wild Strike","True Grit"],"picked":"Shockwave+1","floor":25},{"not_picked":["Metallicize","Pommel Strike","Clash"],"picked":"SKIP","floor":28},{"not_picked":["Armaments","Metallicize","Warcry"],"picked":"SKIP","floor":31}],"player_experience":518017,"relics_obtained":[{"floor":6,"key":"Whetstone"},{"floor":9,"key":"Pen Nib"},{"floor":14,"key":"Pocketwatch"},{"floor":19,"key":"Sundial"},{"floor":24,"key":"Potion Belt"},{"floor":26,"key":"Orichalcum"},{"floor":30,"key":"Blue Candle"}],"event_choices":[{"damage_healed":0,"gold_gain":0,"cards_transformed":["Strike_R"],"player_choice":"Change","damage_taken":0,"max_hp_gain":0,"max_hp_loss":0,"event_name":"Living Wall","floor":2,"gold_loss":0,"cards_obtained":["Bludgeon"]},{"damage_healed":0,"gold_gain":0,"player_choice":"Left Gold","damage_taken":0,"max_hp_gain":0,"max_hp_loss":0,"event_name":"World of Goop","floor":3,"gold_loss":23},{"damage_healed":0,"gold_gain":0,"player_choice":"Success","damage_taken":3,"relics_obtained":["Regal Pillow"],"max_hp_gain":0,"max_hp_loss":0,"event_name":"Scrap Ooze","floor":12,"gold_loss":0},{"damage_healed":0,"gold_gain":0,"player_choice":"1 cards matched","damage_taken":0,"max_hp_gain":0,"max_hp_loss":0,"event_name":"Match and Keep!","floor":13,"gold_loss":0,"cards_obtained":["Panacea"]},{"damage_healed":0,"gold_gain":0,"player_choice":"Shed Blood","damage_taken":20,"max_hp_gain":5,"max_hp_loss":0,"event_name":"Forgotten Altar","floor":20,"gold_loss":0},{"damage_healed":0,"gold_gain":0,"player_choice":"Obtained Relic","damage_taken":0,"relics_obtained":["Bronze Scales"],"max_hp_gain":0,"max_hp_loss":0,"event_name":"Addict","floor":27,"gold_loss":85}],"is_beta":false,"boss_relics":[{"not_picked":["Sozu","Runic Dome"],"picked":"Cursed Key"}],"items_purged_floors":[22],"is_endless":false,"potions_floor_spawned":[4,5,6,18,21,24,28],"killed_by":"Champ","ascension_level":12}