{"gold_per_floor":[362,161,177,177,192,192,209,237,288,288],"floor_reached":10,"playtime":947,"items_purged":[],"score":116,"play_id":"be0e6827-6004-408b-b499-819d45ceebd1","local_time":"20190630183437","is_ascension_mode":true,"campfire_choices":[{"data":"Beam Cell","floor":6,"key":"SMITH"}],"neow_cost":"TEN_PERCENT_HP_LOSS","seed_source_timestamp":258880867163170,"circlet_count":0,"master_deck":["AscendersBane","Strike_B","Strike_B","Strike_B","Strike_B","Defend_B","Defend_B","Defend_B","Defend_B","Zap","Dualcast","Cold Snap","Beam Cell+1","Conserve Battery","Ball Lightning","Barrage"],"relics":["Cracked Core","Membership Card","Mummified Hand","Lantern"],"potions_floor_usage":[],"damage_taken":[{"damage":0,"enemies":"Cultist","floor":1,"turns":3},{"damage":19,"enemies":"Small Slimes","floor":3,"turns":4},{"damage":2,"enemies":"Jaw Worm","floor":5,"turns":2},{"damage":2,"enemies":"2 Fungi Beasts","floor":7,"turns":3},{"damage":27,"enemies":"Gremlin Nob","floor":8,"turns":4},{"damage":18,"enemies":"Large Slime","floor":10,"turns":3}],"seed_played":"6741991846933718969","potions_obtained":[{"floor":7,"key":"Ancient Potion"},{"floor":8,"key":"Swift Potion"}],"is_trial":false,"path_per_floor":["M","$","M","?","M","R","M","E","T","M"],"character_chosen":"DEFECT","items_purchased":["Membership Card"],"campfire_rested":0,"item_purchase_floors":[2],"current_hp_per_floor":[64,64,45,45,43,43,41,14,14,0],"gold":288,"neow_bonus":"TWO_FIFTY_GOLD","is_prod":false,"is_daily":false,"chose_seed":false,"campfire_upgraded":1,"win_rate":0,"timestamp":1561944877,"path_taken":["M","$","M","?","?","R","M","E","T","M"],"build_version":"2019-01-23","purchased_purges":0,"victory":false,"max_hp_per_floor":[64,64,64,64,64,64,64,64,64,64],"card_choices":[{"not_picked":["Stack","Beam Cell"],"picked":"Cold Snap","floor":1},{"not_picked":["White Noise","Skim"],"picked":"Beam Cell","floor":3},{"not_picked":["Coolheaded","Consume"],"picked":"Conserve Battery","floor":5},{"not_picked":["Leap","Loop"],"picked":"Ball Lightning","floor":7},{"not_picked":["Go for the Eyes","Streamline"],"picked":"Barrage","floor":8}],"player_experience":1368834,"relics_obtained":[{"floor":8,"key":"Mummified Hand"},{"floor":9,"key":"Lantern"}],"event_choices":[{"damage_healed":0,"gold_gain":0,"player_choice":"0 cards matched","damage_taken":0,"max_hp_gain":0,"max_hp_loss":0,"event_name":"Match and Keep!","floor":4,"gold_loss":0,"cards_obtained":[]}],"is_beta":false,"boss_relics":[],"items_purged_floors":[],"is_endless":false,"potions_floor_spawned":[7,8],"killed_by":"Large Slime","ascension_level":14}