{"gold_per_floor":[114,114,189,209,209,235,235,36,63,118,118,132,159,190,190,265,265,285,275,275,275,275],"floor_reached":22,"playtime":1372,"items_purged":[],"score":375,"play_id":"8ff9fe08-8844-44c5-89cf-e7968ecb414c","local_time":"20181228121942","is_ascension_mode":true,"campfire_choices":[{"data":"Armaments","floor":7,"key":"SMITH"},{"data":"Inflame","floor":11,"key":"SMITH"},{"data":"Bash","floor":15,"key":"SMITH"}],"neow_cost":"NONE","seed_source_timestamp":156988878487609,"circlet_count":0,"master_deck":["AscendersBane","Strike_R","Strike_R","Strike_R","Strike_R","Defend_R","Defend_R","Defend_R","Defend_R","Bash+1","Flex","Cleave","Armaments+1","Inflame+1","HandOfGreed","Flex","Cleave","Double Tap","Berserk","Battle Trance","Decay"],"relics":["Burning Blood","NeowsBlessing","Darkstone Periapt","Ancient Tea Set","PreservedInsect","Tiny Chest","Orichalcum","Black Star","Vajra"],"potions_floor_usage":[10,16,16,18,22],"damage_taken":[{"damage":0,"enemies":"Small Slimes","floor":1,"turns":1},{"damage":0,"enemies":"2 Louse","floor":4,"turns":1},{"damage":0,"enemies":"3 Sentries","floor":6,"turns":1},{"damage":3,"enemies":"Gremlin Nob","floor":10,"turns":3},{"damage":12,"enemies":"Jaw Worm","floor":12,"turns":3},{"damage":10,"enemies":"3 Sentries","floor":13,"turns":4},{"damage":10,"enemies":"Blue Slaver","floor":14,"turns":4},{"damage":36,"enemies":"The Guardian","floor":16,"turns":12},{"damage":13,"enemies":"Chosen","floor":18,"turns":4},{"damage":35,"enemies":"2 Thieves","floor":19,"turns":4},{"damage":21,"enemies":"Snake Plant","floor":22,"turns":2}],"seed_played":"8615440086938258402","potions_obtained":[{"floor":6,"key":"PowerPotion"},{"floor":12,"key":"Regen Potion"},{"floor":13,"key":"Dexterity Potion"},{"floor":16,"key":"PowerPotion"},{"floor":18,"key":"Swift Potion"}],"is_trial":false,"path_per_floor":["M","?","?","M","?","E","R","$","T","E","R","M","E","M","R","B",null,"M","M","?","T","M"],"character_chosen":"IRONCLAD","items_purchased":["HandOfGreed","Flex"],"campfire_rested":0,"item_purchase_floors":[8,8],"current_hp_per_floor":[78,66,55,61,61,67,67,67,67,70,70,64,60,56,56,41,70,63,34,40,40,19],"gold":275,"neow_bonus":"THREE_ENEMY_KILL","is_prod":false,"is_daily":false,"chose_seed":false,"campfire_upgraded":3,"win_rate":0,"timestamp":1546028382,"path_taken":["M","?","?","M","?","E","R","?","T","E","R","?","E","M","R","BOSS","M","M","?","?","M"],"build_version":"2018-12-20","purchased_purges":0,"victory":false,"max_hp_per_floor":[80,80,80,80,80,80,80,80,80,80,80,80,80,80,80,80,80,80,80,86,86,86],"card_choices":[{"not_picked":["Fire Breathing","Sentinel"],"picked":"Flex","floor":1},{"not_picked":["Second Wind","Heavy Blade"],"picked":"Cleave","floor":4},{"not_picked":["Carnage","Rupture"],"picked":"Inflame","floor":6},{"not_picked":["Rampage","Burning Pact"],"picked":"Cleave","floor":10},{"not_picked":["Armaments","Havoc","Wild Strike"],"picked":"SKIP","floor":12},{"not_picked":["Thunderclap","Pommel Strike"],"picked":"Double Tap","floor":13},{"not_picked":["Anger","Sword Boomerang","Clothesline"],"picked":"SKIP","floor":14},{"not_picked":["Dark Embrace","Juggernaut"],"picked":"Berserk","floor":16},{"not_picked":["Pommel Strike","Clash","Perfected Strike"],"picked":"SKIP","floor":18},{"not_picked":["Clothesline","Iron Wave"],"picked":"Battle Trance","floor":19}],"player_experience":550005,"relics_obtained":[{"floor":6,"key":"Ancient Tea Set"},{"floor":9,"key":"PreservedInsect"},{"floor":10,"key":"Tiny Chest"},{"floor":13,"key":"Orichalcum"},{"floor":21,"key":"Vajra"}],"event_choices":[{"damage_healed":0,"gold_gain":0,"player_choice":"Success","damage_taken":12,"relics_obtained":["Darkstone Periapt"],"max_hp_gain":0,"max_hp_loss":0,"event_name":"Scrap Ooze","floor":2,"gold_loss":0},{"damage_healed":0,"gold_gain":75,"player_choice":"Gather Gold","damage_taken":11,"max_hp_gain":0,"max_hp_loss":0,"event_name":"World of Goop","floor":3,"gold_loss":0},{"damage_healed":0,"gold_gain":0,"cards_transformed":["Strike_R"],"player_choice":"Change","damage_taken":0,"max_hp_gain":0,"max_hp_loss":0,"event_name":"Living Wall","floor":5,"gold_loss":0,"cards_obtained":["Armaments"]},{"damage_healed":0,"gold_gain":0,"player_choice":"Smashed Altar","damage_taken":0,"max_hp_gain":0,"max_hp_loss":0,"event_name":"Forgotten Altar","floor":20,"gold_loss":0,"cards_obtained":["Decay"]}],"is_beta":false,"boss_relics":[{"not_picked":["Pandora\u0027s Box","Philosopher\u0027s Stone"],"picked":"Black Star"}],"items_purged_floors":[],"is_endless":false,"potions_floor_spawned":[6,12,13,16,18],"killed_by":"Snake Plant","ascension_level":13}