{"gold_per_floor":[113,113,124,142,161,186,205,205,205,218,218,229,254,297,309,419,431,453,479,491,503,515,556,568,613,625,657,669,415,450,462,462,462],"floor_reached":33,"playtime":2117,"items_purged":[],"score":374,"play_id":"fdd6a9b1-63d8-4c83-9ce8-67f1bb42a9e6","local_time":"20190624213123","is_ascension_mode":true,"campfire_choices":[{"data":"Armaments","floor":8,"key":"SMITH"},{"data":"Metallicize","floor":11,"key":"SMITH"},{"floor":15,"key":"REST"},{"data":"Immolate","floor":24,"key":"SMITH"},{"floor":28,"key":"REST"},{"floor":32,"key":"REST"}],"neow_cost":"NONE","seed_source_timestamp":567398574501993,"circlet_count":0,"master_deck":["Strike_R+1","Strike_R","Strike_R+1","Strike_R+1","Strike_R","Defend_R","Defend_R","Defend_R","Defend_R","Bash","Iron Wave+1","Anger","Iron Wave","Armaments+1","Metallicize+1","Flex","Immolate+1","Impervious","Flex+1","Rage","Shrug It Off+1","Bludgeon","Shrug It Off+1","Flex+1"],"relics":["Burning Blood","Kunai","Whetstone","MawBank","Lantern","Mark of Pain","MutagenicStrength","Toxic Egg 2","Pantograph","Pear","Singing Bowl","Gremlin Horn","Regal Pillow"],"potions_floor_usage":[14,23,30,33,33],"damage_taken":[{"damage":5,"enemies":"Small Slimes","floor":1,"turns":3},{"damage":13,"enemies":"Jaw Worm","floor":3,"turns":4},{"damage":0,"enemies":"Cultist","floor":4,"turns":3},{"damage":5,"enemies":"Large Slime","floor":5,"turns":7},{"damage":16,"enemies":"Gremlin Nob","floor":6,"turns":5},{"damage":11,"enemies":"Looter","floor":7,"turns":3},{"damage":2,"enemies":"Red Slaver","floor":10,"turns":5},{"damage":0,"enemies":"2 Fungi Beasts","floor":12,"turns":4},{"damage":17,"enemies":"Lagavulin","floor":14,"turns":8},{"damage":39,"enemies":"Slime Boss","floor":16,"turns":8},{"damage":11,"enemies":"2 Thieves","floor":18,"turns":4},{"damage":18,"enemies":"Spheric Guardian","floor":19,"turns":4},{"damage":24,"enemies":"Book of Stabbing","floor":23,"turns":6},{"damage":20,"enemies":"Slavers","floor":25,"turns":3},{"damage":35,"enemies":"Shelled Parasite and Fungi","floor":27,"turns":6},{"damage":18,"enemies":"Gremlin Leader","floor":30,"turns":5},{"damage":11,"enemies":"Snake Plant","floor":31,"turns":3},{"damage":106,"enemies":"Collector","floor":33,"turns":10}],"seed_played":"3806594069848860682","potions_obtained":[{"floor":1,"key":"SkillPotion"},{"floor":6,"key":"Energy Potion"},{"floor":10,"key":"SpeedPotion"},{"floor":16,"key":"Dexterity Potion"},{"floor":23,"key":"Fire Potion"},{"floor":30,"key":"SkillPotion"}],"is_trial":false,"path_per_floor":["M","?","M","M","M","E","M","R","T","M","R","M","T","E","R","B",null,"M","M","?","?","?","E","R","E","T","M","R","$","E","M","R","B"],"character_chosen":"IRONCLAD","items_purchased":["Gremlin Horn","Shrug It Off+1"],"campfire_rested":3,"item_purchase_floors":[29,29],"current_hp_per_floor":[88,70,63,69,70,60,55,55,55,59,59,65,65,54,80,47,88,83,71,71,71,71,53,53,49,49,22,52,52,40,37,82,0],"gold":462,"neow_bonus":"TEN_PERCENT_HP_BONUS","is_prod":false,"is_daily":false,"chose_seed":false,"campfire_upgraded":3,"win_rate":0,"timestamp":1561429883,"path_taken":["M","?","M","M","M","E","M","R","T","M","R","M","?","E","R","BOSS","M","?","?","?","?","E","R","E","T","M","R","$","E","M","R","BOSS"],"build_version":"2019-01-23","purchased_purges":0,"victory":false,"max_hp_per_floor":[88,88,88,88,88,88,88,88,88,88,88,88,88,88,88,88,88,88,88,88,88,88,88,88,98,98,100,100,100,100,102,102,102],"card_choices":[{"not_picked":["Combust","Twin Strike"],"picked":"Iron Wave","floor":1},{"not_picked":["Dual Wield","Pommel Strike"],"picked":"Anger","floor":3},{"not_picked":["Power Through","Headbutt"],"picked":"Iron Wave","floor":4},{"not_picked":["Body Slam","Perfected Strike"],"picked":"Armaments","floor":5},{"not_picked":["Brutality","Seeing Red","Spot Weakness"],"picked":"SKIP","floor":6},{"not_picked":["Dual Wield","Thunderclap"],"picked":"Metallicize","floor":7},{"not_picked":["Flame Barrier","Clothesline","Iron Wave"],"picked":"SKIP","floor":10},{"not_picked":["Disarm","Havoc"],"picked":"Flex","floor":12},{"not_picked":["Fire Breathing","Battle Trance"],"picked":"Immolate","floor":14},{"not_picked":["Berserk","Reaper"],"picked":"Impervious","floor":16},{"not_picked":["Warcry","Armaments"],"picked":"Flex+1","floor":18},{"not_picked":["Searing Blow","Disarm","Reckless Charge"],"picked":"SKIP","floor":19},{"not_picked":["Dual Wield+1","True Grit+1"],"picked":"Shrug It Off+1","floor":23},{"not_picked":["Rampage+1","Searing Blow+1"],"picked":"Bludgeon","floor":25},{"not_picked":["Searing Blow","Wild Strike","Power Through+1"],"picked":"Singing Bowl","floor":27},{"not_picked":["Pommel Strike","Intimidate+1"],"picked":"Flex+1","floor":30},{"not_picked":["Hemokinesis","Pommel Strike","Headbutt"],"picked":"Singing Bowl","floor":31}],"player_experience":183133,"relics_obtained":[{"floor":6,"key":"Kunai"},{"floor":9,"key":"Whetstone"},{"floor":13,"key":"MawBank"},{"floor":14,"key":"Lantern"},{"floor":22,"key":"Toxic Egg 2"},{"floor":23,"key":"Pantograph"},{"floor":25,"key":"Pear"},{"floor":26,"key":"Singing Bowl"},{"floor":30,"key":"Regal Pillow"}],"event_choices":[{"damage_healed":0,"gold_gain":0,"player_choice":"Entered Light","damage_taken":18,"max_hp_gain":0,"max_hp_loss":0,"event_name":"Shining Light","floor":2,"gold_loss":0,"cards_upgraded":["Strike_R","Strike_R"]},{"damage_healed":0,"gold_gain":0,"player_choice":"Read","damage_taken":0,"max_hp_gain":0,"max_hp_loss":0,"event_name":"The Library","floor":20,"gold_loss":0,"cards_obtained":["Rage"]},{"damage_healed":0,"gold_gain":0,"player_choice":"Inject Mutagens","damage_taken":0,"relics_obtained":["MutagenicStrength"],"max_hp_gain":0,"max_hp_loss":0,"event_name":"Drug Dealer","floor":21,"gold_loss":0},{"damage_healed":0,"gold_gain":0,"player_choice":"Relic","damage_taken":0,"max_hp_gain":0,"max_hp_loss":0,"event_name":"Wheel of Change","floor":22,"gold_loss":0}],"is_beta":false,"boss_relics":[{"not_picked":["Astrolabe","Empty Cage"],"picked":"Mark of Pain"}],"items_purged_floors":[],"is_endless":false,"potions_floor_spawned":[1,6,10,16,23,27,30,31],"killed_by":"Collector","ascension_level":2}