{"gold_per_floor":[111,128,147,112,62,62,89,89,167,200,200,216,91,103,103,204,204,215,315,230,241,254,254,254,66,66,66,80,80,80,115,115,210,210,226,189,201,1200,1200,1200,1200,1228,1228,1238,1238],"floor_reached":45,"playtime":5085,"items_purged":[],"score":569,"play_id":"0079b039-837a-46e3-bf75-3d7743716002","local_time":"20190607204750","is_ascension_mode":false,"campfire_choices":[{"data":"Cleave","floor":6,"key":"SMITH"},{"floor":8,"key":"REST"},{"data":"Armaments","floor":15,"key":"SMITH"},{"floor":23,"key":"REST"},{"floor":29,"key":"REST"},{"floor":32,"key":"REST"},{"data":"1","floor":40,"key":"LIFT"}],"neow_cost":"PERCENT_DAMAGE","seed_source_timestamp":2042422183254096,"circlet_count":0,"master_deck":["Strike_R","Strike_R","Strike_R","Strike_R","Strike_R","Defend_R","Defend_R+1","Defend_R","Bash","Cleave+1","Armaments+1","Iron Wave","Thunderclap","Cleave","Iron Wave","Anger","Cleave","Juggernaut","Pommel Strike","Cleave","Shrug It Off","Flex+1","Impervious","Carnage+1","RitualDagger+1","Heavy Blade+1","Metallicize","Metallicize","Metallicize+1","Searing Blow+1"],"relics":["Burning Blood","War Paint","Mercury Hourglass","Omamori","FaceOfCleric","Runic Pyramid","Girya","Ornamental Fan","Kunai","Molten Egg 2","PreservedInsect","Black Star","Boot","Centennial Puzzle","Oddly Smooth Stone"],"potions_floor_usage":[14,21,22,22,28,33,44,44,45],"damage_taken":[{"damage":3,"enemies":"2 Louse","floor":1,"turns":3},{"damage":8,"enemies":"Small Slimes","floor":2,"turns":3},{"damage":1,"enemies":"Cultist","floor":3,"turns":4},{"damage":46,"enemies":"Lagavulin","floor":7,"turns":8},{"damage":12,"enemies":"Gremlin Nob","floor":10,"turns":4},{"damage":2,"enemies":"Looter","floor":12,"turns":3},{"damage":0,"enemies":"2 Fungi Beasts","floor":14,"turns":3},{"damage":40,"enemies":"Slime Boss","floor":16,"turns":9},{"damage":31,"enemies":"2 Thieves","floor":18,"turns":4},{"damage":26,"enemies":"Colosseum Slavers","floor":19,"turns":4},{"damage":37,"enemies":"Colosseum Nobs","floor":19,"turns":5},{"damage":10,"enemies":"Spheric Guardian","floor":21,"turns":5},{"damage":13,"enemies":"Snake Plant","floor":22,"turns":4},{"damage":26,"enemies":"Shelled Parasite and Fungi","floor":28,"turns":7},{"damage":29,"enemies":"Slavers","floor":31,"turns":5},{"damage":54,"enemies":"Automaton","floor":33,"turns":13},{"damage":19,"enemies":"Orb Walker","floor":35,"turns":3},{"damage":0,"enemies":"3 Shapes","floor":37,"turns":3},{"damage":51,"enemies":"Nemesis","floor":42,"turns":7},{"damage":19,"enemies":"Jaw Worm Horde","floor":44,"turns":4},{"damage":76,"enemies":"Maw","floor":45,"turns":9}],"seed_played":"-5595844414914977069","potions_obtained":[{"floor":2,"key":"Poison Potion"},{"floor":7,"key":"Explosive Potion"},{"floor":16,"key":"Strength Potion"},{"floor":18,"key":"Fire Potion"},{"floor":22,"key":"SneckoOil"},{"floor":31,"key":"SteroidPotion"},{"floor":33,"key":"Explosive Potion"},{"floor":37,"key":"Strength Potion"},{"floor":44,"key":"BloodPotion"}],"is_trial":false,"path_per_floor":["M","M","M","?","$","R","E","R","T","E","?","M","$","M","R","B",null,"M","?","?","M","M","R","?","$","T","?","M","R","?","E","R","B",null,"M","$","M","?","?","R","?","E","T","M","M"],"character_chosen":"IRONCLAD","items_purchased":["Iron Wave","Anger","Ancient Potion","Explosive Potion","Impervious","Metallicize"],"campfire_rested":4,"item_purchase_floors":[5,13,13,25,25,36],"current_hp_per_floor":[75,73,78,96,96,96,56,84,84,78,78,83,83,90,90,57,99,75,26,26,23,17,48,82,82,82,82,63,94,88,66,97,50,107,95,95,102,102,102,102,119,75,75,63,0],"gold":1238,"neow_bonus":"TWENTY_PERCENT_HP_BONUS","is_prod":false,"is_daily":false,"chose_seed":false,"campfire_upgraded":2,"win_rate":0.0,"timestamp":1559958470,"path_taken":["M","M","M","?","$","R","E","R","T","E","?","?","$","M","R","BOSS","M","?","?","M","M","R","?","$","T","?","?","R","?","E","R","BOSS","M","$","M","?","?","R","?","E","T","M","?"],"build_version":"2019-01-23","purchased_purges":0,"victory":false,"max_hp_per_floor":[96,96,96,96,96,96,96,96,96,96,96,97,97,98,98,99,99,100,102,102,103,104,104,104,104,104,104,105,105,105,106,106,107,107,108,108,109,109,109,109,119,120,120,121,121],"card_choices":[{"not_picked":["Shrug It Off","Pummel"],"picked":"Cleave","floor":1},{"not_picked":["True Grit","Seeing Red","Perfected Strike"],"picked":"SKIP","floor":2},{"not_picked":["Fire Breathing","Flame Barrier"],"picked":"Armaments","floor":3},{"not_picked":["Reckless Charge","Armaments"],"picked":"Thunderclap","floor":7},{"not_picked":["Body Slam","Second Wind"],"picked":"Cleave","floor":10},{"not_picked":["Disarm","Blood for Blood"],"picked":"Iron Wave","floor":12},{"not_picked":["Intimidate","Clash"],"picked":"Cleave","floor":14},{"not_picked":["Exhume","Brutality"],"picked":"Juggernaut","floor":16},{"not_picked":["Dual Wield","Seeing Red"],"picked":"Pommel Strike","floor":18},{"not_picked":["Thunderclap","Fire Breathing"],"picked":"Cleave","floor":19},{"not_picked":["Sword Boomerang","Iron Wave"],"picked":"Shrug It Off","floor":21},{"not_picked":["Combust","Inflame"],"picked":"Flex+1","floor":22},{"not_picked":["Sword Boomerang+1","Shrug It Off"],"picked":"Carnage+1","floor":28},{"not_picked":["Entrench+1","Feel No Pain"],"picked":"Heavy Blade+1","floor":31},{"not_picked":["Berserk","Offering"],"picked":"Bludgeon+1","floor":33},{"not_picked":["Iron Wave+1","Headbutt+1"],"picked":"Metallicize","floor":35},{"not_picked":["Spot Weakness+1","Perfected Strike+1"],"picked":"Metallicize+1","floor":37},{"not_picked":["Rampage+1","Combust"],"picked":"Searing Blow+1","floor":42},{"not_picked":["Seeing Red+1","Disarm","Perfected Strike+1"],"picked":"SKIP","floor":44}],"player_experience":64797,"relics_obtained":[{"floor":7,"key":"War Paint"},{"floor":9,"key":"Mercury Hourglass"},{"floor":10,"key":"Omamori"},{"floor":19,"key":"Girya"},{"floor":19,"key":"Ornamental Fan"},{"floor":26,"key":"Molten Egg 2"},{"floor":31,"key":"PreservedInsect"},{"floor":42,"key":"Boot"},{"floor":42,"key":"Centennial Puzzle"},{"floor":43,"key":"Oddly Smooth Stone"}],"event_choices":[{"damage_healed":24,"gold_gain":0,"player_choice":"Healed","damage_taken":0,"max_hp_gain":0,"max_hp_loss":0,"event_name":"The Cleric","floor":4,"gold_loss":35},{"damage_healed":0,"gold_gain":0,"player_choice":"Trade","damage_taken":0,"relics_obtained":["FaceOfCleric"],"max_hp_gain":0,"max_hp_loss":0,"event_name":"FaceTrader","floor":11,"gold_loss":0},{"damage_healed":0,"gold_gain":0,"player_choice":"Fight","damage_taken":0,"max_hp_gain":0,"max_hp_loss":0,"event_name":"Colosseum","floor":19,"gold_loss":0},{"damage_healed":0,"gold_gain":0,"player_choice":"Fought Nobs","damage_taken":0,"max_hp_gain":0,"max_hp_loss":0,"event_name":"Colosseum","floor":19,"gold_loss":0},{"damage_healed":0,"gold_gain":0,"player_choice":"Obtained Relic","damage_taken":0,"relics_obtained":["Kunai"],"max_hp_gain":0,"max_hp_loss":0,"event_name":"Addict","floor":20,"gold_loss":85},{"damage_healed":34,"gold_gain":0,"player_choice":"Heal","damage_taken":0,"max_hp_gain":0,"max_hp_loss":0,"event_name":"The Library","floor":24,"gold_loss":0},{"damage_healed":0,"gold_gain":0,"player_choice":"Ignored","damage_taken":0,"max_hp_gain":0,"max_hp_loss":0,"event_name":"Ghosts","floor":27,"gold_loss":0},{"damage_healed":0,"gold_gain":0,"player_choice":"Joined the Cult","damage_taken":6,"max_hp_gain":0,"max_hp_loss":0,"event_name":"Nest","floor":30,"gold_loss":0,"cards_obtained":["RitualDagger"]},{"damage_healed":0,"gold_gain":999,"player_choice":"Gold","damage_taken":0,"max_hp_gain":0,"max_hp_loss":0,"event_name":"MindBloom","floor":38,"gold_loss":0,"cards_obtained":["Normality","Normality"]},{"cards_removed":["Defend_R"],"damage_healed":0,"gold_gain":0,"player_choice":"Removed Skill","damage_taken":0,"max_hp_gain":0,"max_hp_loss":0,"event_name":"Falling","floor":39,"gold_loss":0},{"cards_removed":["Bludgeon"],"damage_healed":7,"gold_gain":0,"player_choice":"Offered Rare","damage_taken":0,"max_hp_gain":10,"max_hp_loss":0,"event_name":"Bonfire Elementals","floor":41,"gold_loss":0}],"is_beta":false,"boss_relics":[{"not_picked":["Calling Bell","Runic Dome"],"picked":"Runic Pyramid"},{"not_picked":["Philosopher\u0027s Stone","Snecko Eye"],"picked":"Black Star"}],"items_purged_floors":[],"is_endless":false,"potions_floor_spawned":[2,7,16,18,19,22,31,33,37,44],"killed_by":"Maw","ascension_level":0}