{"gold_per_floor":[214,214,226,238,254,254,270,270,270,41,74,101,24,44,44,141,141,156,166,185,185,185,185,203,235,235,235],"floor_reached":27,"playtime":2364,"items_purged":[],"score":235,"play_id":"1925b8db-ec3a-4f68-89ee-344306dff5c7","local_time":"20190624003800","is_ascension_mode":false,"campfire_choices":[{"data":"Poisoned Stab","floor":6,"key":"SMITH"},{"data":"Deadly Poison","floor":8,"key":"SMITH"},{"floor":15,"key":"REST"},{"floor":23,"key":"REST"}],"neow_cost":"NONE","seed_source_timestamp":491946735588165,"circlet_count":0,"master_deck":["Defend_G","Defend_G","Defend_G","Defend_G","Defend_G","Strike_G","Strike_G","Strike_G","Strike_G","Strike_G","Survivor","Neutralize","Blade Dance","Poisoned Stab+1","Deadly Poison+1","After Image","Infinite Blades","Noxious Fumes","Bane","Envenom","Deadly Poison"],"relics":["Ring of the Snake","FaceOfCleric","Turnip","MealTicket","Snake Skull","Lizard Tail","Nloth\u0027s Gift","Girya","Gremlin Horn"],"potions_floor_usage":[11,25,25,25],"damage_taken":[{"damage":5,"enemies":"Jaw Worm","floor":1,"turns":7},{"damage":0,"enemies":"Cultist","floor":3,"turns":3},{"damage":0,"enemies":"Small Slimes","floor":4,"turns":3},{"damage":12,"enemies":"Exordium Wildlife","floor":5,"turns":4},{"damage":2,"enemies":"Blue Slaver","floor":7,"turns":4},{"damage":28,"enemies":"3 Sentries","floor":11,"turns":7},{"damage":3,"enemies":"2 Fungi Beasts","floor":14,"turns":4},{"damage":30,"enemies":"Slime Boss","floor":16,"turns":9},{"damage":7,"enemies":"Spheric Guardian","floor":18,"turns":5},{"damage":10,"enemies":"Chosen","floor":19,"turns":4},{"damage":27,"enemies":"Shelled Parasite and Fungi","floor":20,"turns":5},{"damage":29,"enemies":"Snake Plant","floor":24,"turns":4},{"damage":51,"enemies":"Slavers","floor":25,"turns":6},{"damage":44,"enemies":"3 Cultists","floor":27,"turns":4}],"seed_played":"-6567141155473283102","potions_obtained":[{"floor":3,"key":"Strength Potion"},{"floor":7,"key":"Energy Potion"},{"floor":14,"key":"GhostInAJar"},{"floor":16,"key":"AttackPotion"}],"is_trial":false,"path_per_floor":["M","?","M","M","M","R","M","R","T","$","E","T","$","M","R","B",null,"M","M","M","?","$","R","M","E","T","M"],"character_chosen":"THE_SILENT","items_purchased":["MealTicket","Infinite Blades","Noxious Fumes"],"campfire_rested":2,"item_purchase_floors":[10,10,13],"current_hp_per_floor":[65,65,66,67,56,56,55,55,55,55,28,28,28,26,48,19,77,71,62,36,36,51,75,47,41,41,0],"gold":235,"neow_bonus":"HUNDRED_GOLD","is_prod":false,"is_daily":false,"chose_seed":false,"campfire_upgraded":2,"win_rate":0.0,"timestamp":1561354680,"path_taken":["M","?","M","M","?","R","M","R","T","$","E","?","?","M","R","BOSS","M","M","M","?","$","R","M","E","T","M"],"build_version":"2019-01-23","purchased_purges":0,"victory":false,"max_hp_per_floor":[70,70,71,72,73,73,74,74,74,74,75,75,75,76,76,77,77,78,79,80,80,80,80,81,82,82,82],"card_choices":[{"not_picked":["Backflip","PiercingWail"],"picked":"Blade Dance","floor":1},{"not_picked":["Tactician","Flying Knee"],"picked":"Poisoned Stab","floor":3},{"not_picked":["Slice","Quick Slash"],"picked":"Deadly Poison","floor":4},{"not_picked":["Dash","Dodge and Roll","Eviscerate"],"picked":"SKIP","floor":5},{"not_picked":["Acrobatics","Prepared"],"picked":"After Image","floor":7},{"not_picked":["Prepared","Well Laid Plans","Dodge and Roll"],"picked":"SKIP","floor":11},{"not_picked":["Infinite Blades","Dagger Spray"],"picked":"Bane","floor":14},{"not_picked":["Adrenaline","Malaise"],"picked":"Envenom","floor":16},{"not_picked":["Heel Hook","Slice","Predator+1"],"picked":"SKIP","floor":18},{"not_picked":["Prepared","Calculated Gamble","All Out Attack"],"picked":"SKIP","floor":19},{"not_picked":["Leg Sweep+1","Slice+1"],"picked":"Deadly Poison","floor":20},{"not_picked":["Prepared","Dodge and Roll","Well Laid Plans"],"picked":"SKIP","floor":24},{"not_picked":["Dagger Throw","Predator","Eviscerate"],"picked":"SKIP","floor":25}],"player_experience":161831,"relics_obtained":[{"floor":9,"key":"Turnip"},{"floor":11,"key":"Ornamental Fan"},{"floor":12,"key":"Snake Skull"},{"floor":25,"key":"Girya"},{"floor":26,"key":"Gremlin Horn"}],"event_choices":[{"damage_healed":0,"gold_gain":0,"player_choice":"Trade","damage_taken":0,"relics_obtained":["FaceOfCleric"],"max_hp_gain":0,"max_hp_loss":0,"event_name":"FaceTrader","floor":2,"gold_loss":0},{"damage_healed":0,"gold_gain":0,"player_choice":"Traded Relic","damage_taken":0,"relics_obtained":["Nloth\u0027s Gift"],"max_hp_gain":0,"max_hp_loss":0,"event_name":"N\u0027loth","floor":21,"relics_lost":["Ornamental Fan"],"gold_loss":0}],"is_beta":false,"boss_relics":[{"not_picked":["Sozu","Runic Dome"],"picked":"Lizard Tail"}],"items_purged_floors":[],"is_endless":false,"potions_floor_spawned":[3,7,14,16,20,24],"killed_by":"3 Cultists","ascension_level":0}