{"gold_per_floor":[11,30,30,30,50,50,82,101,101,101,115,115,115,40,40,140,140,155,80,98,118,118,118,118],"floor_reached":24,"playtime":1017,"items_purged":["Strike_B"],"score":196,"play_id":"a55fa520-adf7-4b78-a166-c319ccc64e96","local_time":"20180722140907","is_ascension_mode":false,"campfire_choices":[{"data":"Barrage","floor":6,"key":"SMITH"},{"data":"Loop","floor":10,"key":"SMITH"},{"floor":12,"key":"REST"},{"data":"Capacitor","floor":15,"key":"SMITH"},{"data":"Thunder Strike","floor":23,"key":"SMITH"}],"neow_cost":"NO_GOLD","seed_source_timestamp":913317845499265,"circlet_count":0,"master_deck":["Defend_B","Defend_B","Defend_B","Zap","Dualcast","Barrage+1","Loop+1","Redo","Capacitor+1","Thunder Strike+1"],"relics":["Cracked Core","Incense Burner","NlothsMask","Dodecahedron","Empty Cage"],"potions_floor_usage":[16,16,21,21,24,24],"damage_taken":[{"damage":3,"enemies":"Jaw Worm","floor":1,"turns":4},{"damage":0,"enemies":"Cultist","floor":2,"turns":4},{"damage":7,"enemies":"2 Louse","floor":5,"turns":3},{"damage":20,"enemies":"Gremlin Nob","floor":7,"turns":4},{"damage":6,"enemies":"Red Slaver","floor":8,"turns":3},{"damage":5,"enemies":"Exordium Thugs","floor":11,"turns":5},{"damage":36,"enemies":"Slime Boss","floor":16,"turns":9},{"damage":10,"enemies":"3 Byrds","floor":18,"turns":5},{"damage":10,"enemies":"Spheric Guardian","floor":20,"turns":4},{"damage":20,"enemies":"Cultist and Chosen","floor":21,"turns":6},{"damage":38,"enemies":"Book of Stabbing","floor":24,"turns":5}],"seed_played":"7201678853487471002","potions_obtained":[{"floor":2,"key":"Regen Potion"},{"floor":5,"key":"Fire Potion"},{"floor":11,"key":"EssenceOfSteel"},{"floor":16,"key":"Explosive Potion"},{"floor":20,"key":"Explosive Potion"},{"floor":21,"key":"Weak Potion"}],"is_trial":false,"path_per_floor":["M","M","?","?","M","R","E","M","T","R","M","R","?","$","R","B",null,"M","?","M","M","?","R"],"character_chosen":"DEFECT","items_purchased":[],"campfire_rested":1,"item_purchase_floors":[],"current_hp_per_floor":[72,72,65,65,58,58,38,32,32,32,27,49,49,49,49,28,75,65,65,55,35,35,35,0],"gold":118,"neow_bonus":"ONE_RARE_RELIC","is_prod":false,"is_daily":false,"chose_seed":false,"campfire_upgraded":4,"win_rate":0.0,"timestamp":1532293747,"path_taken":["M","M","?","?","M","R","E","M","T","R","M","R","?","?","R","BOSS","M","?","M","M","?","R","E"],"build_version":"2018-07-19v2","purchased_purges":1,"victory":false,"max_hp_per_floor":[75,75,75,75,75,75,75,75,75,75,75,75,75,75,75,75,75,75,75,75,75,75,75,75],"card_choices":[{"not_picked":["Cold Snap","Sweeping Beam"],"picked":"Barrage","floor":1},{"not_picked":["Beam Cell","Hologram","Double Energy"],"picked":"SKIP","floor":2},{"not_picked":["Gash","Compile Driver","Stack"],"picked":"SKIP","floor":5},{"not_picked":["Gash","Skim"],"picked":"Loop","floor":7},{"not_picked":["Streamline","Compile Driver"],"picked":"Redo","floor":8},{"not_picked":["Aggregate","Blizzard"],"picked":"Capacitor","floor":11},{"not_picked":["Machine Learning","Seek"],"picked":"Thunder Strike","floor":16},{"not_picked":["Coolheaded+1","Steam","Reprogram"],"picked":"SKIP","floor":18},{"not_picked":["Aggregate","Reprogram","Streamline+1"],"picked":"SKIP","floor":20},{"not_picked":["Gash","Go for the Eyes","Hologram"],"picked":"SKIP","floor":21}],"player_experience":32745,"relics_obtained":[{"floor":7,"key":"Dodecahedron"}],"event_choices":[{"event_name":"Golden Wing","player_choice":"Card Removal","floor":3,"damage_taken":0},{"event_name":"FaceTrader","player_choice":"Trade","floor":4,"damage_taken":0},{"event_name":"Liars Game","player_choice":"disagreed","floor":13,"damage_taken":0},{"event_name":"Beggar","player_choice":"Gave Gold","floor":19,"damage_taken":0},{"event_name":"Vampires","player_choice":"Ignored","floor":22,"damage_taken":0}],"is_beta":false,"boss_relics":[{"not_picked":["FrozenCore","Cursed Key"],"picked":"Empty Cage"}],"items_purged_floors":[14],"is_endless":false,"potions_floor_spawned":[2,5,11,16,20,21],"killed_by":"Book of Stabbing","ascension_level":0}