{"gold_per_floor":[116,116,134,36,36,69,88,88,114,114,141,141,155,172,172,243,243,243,103,121,18,18,18,18,18,45,79,79,79,4,4,4,77,77,93,93,193,9,0,26,26,51,106,106,50,50,69,15,15,15,15,15,15,45,45],"floor_reached":55,"playtime":5590,"items_purged":["Reflex","Accuracy","Prepared"],"score":1463,"play_id":"f06ec0f6-9658-447a-963d-a0b5d05cc570","local_time":"20190620221458","is_ascension_mode":true,"campfire_choices":[{"data":"Neutralize","floor":8,"key":"SMITH"},{"data":"Die Die Die","floor":10,"key":"SMITH"},{"data":"Deadly Poison","floor":12,"key":"SMITH"},{"data":"Backflip","floor":15,"key":"SMITH"},{"data":"Ghostly","floor":23,"key":"SMITH"},{"data":"Ghostly","floor":25,"key":"SMITH"},{"data":"Ghostly","floor":28,"key":"SMITH"},{"data":"A Thousand Cuts","floor":32,"key":"SMITH"},{"data":"Well Laid Plans","floor":41,"key":"SMITH"},{"data":"After Image","floor":44,"key":"SMITH"},{"floor":46,"key":"RECALL"},{"data":"Outmaneuver","floor":49,"key":"SMITH"},{"data":"Adrenaline","floor":52,"key":"SMITH"}],"neow_cost":"NONE","seed_source_timestamp":18003932171171,"circlet_count":0,"master_deck":["AscendersBane","Survivor+1","Neutralize+1","Deadly Poison+1","Die Die Die+1","Flash of Steel","Backflip+1","Dagger Throw","PiercingWail","Burst+1","Leg Sweep","Adrenaline+1","Quick Slash","Crippling Poison","A Thousand Cuts+1","Crippling Poison","PiercingWail","Sucker Punch","Infinite Blades","Dagger Throw","Ghostly+1","Ghostly+1","Ghostly+1","Acrobatics","After Image+1","Calculated Gamble","Well Laid Plans+1","Backflip","Escape Plan","Cloak And Dagger","Outmaneuver+1","Well Laid Plans+1"],"relics":["Ring of the Snake","NeowsBlessing","Smiling Mask","Boot","Nunchaku","Pandora\u0027s Box","MutagenicStrength","Ancient Tea Set","Anchor","Busted Crown","Dead Branch","Red Mask","Sundial","War Paint","Tingsha"],"potions_floor_usage":[11,11,16,18,27,29,54,55,55],"damage_taken":[{"damage":0,"enemies":"Small Slimes","floor":1,"turns":1},{"damage":0,"enemies":"Cultist","floor":3,"turns":1},{"damage":0,"enemies":"3 Sentries","floor":6,"turns":1},{"damage":0,"enemies":"Jaw Worm","floor":7,"turns":3},{"damage":17,"enemies":"Lagavulin","floor":11,"turns":5},{"damage":4,"enemies":"Large Slime","floor":13,"turns":4},{"damage":6,"enemies":"Red Slaver","floor":14,"turns":3},{"damage":15,"enemies":"Hexaghost","floor":16,"turns":9},{"damage":1,"enemies":"Chosen","floor":18,"turns":3},{"damage":26,"enemies":"3 Byrds","floor":20,"turns":3},{"damage":15,"enemies":"Book of Stabbing","floor":27,"turns":7},{"damage":0,"enemies":"Sentry and Sphere","floor":29,"turns":3},{"damage":13,"enemies":"Automaton","floor":33,"turns":10},{"damage":1,"enemies":"Orb Walker","floor":35,"turns":5},{"damage":2,"enemies":"Mind Bloom Boss Battle","floor":37,"turns":7},{"damage":0,"enemies":"Reptomancer","floor":40,"turns":5},{"damage":2,"enemies":"Giant Head","floor":42,"turns":9},{"damage":0,"enemies":"3 Darklings","floor":47,"turns":5},{"damage":8,"enemies":"Donu and Deca","floor":50,"turns":10},{"damage":0,"enemies":"Shield and Spear","floor":54,"turns":8},{"damage":28,"enemies":"The Heart","floor":55,"turns":6}],"seed_played":"1562306349137728605","potions_obtained":[{"floor":5,"key":"PowerPotion"},{"floor":5,"key":"EntropicBrew"},{"floor":14,"key":"AttackPotion"},{"floor":16,"key":"SmokeBomb"},{"floor":27,"key":"LiquidBronze"},{"floor":37,"key":"SteroidPotion"},{"floor":54,"key":"LiquidBronze"}],"is_trial":false,"path_per_floor":["M","?","M","$","?","E","M","R","T","R","E","R","M","M","R","B",null,"M","$","M","$","?","R","?","R","T","E","R","M","?","?","R","B",null,"M","?","?","$","?","E","R","E","T","R","$","R","M","$","R","B",null,"R","$","E","B"],"character_chosen":"THE_SILENT","items_purchased":["Flash of Steel","Infinite Blades","Poison Potion","Well Laid Plans","Backflip","Outmaneuver","PowerPotion"],"campfire_rested":0,"item_purchase_floors":[4,19,21,38,38,45,48],"current_hp_per_floor":[59,59,59,59,59,59,59,59,59,59,42,42,38,32,32,17,54,53,53,27,27,27,27,27,27,27,12,12,12,12,33,33,20,30,29,29,27,27,27,27,27,25,25,25,25,25,25,25,25,17,28,28,28,28,0],"gold":45,"neow_bonus":"THREE_ENEMY_KILL","is_prod":false,"is_daily":false,"chose_seed":false,"campfire_upgraded":12,"win_rate":0,"timestamp":1561094098,"path_taken":["M","?","M","$","?","E","M","R","T","R","E","R","?","M","R","BOSS","M","$","M","$","?","R","?","R","T","E","R","M","?","?","R","BOSS","M","?","?","$","?","E","R","E","T","R","$","R","M","?","R","BOSS","R","$","E","BOSS"],"build_version":"2019-01-23","purchased_purges":3,"victory":false,"max_hp_per_floor":[66,66,66,66,66,66,66,66,66,66,66,66,66,66,66,66,66,66,66,66,66,33,33,33,33,33,33,33,33,33,33,33,33,33,33,31,31,31,31,31,31,31,31,31,31,31,31,31,31,31,31,31,31,31,31],"card_choices":[{"not_picked":["Slice","Flechettes"],"picked":"Quick Slash","floor":1},{"not_picked":["Backflip","Expertise"],"picked":"Die Die Die","floor":3},{"not_picked":["Slice","Quick Slash"],"picked":"Backflip","floor":6},{"not_picked":["Setup","Riddle With Holes"],"picked":"Dagger Throw","floor":7},{"not_picked":["Dagger Spray","Expertise"],"picked":"PiercingWail","floor":11},{"not_picked":["Quick Slash","Outmaneuver"],"picked":"Burst","floor":13},{"not_picked":["Quick Slash","Setup"],"picked":"Leg Sweep","floor":14},{"not_picked":["Tools of the Trade","Phantasmal Killer"],"picked":"Adrenaline","floor":16},{"not_picked":["Acrobatics+1","Bane"],"picked":"Dagger Throw","floor":20},{"not_picked":["Bane","Catalyst"],"picked":"Acrobatics","floor":27},{"not_picked":["Die Die Die","Adrenaline"],"picked":"After Image","floor":33},{"not_picked":["Sucker Punch"],"picked":"SKIP","floor":35},{"not_picked":[],"picked":"Calculated Gamble","floor":37},{"not_picked":[],"picked":"Escape Plan","floor":40},{"not_picked":[],"picked":"Cloak And Dagger","floor":42},{"not_picked":["Acrobatics"],"picked":"SKIP","floor":47},{"not_picked":[],"picked":"Well Laid Plans+1","floor":54}],"player_experience":1291171,"relics_obtained":[{"floor":6,"key":"Smiling Mask"},{"floor":9,"key":"Boot"},{"floor":11,"key":"Nunchaku"},{"floor":26,"key":"Ancient Tea Set"},{"floor":27,"key":"Anchor"},{"floor":37,"key":"Dead Branch"},{"floor":40,"key":"Sundial"},{"floor":42,"key":"War Paint"},{"floor":54,"key":"Tingsha"}],"event_choices":[{"damage_healed":0,"gold_gain":0,"cards_transformed":["Strike_G"],"player_choice":"Change","damage_taken":0,"max_hp_gain":0,"max_hp_loss":0,"event_name":"Living Wall","floor":2,"gold_loss":0,"cards_obtained":["Deadly Poison"]},{"damage_healed":0,"gold_gain":0,"player_choice":"Got Potions","damage_taken":0,"max_hp_gain":0,"max_hp_loss":0,"event_name":"Lab","floor":5,"gold_loss":0},{"damage_healed":0,"gold_gain":0,"player_choice":"Became a Ghost","damage_taken":0,"max_hp_gain":0,"max_hp_loss":33,"event_name":"Ghosts","floor":22,"gold_loss":0,"cards_obtained":["Ghostly","Ghostly","Ghostly"]},{"damage_healed":0,"gold_gain":0,"player_choice":"Inject Mutagens","damage_taken":0,"relics_obtained":["MutagenicStrength"],"max_hp_gain":0,"max_hp_loss":0,"event_name":"Drug Dealer","floor":24,"gold_loss":0},{"cards_removed":["Quick Slash"],"damage_healed":0,"gold_gain":0,"player_choice":"Gave Gold","damage_taken":0,"max_hp_gain":0,"max_hp_loss":0,"event_name":"Beggar","floor":30,"gold_loss":75},{"damage_healed":21,"gold_gain":0,"player_choice":"Full Heal","damage_taken":0,"max_hp_gain":0,"max_hp_loss":0,"event_name":"Wheel of Change","floor":31,"gold_loss":0},{"damage_healed":0,"gold_gain":0,"player_choice":"Max HP","damage_taken":0,"max_hp_gain":0,"max_hp_loss":2,"event_name":"Winding Halls","floor":36,"gold_loss":0},{"damage_healed":0,"gold_gain":0,"player_choice":"Fight","damage_taken":0,"max_hp_gain":0,"max_hp_loss":0,"event_name":"MindBloom","floor":37,"gold_loss":0},{"damage_healed":0,"gold_gain":0,"player_choice":"Paid","damage_taken":0,"relics_obtained":["Red Mask"],"max_hp_gain":0,"max_hp_loss":0,"event_name":"Tomb of Lord Red Mask","floor":39,"gold_loss":9}],"is_beta":false,"boss_relics":[{"not_picked":["Ring of the Serpent","Ectoplasm"],"picked":"Pandora\u0027s Box"},{"not_picked":["Empty Cage","Black Star"],"picked":"Busted Crown"}],"items_purged_floors":[19,21,38],"is_endless":false,"potions_floor_spawned":[6,7,14,16,18,27,37,42,54],"killed_by":"The Heart","ascension_level":18}