{"gold_per_floor":[99,115,63,63,63,63,92,45,45,75,137,153,153,173,173,270,270,284,284,284,300,300,300,30,85,144,156,186,231,243,270,282,399,411,433,462,159,172,185,185,0,0,0,0,0,47,61,61,61,61],"floor_reached":51,"playtime":4353,"items_purged":["Writhe"],"score":721,"play_id":"14e43747-0258-45c4-b257-58cb37fb7c3c","local_time":"20190704180104","is_ascension_mode":false,"campfire_choices":[{"data":"Poisoned Stab","floor":6,"key":"SMITH"},{"floor":13,"key":"REST"},{"floor":15,"key":"REST"},{"floor":23,"key":"REST"},{"floor":27,"key":"REST"},{"floor":30,"key":"REST"},{"floor":32,"key":"REST"},{"floor":40,"key":"REST"},{"floor":42,"key":"REST"},{"floor":45,"key":"REST"},{"floor":49,"key":"REST"}],"neow_cost":"NONE","seed_source_timestamp":1416523323058486,"circlet_count":0,"master_deck":["Defend_G+1","Defend_G+1","Defend_G+1","Defend_G+1","Defend_G+1","Survivor+1","Neutralize","Backflip","Deflect","Poisoned Stab+1","Quick Slash","Outmaneuver","Noxious Fumes","Flying Knee","Noxious Fumes","Sucker Punch","Burst","Bouncing Flask","Bite","Bite","Bite","Bite","Bite","Bouncing Flask","Adrenaline","Noxious Fumes","Footwork+1","Quick Slash","Backflip","Poisoned Stab+1","Crippling Poison+1","Deadly Poison+1","Catalyst+1","Deadly Poison","Backflip+1","Deflect+1","Writhe"],"relics":["Ring of the Snake","NeowsBlessing","Bottled Flame","Turnip","Ornamental Fan","Ancient Tea Set","Fusion Hammer","Darkstone Periapt","Tiny Chest","MawBank","Oddly Smooth Stone","Dream Catcher","Orrery","Pantograph","Red Mask","Vajra","War Paint"],"potions_floor_usage":[10,10,16,16,29,39,50,50,50],"damage_taken":[{"damage":0,"enemies":"2 Louse","floor":1,"turns":1},{"damage":0,"enemies":"Jaw Worm","floor":2,"turns":1},{"damage":0,"enemies":"Lagavulin","floor":7,"turns":1},{"damage":12,"enemies":"3 Sentries","floor":10,"turns":10},{"damage":52,"enemies":"Gremlin Nob","floor":11,"turns":6},{"damage":0,"enemies":"Small Slimes","floor":12,"turns":3},{"damage":0,"enemies":"2 Fungi Beasts","floor":14,"turns":4},{"damage":34,"enemies":"Hexaghost","floor":16,"turns":8},{"damage":6,"enemies":"Chosen","floor":18,"turns":6},{"damage":27,"enemies":"2 Thieves","floor":21,"turns":5},{"damage":3,"enemies":"Snecko","floor":28,"turns":4},{"damage":37,"enemies":"Slavers","floor":29,"turns":7},{"damage":11,"enemies":"Centurion and Healer","floor":31,"turns":6},{"damage":16,"enemies":"Collector","floor":33,"turns":7},{"damage":4,"enemies":"Orb Walker","floor":35,"turns":4},{"damage":6,"enemies":"3 Shapes","floor":36,"turns":3},{"damage":48,"enemies":"Sphere and 2 Shapes","floor":38,"turns":6},{"damage":3,"enemies":"Jaw Worm Horde","floor":39,"turns":5},{"damage":7,"enemies":"Spire Growth","floor":47,"turns":3},{"damage":45,"enemies":"Time Eater","floor":50,"turns":6}],"seed_played":"-6890381105778059573","potions_obtained":[{"floor":2,"key":"Explosive Potion"},{"floor":7,"key":"FearPotion"},{"floor":11,"key":"Fire Potion"},{"floor":12,"key":"Strength Potion"},{"floor":18,"key":"Strength Potion"},{"floor":21,"key":"SkillPotion"},{"floor":31,"key":"GhostInAJar"},{"floor":35,"key":"Energy Potion"},{"floor":47,"key":"Ancient Potion"}],"is_trial":false,"path_per_floor":["M","M","$","?","?","R","E","$","T","E","?","M","R","M","R","B",null,"M","?","?","M","?","R","$","T","T","R","M","E","R","M","R","B",null,"M","M","$","M","M","R","?","R","T","?","R","T","M","?","R","B",null],"character_chosen":"THE_SILENT","items_purchased":["Poisoned Stab","Outmaneuver","Adrenaline","Tiny Chest","Pantograph"],"campfire_rested":10,"item_purchase_floors":[3,8,24,24,37],"current_hp_per_floor":[70,70,70,70,75,75,75,75,75,63,11,11,33,33,55,21,75,69,75,56,39,39,55,55,55,55,56,53,32,48,45,56,48,56,52,50,50,10,11,27,27,43,43,62,62,62,55,55,62,21],"gold":61,"neow_bonus":"THREE_ENEMY_KILL","is_prod":false,"is_daily":false,"chose_seed":false,"campfire_upgraded":1,"win_rate":0.0,"timestamp":1562281264,"path_taken":["M","M","$","?","?","R","E","?","T","E","?","M","R","M","R","BOSS","M","?","?","M","?","R","$","?","T","R","M","E","R","?","R","BOSS","M","M","$","M","M","R","?","R","T","?","R","?","M","?","R","BOSS"],"build_version":"2019-07-01","purchased_purges":1,"victory":true,"max_hp_per_floor":[70,70,70,70,75,75,75,75,75,75,75,75,75,75,75,75,75,75,81,56,56,56,56,56,56,56,56,56,56,56,56,56,56,56,56,56,56,56,56,56,56,56,56,62,62,62,62,62,62,62],"card_choices":[{"not_picked":["Prepared","Cloak And Dagger"],"picked":"Backflip","floor":1},{"not_picked":["Expertise","Calculated Gamble"],"picked":"Deflect","floor":2},{"not_picked":["Dagger Spray","Escape Plan"],"picked":"Quick Slash","floor":7},{"not_picked":["Tactician","Riddle With Holes"],"picked":"Noxious Fumes","floor":10},{"not_picked":["Underhanded Strike","Sucker Punch"],"picked":"Flying Knee","floor":11},{"not_picked":["Slice","Outmaneuver"],"picked":"Noxious Fumes","floor":12},{"not_picked":["Unload","Skewer"],"picked":"Sucker Punch","floor":14},{"not_picked":["Night Terror","A Thousand Cuts"],"picked":"Burst","floor":16},{"not_picked":["Infinite Blades","Distraction+1"],"picked":"Bouncing Flask","floor":18},{"not_picked":["Quick Slash","Acrobatics"],"picked":"Bouncing Flask","floor":21},{"not_picked":["Flechettes+1","Leg Sweep"],"picked":"Noxious Fumes","floor":28},{"not_picked":["Finisher","Escape Plan"],"picked":"Footwork+1","floor":29},{"not_picked":["Flying Knee","Expertise+1"],"picked":"Quick Slash","floor":30},{"not_picked":["Cloak And Dagger","Prepared"],"picked":"Backflip","floor":31},{"not_picked":["Masterful Stab","Infinite Blades"],"picked":"Poisoned Stab+1","floor":32},{"not_picked":["Prepared+1","Accuracy"],"picked":"Crippling Poison+1","floor":34},{"not_picked":["Sucker Punch","Blur"],"picked":"Deadly Poison+1","floor":34},{"not_picked":["Eviscerate+1","Leg Sweep+1","Sucker Punch"],"picked":"SKIP","floor":35},{"not_picked":["Crippling Poison","Sucker Punch+1"],"picked":"Catalyst","floor":36},{"not_picked":["Infinite Blades+1","Terror"],"picked":"Deadly Poison","floor":38},{"not_picked":["Dagger Spray+1","Dash+1","Escape Plan"],"picked":"SKIP","floor":39},{"not_picked":["Dagger Spray","Footwork+1"],"picked":"Backflip+1","floor":40},{"not_picked":["Night Terror","Flying Knee"],"picked":"Deflect+1","floor":42},{"not_picked":["Calculated Gamble","Blade Dance+1","Deflect+1"],"picked":"SKIP","floor":47}],"player_experience":230740,"relics_obtained":[{"floor":7,"key":"Bottled Flame"},{"floor":9,"key":"Turnip"},{"floor":10,"key":"Ornamental Fan"},{"floor":11,"key":"Ancient Tea Set"},{"floor":25,"key":"MawBank"},{"floor":26,"key":"Oddly Smooth Stone"},{"floor":29,"key":"Dream Catcher"},{"floor":43,"key":"Vajra"},{"floor":46,"key":"War Paint"}],"event_choices":[{"damage_healed":0,"gold_gain":0,"player_choice":"Ignored","damage_taken":0,"max_hp_gain":0,"max_hp_loss":0,"event_name":"Golden Wing","floor":4,"gold_loss":0},{"damage_healed":0,"gold_gain":0,"player_choice":"Donut","damage_taken":0,"max_hp_gain":5,"max_hp_loss":0,"event_name":"Big Fish","floor":5,"gold_loss":0},{"damage_healed":0,"gold_gain":0,"player_choice":"Searched \u00271\u0027 times","damage_taken":0,"max_hp_gain":0,"max_hp_loss":0,"event_name":"Dead Adventurer","floor":11,"gold_loss":0},{"damage_healed":0,"gold_gain":0,"player_choice":"Opened","damage_taken":0,"relics_obtained":["Darkstone Periapt"],"max_hp_gain":0,"max_hp_loss":0,"event_name":"The Mausoleum","floor":19,"gold_loss":0,"cards_obtained":["Writhe"]},{"damage_healed":0,"gold_gain":0,"player_choice":"Became a vampire","damage_taken":0,"max_hp_gain":0,"max_hp_loss":25,"event_name":"Vampires","floor":20,"gold_loss":0,"cards_obtained":["Bite","Bite","Bite","Bite","Bite"]},{"damage_healed":0,"gold_gain":0,"player_choice":"Simplicity","damage_taken":0,"max_hp_gain":0,"max_hp_loss":0,"event_name":"Back to Basics","floor":22,"gold_loss":0,"cards_upgraded":["Defend_G","Defend_G","Defend_G","Defend_G","Defend_G"]},{"damage_healed":0,"gold_gain":0,"player_choice":"Paid","damage_taken":0,"relics_obtained":["Red Mask"],"max_hp_gain":0,"max_hp_loss":0,"event_name":"Tomb of Lord Red Mask","floor":41,"gold_loss":185},{"damage_healed":14,"gold_gain":0,"player_choice":"Writhe","damage_taken":0,"max_hp_gain":0,"max_hp_loss":0,"event_name":"Winding Halls","floor":44,"gold_loss":0,"cards_obtained":["Writhe"]},{"damage_healed":0,"gold_gain":0,"player_choice":"Ignored","damage_taken":0,"max_hp_gain":0,"max_hp_loss":0,"event_name":"Golden Shrine","floor":48,"gold_loss":0}],"is_beta":false,"boss_relics":[{"not_picked":["Velvet Choker","Ectoplasm"],"picked":"Fusion Hammer"},{"not_picked":["Pandora\u0027s Box","HoveringKite"],"picked":"Orrery"}],"items_purged_floors":[37],"is_endless":false,"potions_floor_spawned":[2,7,11,12,18,21,31,35,38,47],"ascension_level":0}