{"gold_per_floor":[117,130,3,20,36,61,78,78,78,143,143,153,181,181,181,278,278,259,259,271,285,302,51,51,83,134,134,165,165,176,192,192,192],"floor_reached":33,"playtime":1838,"items_purged":["Strike_G"],"score":355,"play_id":"61401f44-be07-499c-af61-02ed82f06fe2","local_time":"20190705124637","is_ascension_mode":true,"campfire_choices":[{"data":"Leg Sweep","floor":8,"key":"SMITH"},{"floor":11,"key":"REST"},{"data":"Survivor","floor":15,"key":"SMITH"},{"data":"Footwork","floor":24,"key":"SMITH"},{"data":"Deadly Poison","floor":27,"key":"SMITH"},{"data":"PiercingWail","floor":32,"key":"SMITH"}],"neow_cost":"NONE","seed_source_timestamp":1422361426901808,"circlet_count":0,"master_deck":["Strike_G","Strike_G","Strike_G","Strike_G","Defend_G","Defend_G","Defend_G","Defend_G","Survivor+1","Neutralize","Deadly Poison","Underhanded Strike","Acrobatics","Dagger Spray","Sucker Punch","Leg Sweep+1","Flying Knee","Poisoned Stab","Footwork+1","Unload","Poisoned Stab","Backflip","PiercingWail+1","Footwork+1","Deadly Poison+1","Flying Knee","Bouncing Flask"],"relics":["Busted Crown","Tingsha","Snake Skull","Tiny Chest","Pear","Eternal Feather","Oddly Smooth Stone","Calipers","Lantern","Blood Vial"],"potions_floor_usage":[28,31,31,33,33],"damage_taken":[{"damage":1,"enemies":"Small Slimes","floor":1,"turns":4},{"damage":0,"enemies":"Cultist","floor":2,"turns":4},{"damage":0,"enemies":"2 Louse","floor":4,"turns":3},{"damage":4,"enemies":"Blue Slaver","floor":5,"turns":3},{"damage":15,"enemies":"Lagavulin","floor":6,"turns":6},{"damage":12,"enemies":"Large Slime","floor":7,"turns":5},{"damage":23,"enemies":"Gremlin Nob","floor":10,"turns":5},{"damage":0,"enemies":"Gremlin Gang","floor":12,"turns":3},{"damage":4,"enemies":"3 Sentries","floor":13,"turns":8},{"damage":10,"enemies":"Hexaghost","floor":16,"turns":10},{"damage":17,"enemies":"2 Thieves","floor":18,"turns":4},{"damage":7,"enemies":"Chosen","floor":20,"turns":4},{"damage":12,"enemies":"3 Cultists","floor":21,"turns":5},{"damage":0,"enemies":"Snecko","floor":22,"turns":5},{"damage":1,"enemies":"Book of Stabbing","floor":25,"turns":8},{"damage":68,"enemies":"Slavers","floor":28,"turns":9},{"damage":3,"enemies":"Snake Plant","floor":30,"turns":4},{"damage":8,"enemies":"Shelled Parasite and Fungi","floor":31,"turns":5},{"damage":32,"enemies":"Automaton","floor":33,"turns":10}],"seed_played":"-2079914737958087191","potions_obtained":[{"floor":1,"key":"Weak Potion"},{"floor":4,"key":"LiquidBronze"},{"floor":5,"key":"LiquidBronze"},{"floor":10,"key":"GhostInAJar"},{"floor":18,"key":"Regen Potion"},{"floor":30,"key":"GamblersBrew"},{"floor":31,"key":"Dexterity Potion"}],"is_trial":false,"path_per_floor":["M","M","$","M","M","E","M","R","T","E","R","M","E","?","R","B",null,"M","?","M","M","M","$","R","E","T","R","E","?","M","M","R","B"],"character_chosen":"THE_SILENT","items_purchased":["Acrobatics","Oddly Smooth Stone","Footwork","Deadly Poison"],"campfire_rested":1,"item_purchase_floors":[3,23,23,23],"current_hp_per_floor":[69,69,69,69,65,50,38,38,38,15,36,36,42,42,42,32,80,63,63,56,44,44,44,59,58,58,73,20,20,19,13,28,0],"gold":192,"neow_bonus":"BOSS_RELIC","is_prod":false,"is_daily":false,"chose_seed":false,"campfire_upgraded":5,"win_rate":0,"timestamp":1562355997,"path_taken":["M","M","$","M","M","E","M","R","T","E","R","M","E","?","R","BOSS","M","?","M","M","M","$","R","E","T","R","E","?","?","M","R","BOSS"],"build_version":"2019-07-01","purchased_purges":1,"victory":false,"max_hp_per_floor":[70,70,70,70,70,70,70,70,70,70,70,70,80,80,80,80,80,80,80,80,80,80,80,80,80,80,80,80,80,80,80,80,80],"card_choices":[{"not_picked":[],"picked":"Deadly Poison","floor":1},{"not_picked":[],"picked":"Underhanded Strike","floor":2},{"not_picked":[],"picked":"Dagger Spray","floor":4},{"not_picked":[],"picked":"Sucker Punch","floor":5},{"not_picked":[],"picked":"Leg Sweep","floor":6},{"not_picked":[],"picked":"Flying Knee","floor":7},{"not_picked":[],"picked":"Poisoned Stab","floor":10},{"not_picked":[],"picked":"Footwork","floor":12},{"not_picked":[],"picked":"Unload","floor":13},{"not_picked":[],"picked":"Poisoned Stab","floor":18},{"not_picked":["Sucker Punch"],"picked":"SKIP","floor":20},{"not_picked":[],"picked":"Backflip","floor":21},{"not_picked":[],"picked":"PiercingWail","floor":22},{"not_picked":["Deadly Poison"],"picked":"SKIP","floor":25},{"not_picked":[],"picked":"Flying Knee","floor":28},{"not_picked":[],"picked":"Bouncing Flask","floor":30},{"not_picked":["Underhanded Strike"],"picked":"SKIP","floor":31}],"player_experience":244707,"relics_obtained":[{"floor":6,"key":"Tingsha"},{"floor":9,"key":"Snake Skull"},{"floor":10,"key":"Tiny Chest"},{"floor":13,"key":"Pear"},{"floor":25,"key":"Calipers"},{"floor":26,"key":"Lantern"},{"floor":28,"key":"Blood Vial"}],"event_choices":[{"damage_healed":0,"gold_gain":0,"player_choice":"Grow","damage_taken":0,"max_hp_gain":0,"max_hp_loss":0,"event_name":"Living Wall","floor":14,"gold_loss":0,"cards_upgraded":["Footwork"]},{"damage_healed":0,"gold_gain":0,"player_choice":"Ignored","damage_taken":0,"max_hp_gain":0,"max_hp_loss":0,"event_name":"Vampires","floor":19,"gold_loss":0},{"cards_removed":["Defend_G"],"damage_healed":0,"gold_gain":0,"player_choice":"Offered Basic","damage_taken":0,"max_hp_gain":0,"max_hp_loss":0,"event_name":"Bonfire Elementals","floor":29,"gold_loss":0}],"is_beta":false,"boss_relics":[{"not_picked":["Empty Cage","WristBlade"],"picked":"Eternal Feather"}],"items_purged_floors":[3],"is_endless":false,"potions_floor_spawned":[1,4,5,10,18,21,30,31],"killed_by":"Automaton","ascension_level":3}