{"gold_per_floor":[211,229,284,300,300,300,331,331,331,331,357,375,400,475,475,578,628,641,641,556,582,221,247,247],"floor_reached":24,"playtime":1665,"items_purged":[],"score":210,"play_id":"9ea859a8-8c05-4487-81a3-9b7ae2d7a52f","local_time":"20190610180052","is_ascension_mode":false,"campfire_choices":[{"floor":6,"key":"REST"},{"floor":8,"key":"REST"},{"data":"Doom and Gloom","floor":10,"key":"SMITH"},{"floor":15,"key":"REST"}],"neow_cost":"NONE","seed_source_timestamp":186056799448246,"circlet_count":0,"master_deck":["Strike_B","Strike_B","Strike_B","Strike_B","Defend_B","Defend_B","Defend_B","Defend_B","Zap","Dualcast","Doom and Gloom+1","Go for the Eyes","Fusion+1","Lockon","Sweeping Beam","Steam","Echo Form","Sunder+1","Ball Lightning+1","Loop","Capacitor","Redo"],"relics":["Cracked Core","Gambling Chip","Bronze Scales","Gremlin Horn","Odd Mushroom","Juzu Bracelet","Tiny House","Ancient Tea Set","Red Mask","Singing Bowl","Centennial Puzzle"],"potions_floor_usage":[23,24],"damage_taken":[{"damage":1,"enemies":"Cultist","floor":1,"turns":4},{"damage":7,"enemies":"2 Louse","floor":2,"turns":2},{"damage":5,"enemies":"Jaw Worm","floor":4,"turns":3},{"damage":25,"enemies":"Gremlin Nob","floor":7,"turns":4},{"damage":12,"enemies":"The Mushroom Lair","floor":11,"turns":3},{"damage":11,"enemies":"Exordium Thugs","floor":12,"turns":4},{"damage":32,"enemies":"Hexaghost","floor":16,"turns":8},{"damage":31,"enemies":"2 Thieves","floor":18,"turns":4},{"damage":6,"enemies":"Masked Bandits","floor":21,"turns":2},{"damage":35,"enemies":"Book of Stabbing","floor":23,"turns":5},{"damage":11,"enemies":"Shell Parasite","floor":24,"turns":3}],"seed_played":"8319989633004959244","potions_obtained":[{"floor":1,"key":"FearPotion"},{"floor":7,"key":"Fire Potion"},{"floor":16,"key":"Strength Potion"},{"floor":17,"key":"Weak Potion"}],"is_trial":false,"path_per_floor":["M","M","?","M","?","R","E","R","T","R","?","M","T","?","R","B",null,"M","?","?","?","$","E","M"],"character_chosen":"DEFECT","items_purchased":["Capacitor","Singing Bowl","Redo"],"campfire_rested":3,"item_purchase_floors":[22,22,22],"current_hp_per_floor":[74,67,67,62,55,75,50,72,72,72,60,49,49,38,60,28,80,49,49,49,43,43,10,0],"gold":247,"neow_bonus":"HUNDRED_GOLD","is_prod":false,"is_daily":false,"chose_seed":false,"campfire_upgraded":1,"win_rate":0.0,"timestamp":1560207652,"path_taken":["M","M","?","M","?","R","E","R","T","R","?","M","?","?","R","BOSS","M","?","?","?","$","E","M"],"build_version":"2019-01-23","purchased_purges":0,"victory":false,"max_hp_per_floor":[75,75,75,75,75,75,75,75,75,75,75,75,75,75,75,75,80,80,80,80,80,80,82,82],"card_choices":[{"not_picked":["Blizzard","Streamline"],"picked":"Doom and Gloom","floor":1},{"not_picked":["Hologram","Glacier"],"picked":"Go for the Eyes","floor":2},{"not_picked":["Chill","Coolheaded"],"picked":"Fusion","floor":4},{"not_picked":["Machine Learning","Barrage"],"picked":"Lockon","floor":7},{"not_picked":["Hello World","Redo"],"picked":"Sweeping Beam","floor":11},{"not_picked":["Rebound","Fusion"],"picked":"Steam","floor":12},{"not_picked":["Fission","All For One"],"picked":"Echo Form","floor":16},{"not_picked":["Stack","Darkness"],"picked":"Sunder","floor":17},{"not_picked":["Lockon","Coolheaded"],"picked":"Ball Lightning+1","floor":18},{"not_picked":["Blizzard+1","Go for the Eyes+1"],"picked":"Loop","floor":21},{"not_picked":["Redo+1","Conserve Battery","Reboot"],"picked":"Singing Bowl","floor":23}],"player_experience":111532,"relics_obtained":[{"floor":7,"key":"Bronze Scales"},{"floor":9,"key":"Gremlin Horn"},{"floor":11,"key":"Odd Mushroom"},{"floor":13,"key":"Juzu Bracelet"},{"floor":21,"key":"Red Mask"},{"floor":23,"key":"Centennial Puzzle"}],"event_choices":[{"damage_healed":0,"gold_gain":55,"player_choice":"Gained Gold","damage_taken":0,"max_hp_gain":0,"max_hp_loss":0,"event_name":"Golden Wing","floor":3,"gold_loss":0},{"damage_healed":0,"gold_gain":0,"player_choice":"Success","damage_taken":7,"relics_obtained":["Gambling Chip"],"max_hp_gain":0,"max_hp_loss":0,"event_name":"Scrap Ooze","floor":5,"gold_loss":0},{"damage_healed":0,"gold_gain":0,"player_choice":"Fought Mushrooms","damage_taken":0,"max_hp_gain":0,"max_hp_loss":0,"event_name":"Mushrooms","floor":11,"gold_loss":0},{"damage_healed":0,"gold_gain":75,"player_choice":"Gather Gold","damage_taken":11,"max_hp_gain":0,"max_hp_loss":0,"event_name":"World of Goop","floor":14,"gold_loss":0},{"damage_healed":0,"gold_gain":0,"player_choice":"Upgraded","damage_taken":0,"max_hp_gain":0,"max_hp_loss":0,"event_name":"Upgrade Shrine","floor":19,"gold_loss":0,"cards_upgraded":["Sunder"]},{"damage_healed":0,"gold_gain":0,"player_choice":"Obtained Relic","damage_taken":0,"relics_obtained":["Ancient Tea Set"],"max_hp_gain":0,"max_hp_loss":0,"event_name":"Addict","floor":20,"gold_loss":85},{"damage_healed":0,"gold_gain":0,"player_choice":"Fought Bandits","damage_taken":0,"max_hp_gain":0,"max_hp_loss":0,"event_name":"Masked Bandits","floor":21,"gold_loss":0}],"is_beta":false,"boss_relics":[{"not_picked":["Empty Cage","Velvet Choker"],"picked":"Tiny House"}],"items_purged_floors":[],"is_endless":false,"potions_floor_spawned":[1,7,16,21],"killed_by":"Shell Parasite","ascension_level":0}