{"gold_per_floor":[116,116,116,116,136,136,167,167,167,185,185,198,55,79,79,208,208,229,354,109,128,128,128,153,153,153,153,174,174,194,119,119,239,239,254,269,269,292,317,351,20,39,64,64,98,0,0,25,25,25],"floor_reached":50,"playtime":3435,"items_purged":[],"score":525,"play_id":"5d8c17ca-d23f-4467-ae88-953a9003bc2c","local_time":"20190609031639","is_ascension_mode":false,"campfire_choices":[{"data":"Bash","floor":6,"key":"SMITH"},{"floor":8,"key":"REST"},{"data":"Inflame","floor":11,"key":"SMITH"},{"floor":15,"key":"REST"},{"floor":23,"key":"DIG"},{"floor":27,"key":"DIG"},{"floor":29,"key":"REST"},{"floor":32,"key":"REST"},{"data":"Armaments","floor":44,"key":"SMITH"},{"floor":49,"key":"REST"}],"neow_cost":"NONE","seed_source_timestamp":44835452215911,"circlet_count":0,"master_deck":["Strike_R","Strike_R","Strike_R+1","Strike_R","Strike_R","Defend_R","Defend_R+1","Defend_R","Bash+1","Cleave","Inflame+1","Iron Wave+1","Twin Strike","Immolate","Iron Wave","Inflame","Twin Strike","Cleave","Metallicize","Anger+1","Body Slam+1","Impervious","Cleave+1","Rage","Perfected Strike+1","Armaments+1","Cleave","Parasite","Shrug It Off+1","Perfected Strike+1"],"relics":["Black Blood","Red Skull","Golden Idol","Strawberry","War Paint","Anchor","Torii","Mummified Hand","Darkstone Periapt","Shovel","PreservedInsect","Shuriken","Bronze Scales","White Beast Statue","Happy Flower","Dream Catcher","Ice Cream","Whetstone","Bag of Preparation","Red Mask"],"potions_floor_usage":[19,19,19,39,40,40,48,50,50],"damage_taken":[{"damage":15,"enemies":"Jaw Worm","floor":1,"turns":5},{"damage":0,"enemies":"Small Slimes","floor":5,"turns":3},{"damage":45,"enemies":"Lagavulin","floor":7,"turns":7},{"damage":0,"enemies":"2 Louse","floor":10,"turns":3},{"damage":7,"enemies":"2 Fungi Beasts","floor":12,"turns":4},{"damage":9,"enemies":"Gremlin Gang","floor":14,"turns":3},{"damage":68,"enemies":"The Guardian","floor":16,"turns":9},{"damage":0,"enemies":"Chosen","floor":18,"turns":4},{"damage":10,"enemies":"Colosseum Slavers","floor":19,"turns":4},{"damage":22,"enemies":"Colosseum Nobs","floor":19,"turns":4},{"damage":11,"enemies":"3 Byrds","floor":21,"turns":4},{"damage":23,"enemies":"Snecko","floor":24,"turns":4},{"damage":14,"enemies":"Snake Plant","floor":28,"turns":3},{"damage":36,"enemies":"Shelled Parasite and Fungi","floor":30,"turns":4},{"damage":69,"enemies":"Collector","floor":33,"turns":8},{"damage":15,"enemies":"3 Darklings","floor":35,"turns":4},{"damage":13,"enemies":"Orb Walker","floor":36,"turns":4},{"damage":20,"enemies":"Jaw Worm Horde","floor":39,"turns":4},{"damage":11,"enemies":"Giant Head","floor":40,"turns":5},{"damage":2,"enemies":"Spire Growth","floor":42,"turns":4},{"damage":1,"enemies":"Reptomancer","floor":45,"turns":5},{"damage":32,"enemies":"Writhing Mass","floor":48,"turns":9},{"damage":106,"enemies":"Awakened One","floor":50,"turns":9}],"seed_played":"-7138233476294543325","potions_obtained":[{"floor":5,"key":"Fire Potion"},{"floor":10,"key":"LiquidBronze"},{"floor":14,"key":"SkillPotion"},{"floor":19,"key":"Block Potion"},{"floor":24,"key":"BloodPotion"},{"floor":28,"key":"AttackPotion"},{"floor":35,"key":"SkillPotion"},{"floor":36,"key":"SteroidPotion"},{"floor":39,"key":"AttackPotion"},{"floor":40,"key":"Block Potion"},{"floor":42,"key":"GamblersBrew"},{"floor":48,"key":"FearPotion"}],"is_trial":false,"path_per_floor":["M","?","?","$","M","R","E","R","T","M","R","M","$","M","R","B",null,"M","?","$","M","?","R","M","?","T","R","M","R","M","?","R","B",null,"M","M","?","T","M","E","$","M","T","R","E","?","$","M","R","B"],"character_chosen":"IRONCLAD","items_purchased":["Anchor","Darkstone Periapt","Armaments","Ice Cream"],"campfire_rested":5,"item_purchase_floors":[13,20,41,41],"current_hp_per_floor":[71,71,71,71,77,77,45,71,71,77,77,76,76,73,87,25,87,87,75,75,74,74,74,61,61,61,61,57,83,57,57,83,24,87,82,79,79,79,69,68,68,76,76,76,85,85,85,69,93,0],"gold":25,"neow_bonus":"RANDOM_COMMON_RELIC","is_prod":false,"is_daily":false,"chose_seed":false,"campfire_upgraded":3,"win_rate":0.0,"timestamp":1560068199,"path_taken":["M","?","?","$","M","R","E","R","T","M","R","M","$","?","R","BOSS","M","?","$","M","?","R","?","?","T","R","?","R","M","?","R","BOSS","M","M","?","?","M","E","$","M","T","R","E","?","?","M","R","BOSS"],"build_version":"2019-01-23","purchased_purges":0,"victory":false,"max_hp_per_floor":[80,80,80,80,80,80,87,87,87,87,87,87,87,87,87,87,87,87,87,87,87,87,87,87,87,87,87,87,87,87,87,87,87,87,87,87,87,87,87,87,87,87,87,87,87,87,87,93,93,93],"card_choices":[{"not_picked":["True Grit","Warcry","Flame Barrier"],"picked":"SKIP","floor":1},{"not_picked":["Evolve","Power Through","Clash"],"picked":"SKIP","floor":5},{"not_picked":["Flame Barrier","Twin Strike"],"picked":"Cleave","floor":7},{"not_picked":["Pommel Strike","Anger"],"picked":"Inflame","floor":10},{"not_picked":["Evolve","Disarm"],"picked":"Iron Wave","floor":12},{"not_picked":["Disarm","Burning Pact"],"picked":"Twin Strike","floor":14},{"not_picked":["Demon Form","Offering"],"picked":"Immolate","floor":16},{"not_picked":["Spot Weakness","Perfected Strike+1"],"picked":"Iron Wave","floor":18},{"not_picked":["Spot Weakness","Whirlwind"],"picked":"Inflame","floor":19},{"not_picked":["Fire Breathing","Clothesline"],"picked":"Twin Strike","floor":21},{"not_picked":["Infernal Blade","Corruption"],"picked":"Cleave","floor":24},{"not_picked":["Heavy Blade","Pommel Strike"],"picked":"Anger+1","floor":28},{"not_picked":["Shrug It Off","Heavy Blade"],"picked":"Body Slam+1","floor":30},{"not_picked":["Feed","Demon Form"],"picked":"Impervious","floor":33},{"not_picked":["Sentinel","Battle Trance"],"picked":"Cleave+1","floor":35},{"not_picked":["Bloodletting+1","Flame Barrier","Havoc"],"picked":"SKIP","floor":36},{"not_picked":["Body Slam","Perfected Strike"],"picked":"Rage","floor":39},{"not_picked":["Offering","Spot Weakness+1"],"picked":"Perfected Strike+1","floor":40},{"not_picked":["Body Slam+1","Rampage"],"picked":"Cleave","floor":42},{"not_picked":["Pummel","Clash+1","Wild Strike"],"picked":"SKIP","floor":45},{"not_picked":["Perfected Strike+1","Body Slam"],"picked":"Shrug It Off+1","floor":48},{"not_picked":["Limit Break","Cleave"],"picked":"Perfected Strike+1","floor":49}],"player_experience":94153,"relics_obtained":[{"floor":7,"key":"Strawberry"},{"floor":9,"key":"War Paint"},{"floor":19,"key":"Torii"},{"floor":19,"key":"Mummified Hand"},{"floor":23,"key":"PreservedInsect"},{"floor":26,"key":"Shuriken"},{"floor":27,"key":"Bronze Scales"},{"floor":38,"key":"Happy Flower"},{"floor":40,"key":"Dream Catcher"},{"floor":43,"key":"Whetstone"},{"floor":45,"key":"Bag of Preparation"}],"event_choices":[{"damage_healed":0,"gold_gain":0,"cards_transformed":["Defend_R"],"player_choice":"Change","damage_taken":0,"max_hp_gain":0,"max_hp_loss":0,"event_name":"Living Wall","floor":2,"gold_loss":0,"cards_obtained":["Second Wind"]},{"damage_healed":0,"gold_gain":0,"player_choice":"Take Wound","damage_taken":0,"relics_obtained":["Golden Idol"],"max_hp_gain":0,"max_hp_loss":0,"event_name":"Golden Idol","floor":3,"gold_loss":0,"cards_obtained":["Injury"]},{"damage_healed":0,"gold_gain":0,"player_choice":"Fight","damage_taken":0,"max_hp_gain":0,"max_hp_loss":0,"event_name":"Colosseum","floor":19,"gold_loss":0},{"damage_healed":0,"gold_gain":0,"player_choice":"Fought Nobs","damage_taken":0,"max_hp_gain":0,"max_hp_loss":0,"event_name":"Colosseum","floor":19,"gold_loss":0},{"damage_healed":0,"gold_gain":0,"player_choice":"Gave Potion","damage_taken":0,"relics_obtained":["Shovel"],"max_hp_gain":0,"max_hp_loss":0,"event_name":"WeMeetAgain","floor":22,"gold_loss":0},{"damage_healed":0,"gold_gain":0,"cards_transformed":["Second Wind"],"player_choice":"Transformed","damage_taken":0,"max_hp_gain":0,"max_hp_loss":0,"event_name":"Transmorgrifier","floor":25,"gold_loss":0,"cards_obtained":["Metallicize"]},{"cards_removed":["Injury"],"damage_healed":0,"gold_gain":0,"player_choice":"Gave Gold","damage_taken":0,"max_hp_gain":0,"max_hp_loss":0,"event_name":"Beggar","floor":31,"gold_loss":75},{"damage_healed":0,"gold_gain":0,"player_choice":"Memory 1","damage_taken":0,"max_hp_gain":0,"max_hp_loss":0,"event_name":"SensoryStone","floor":37,"gold_loss":0},{"damage_healed":0,"gold_gain":0,"player_choice":"Paid","damage_taken":0,"relics_obtained":["Red Mask"],"max_hp_gain":0,"max_hp_loss":0,"event_name":"Tomb of Lord Red Mask","floor":46,"gold_loss":98}],"is_beta":false,"boss_relics":[{"not_picked":["Calling Bell","Runic Dome"],"picked":"Black Blood"},{"not_picked":["Orrery","Eternal Feather"],"picked":"White Beast Statue"}],"items_purged_floors":[],"is_endless":false,"potions_floor_spawned":[5,10,14,19,24,28,35,36,39,40,42,45,48],"killed_by":"Awakened One","ascension_level":0}