{"gold_per_floor":[113,65,65,83,101,121,121,121,145,164,220,242,265,281,281,378,378,391,214,230,245,164,189,209,226,249,249,277,304,65,65,65,170,170,188,203,203,222,25,25,50,50,98,117,135,135,150,166,166,166,166,166,166,199,199],"floor_reached":55,"playtime":6542,"items_purged":["Normality"],"score":731,"play_id":"93a5c2a9-e70f-4b67-b39d-f642cd377c62","local_time":"20190704231422","is_ascension_mode":false,"campfire_choices":[{"data":"Feed","floor":7,"key":"SMITH"},{"floor":15,"key":"REST"},{"floor":27,"key":"REST"},{"floor":32,"key":"REST"},{"data":"Impervious","floor":40,"key":"SMITH"},{"floor":42,"key":"RECALL"},{"floor":46,"key":"REST"},{"floor":49,"key":"REST"},{"data":"Demon Form","floor":52,"key":"SMITH"}],"neow_cost":"NONE","seed_source_timestamp":1433166097204420,"circlet_count":0,"master_deck":["Strike_R+1","Strike_R","Strike_R+1","Strike_R","Strike_R","Defend_R","Defend_R","Defend_R","Defend_R","Bash","Trip","Shrug It Off","Flex","Feed+1","Flex","Swift Strike","Cleave","Shrug It Off","Demon Form+1","Impervious+1","Inflame","Rage","Inflame","Anger","Anger","Carnage+1","Body Slam+1","Ghostly Armor","Twin Strike+1","Rupture"],"relics":["Burning Blood","Bag of Preparation","PreservedInsect","Odd Mushroom","Happy Flower","Busted Crown","Magic Flower","Anchor","Regal Pillow","Red Mask","Toolbox","Lizard Tail","Lee\u0027s Waffle","Boot","Whetstone"],"potions_floor_usage":[11,16,29,29,33,50,55],"damage_taken":[{"damage":1,"enemies":"2 Louse","floor":1,"turns":3},{"damage":0,"enemies":"Cultist","floor":4,"turns":4},{"damage":6,"enemies":"Jaw Worm","floor":5,"turns":3},{"damage":0,"enemies":"3 Louse","floor":6,"turns":3},{"damage":9,"enemies":"Looter","floor":10,"turns":4},{"damage":32,"enemies":"Lagavulin Event","floor":11,"turns":6},{"damage":18,"enemies":"The Mushroom Lair","floor":12,"turns":4},{"damage":24,"enemies":"Exordium Thugs","floor":14,"turns":3},{"damage":59,"enemies":"Slime Boss","floor":16,"turns":9},{"damage":6,"enemies":"Shell Parasite","floor":18,"turns":5},{"damage":7,"enemies":"Chosen","floor":20,"turns":6},{"damage":9,"enemies":"3 Cultists","floor":21,"turns":6},{"damage":31,"enemies":"Slavers","floor":23,"turns":5},{"damage":4,"enemies":"Centurion and Healer","floor":24,"turns":5},{"damage":34,"enemies":"Sentry and Sphere","floor":25,"turns":6},{"damage":34,"enemies":"Book of Stabbing","floor":28,"turns":6},{"damage":14,"enemies":"Masked Bandits","floor":29,"turns":5},{"damage":55,"enemies":"Champ","floor":33,"turns":9},{"damage":26,"enemies":"3 Darklings","floor":35,"turns":6},{"damage":10,"enemies":"Orb Walker","floor":36,"turns":4},{"damage":50,"enemies":"Spire Growth","floor":38,"turns":5},{"damage":60,"enemies":"Reptomancer","floor":41,"turns":4},{"damage":0,"enemies":"Jaw Worm Horde","floor":44,"turns":4},{"damage":14,"enemies":"Transient","floor":45,"turns":5},{"damage":48,"enemies":"3 Darklings","floor":47,"turns":5},{"damage":39,"enemies":"Sphere and 2 Shapes","floor":48,"turns":4},{"damage":126,"enemies":"Donu and Deca","floor":50,"turns":9},{"damage":80,"enemies":"Shield and Spear","floor":54,"turns":7},{"damage":207,"enemies":"The Heart","floor":55,"turns":8}],"seed_played":"4284444597447386373","potions_obtained":[{"floor":1,"key":"AttackPotion"},{"floor":4,"key":"EssenceOfSteel"},{"floor":10,"key":"Dexterity Potion"},{"floor":12,"key":"BloodPotion"},{"floor":23,"key":"AttackPotion"},{"floor":25,"key":"SpeedPotion"},{"floor":29,"key":"EssenceOfSteel"},{"floor":36,"key":"SmokeBomb"},{"floor":45,"key":"Weak Potion"}],"is_trial":false,"path_per_floor":["M","$","?","M","M","M","R","?","T","M","?","?","T","M","R","B",null,"M","$","M","M","$","E","M","M","T","R","E","?","$","?","R","B",null,"M","M","?","M","$","R","E","R","T","M","M","R","M","M","R","B",null,"R","$","E","B"],"character_chosen":"IRONCLAD","items_purchased":["Flex","Inflame","Rage","Inflame","Toolbox","Anger","Lee\u0027s Waffle"],"campfire_rested":5,"item_purchase_floors":[2,19,19,22,30,30,39],"current_hp_per_floor":[80,80,80,80,80,83,83,88,88,89,63,55,55,41,71,22,104,104,104,107,108,108,87,92,73,73,109,84,85,85,59,112,66,129,112,111,111,70,136,136,85,85,85,100,95,140,101,71,128,64,140,140,140,69,0],"gold":199,"neow_bonus":"RANDOM_COLORLESS","is_prod":false,"is_daily":false,"chose_seed":false,"campfire_upgraded":3,"win_rate":0,"timestamp":1562300062,"path_taken":["M","$","?","M","?","M","R","?","T","M","?","?","?","M","R","BOSS","M","$","M","M","$","E","M","M","T","R","E","?","$","?","R","BOSS","M","M","?","M","$","R","E","R","T","M","M","R","M","M","R","BOSS","R","$","E","BOSS"],"build_version":"2019-07-01","purchased_purges":1,"victory":false,"max_hp_per_floor":[80,80,80,80,80,83,83,88,88,92,92,96,96,100,100,104,104,104,104,108,112,112,116,116,120,120,120,120,124,124,129,129,129,129,129,129,129,129,136,136,136,136,136,140,140,140,140,140,140,140,140,140,140,140,140],"card_choices":[{"not_picked":["Warcry","Sentinel"],"picked":"Shrug It Off","floor":1},{"not_picked":["Iron Wave","Anger"],"picked":"Cleave","floor":4},{"not_picked":["Wild Strike","Reckless Charge"],"picked":"Shrug It Off","floor":5},{"not_picked":["Headbutt","Infernal Blade","Seeing Red"],"picked":"SKIP","floor":6},{"not_picked":["Hemokinesis","Havoc","Warcry"],"picked":"SKIP","floor":10},{"not_picked":["Feel No Pain","Intimidate"],"picked":"Demon Form","floor":11},{"not_picked":["Clothesline","Heavy Blade","Combust"],"picked":"SKIP","floor":14},{"not_picked":["Limit Break","Immolate"],"picked":"Impervious","floor":16},{"not_picked":["Blood for Blood"],"picked":"SKIP","floor":18},{"not_picked":["Headbutt"],"picked":"SKIP","floor":20},{"not_picked":["Wild Strike"],"picked":"SKIP","floor":21},{"not_picked":["Armaments"],"picked":"SKIP","floor":23},{"not_picked":["Body Slam"],"picked":"SKIP","floor":24},{"not_picked":["Pummel"],"picked":"SKIP","floor":25},{"not_picked":[],"picked":"Anger","floor":28},{"not_picked":[],"picked":"Carnage+1","floor":35},{"not_picked":[],"picked":"Body Slam+1","floor":36},{"not_picked":[],"picked":"Ghostly Armor","floor":38},{"not_picked":["Second Wind+1"],"picked":"SKIP","floor":41},{"not_picked":[],"picked":"Twin Strike+1","floor":44},{"not_picked":["Thunderclap+1"],"picked":"SKIP","floor":45},{"not_picked":["Searing Blow+1"],"picked":"SKIP","floor":47},{"not_picked":["Rampage+1"],"picked":"SKIP","floor":48},{"not_picked":[],"picked":"Rupture","floor":54}],"player_experience":240649,"relics_obtained":[{"floor":9,"key":"Bag of Preparation"},{"floor":11,"key":"PreservedInsect"},{"floor":12,"key":"Odd Mushroom"},{"floor":13,"key":"Happy Flower"},{"floor":23,"key":"Magic Flower"},{"floor":26,"key":"Anchor"},{"floor":28,"key":"Regal Pillow"},{"floor":29,"key":"Red Mask"},{"floor":41,"key":"Boot"},{"floor":54,"key":"Whetstone"}],"event_choices":[{"damage_healed":0,"gold_gain":0,"player_choice":"4 cards matched","damage_taken":0,"max_hp_gain":0,"max_hp_loss":0,"event_name":"Match and Keep!","floor":3,"gold_loss":0,"cards_obtained":["Feed","Flex","Normality","Swift Strike"]},{"damage_healed":0,"gold_gain":0,"player_choice":"Donut","damage_taken":0,"max_hp_gain":5,"max_hp_loss":0,"event_name":"Big Fish","floor":8,"gold_loss":0},{"damage_healed":0,"gold_gain":30,"player_choice":"Searched \u00272\u0027 times","damage_taken":0,"max_hp_gain":0,"max_hp_loss":0,"event_name":"Dead Adventurer","floor":11,"gold_loss":0},{"damage_healed":0,"gold_gain":0,"player_choice":"Fought Mushrooms","damage_taken":0,"max_hp_gain":0,"max_hp_loss":0,"event_name":"Mushrooms","floor":12,"gold_loss":0},{"damage_healed":0,"gold_gain":0,"player_choice":"Fought Bandits","damage_taken":0,"max_hp_gain":0,"max_hp_loss":0,"event_name":"Masked Bandits","floor":29,"gold_loss":0},{"damage_healed":0,"gold_gain":0,"player_choice":"Shed Blood","damage_taken":31,"max_hp_gain":5,"max_hp_loss":0,"event_name":"Forgotten Altar","floor":31,"gold_loss":0},{"damage_healed":0,"gold_gain":0,"player_choice":"Memory 1","damage_taken":0,"max_hp_gain":0,"max_hp_loss":0,"event_name":"SensoryStone","floor":37,"gold_loss":0}],"is_beta":false,"boss_relics":[{"not_picked":["Mark of Pain","Black Star"],"picked":"Busted Crown"},{"not_picked":["Velvet Choker","Coffee Dripper"],"picked":"Lizard Tail"}],"items_purged_floors":[19],"is_endless":false,"potions_floor_spawned":[1,4,10,12,14,23,24,25,29,36,45],"killed_by":"The Heart","ascension_level":0}