{"gold_per_floor":[219,0,0,0,14,14,46,46,71,86,96,158,158,171,171,171],"floor_reached":16,"playtime":669,"items_purged":["Defend_B"],"score":187,"play_id":"1ff4193d-ec2d-49e0-a4f7-c0091385cbc5","local_time":"20190627164518","is_ascension_mode":true,"campfire_choices":[{"floor":6,"key":"REST"},{"data":"Sunder","floor":8,"key":"SMITH"},{"data":"Defend_B","floor":15,"key":"SMITH"}],"neow_cost":"NONE","seed_source_timestamp":607967036841745,"circlet_count":0,"master_deck":["AscendersBane","Strike_B+1","Strike_B+1","Strike_B+1","Strike_B","Defend_B+1","Defend_B+1","Defend_B","Zap","Dualcast","Leap","Sunder+1","Ball Lightning","Beam Cell","Ball Lightning","Gash","Leap"],"relics":["Cracked Core","Bag of Preparation","Blue Candle","Whetstone","Tiny Chest","Omamori"],"potions_floor_usage":[16],"damage_taken":[{"damage":11,"enemies":"Small Slimes","floor":1,"turns":4},{"damage":6,"enemies":"2 Louse","floor":5,"turns":2},{"damage":32,"enemies":"Lagavulin","floor":7,"turns":6},{"damage":2,"enemies":"Jaw Worm","floor":10,"turns":2},{"damage":0,"enemies":"Gremlin Gang","floor":11,"turns":2},{"damage":13,"enemies":"3 Sentries","floor":12,"turns":4},{"damage":3,"enemies":"Blue Slaver","floor":14,"turns":2},{"damage":8,"enemies":"Hexaghost","floor":16,"turns":7}],"seed_played":"903749963043993118","potions_obtained":[{"floor":11,"key":"Dexterity Potion"},{"floor":12,"key":"Strength Potion"}],"is_trial":false,"path_per_floor":["M","$","?","?","M","R","E","R","T","M","M","E","T","M","R","B"],"character_chosen":"DEFECT","items_purchased":["Bag of Preparation"],"campfire_rested":1,"item_purchase_floors":[2],"current_hp_per_floor":[53,53,53,39,33,54,22,22,22,20,20,7,7,4,4,0],"gold":171,"neow_bonus":"HUNDRED_GOLD","is_prod":false,"is_daily":false,"chose_seed":false,"campfire_upgraded":2,"win_rate":0,"timestamp":1561679118,"path_taken":["M","$","?","?","M","R","E","R","T","M","M","E","?","M","R","BOSS"],"build_version":"2019-01-23","purchased_purges":1,"victory":false,"max_hp_per_floor":[71,71,71,71,71,71,71,71,71,71,71,71,71,71,71,71],"card_choices":[{"not_picked":["Redo","Stack"],"picked":"Leap","floor":1},{"not_picked":["Melter","Steam Power"],"picked":"Sunder","floor":5},{"not_picked":["Skim","Compile Driver"],"picked":"Ball Lightning","floor":7},{"not_picked":["Leap","Hologram"],"picked":"Beam Cell","floor":10},{"not_picked":["Compile Driver","Streamline"],"picked":"Ball Lightning","floor":11},{"not_picked":["Ball Lightning","Go for the Eyes"],"picked":"Gash","floor":12},{"not_picked":["Skim","Chaos"],"picked":"Leap","floor":14}],"player_experience":1360389,"relics_obtained":[{"floor":7,"key":"Blue Candle"},{"floor":9,"key":"Whetstone"},{"floor":12,"key":"Tiny Chest"},{"floor":13,"key":"Omamori"}],"event_choices":[{"damage_healed":0,"gold_gain":0,"player_choice":"Left Gold","damage_taken":0,"max_hp_gain":0,"max_hp_loss":0,"event_name":"World of Goop","floor":3,"gold_loss":0},{"damage_healed":0,"gold_gain":0,"player_choice":"Entered Light","damage_taken":14,"max_hp_gain":0,"max_hp_loss":0,"event_name":"Shining Light","floor":4,"gold_loss":0,"cards_upgraded":["Strike_B","Defend_B"]}],"is_beta":false,"boss_relics":[],"items_purged_floors":[2],"is_endless":false,"potions_floor_spawned":[11,12],"killed_by":"Hexaghost","ascension_level":14}