{"gold_per_floor":[109,126,126,126,201,201,231,151,151,151,52,66,66,101,101,199,249,266,284,284,298,315,315,347,347,402,433,433,8,8,25,25,25],"floor_reached":33,"playtime":1851,"items_purged":["Strike_B","Strike_B"],"score":320,"play_id":"7fc3b7a3-bed3-4d02-97bf-4b0fd5d007b1","local_time":"20190708120339","is_ascension_mode":true,"campfire_choices":[{"floor":6.0,"key":"REST"},{"floor":10.0,"key":"REST"},{"floor":13.0,"key":"REST"},{"data":"Coolheaded","floor":15.0,"key":"SMITH"},{"floor":23.0,"key":"REST"},{"floor":25.0,"key":"REST"},{"data":"Self Repair","floor":28.0,"key":"SMITH"},{"floor":30.0,"key":"REST"},{"data":"Violence","floor":32.0,"key":"SMITH"}],"neow_cost":"NONE","seed_source_timestamp":0,"circlet_count":0,"master_deck":["Strike_B","Strike_B","Defend_B+1","Defend_B","Defend_B","Defend_B+1","Zap+1","Dualcast","Go for the Eyes","Beam Cell+1","Auto Shields","Melter","Coolheaded+1","All For One","Scrape","FTL+1","Beam Cell","Self Repair+1","Go for the Eyes","Violence+1","Rebound+1"],"special_seed":0,"relics":["Cracked Core","Dodecahedron","Sundial","Tiny House","Blue Candle","Regal Pillow","Oddly Smooth Stone","Thread and Needle","Vajra"],"potions_floor_usage":[],"damage_taken":[{"damage":3.0,"enemies":"2 Louse","floor":1.0,"turns":2.0},{"damage":0.0,"enemies":"Small Slimes","floor":2.0,"turns":2.0},{"damage":60.0,"enemies":"Gremlin Nob","floor":7.0,"turns":6.0},{"damage":4.0,"enemies":"Jaw Worm","floor":12.0,"turns":2.0},{"damage":8.0,"enemies":"Lagavulin","floor":14.0,"turns":6.0},{"damage":21.0,"enemies":"The Guardian","floor":16.0,"turns":18.0},{"damage":0.0,"enemies":"Chosen","floor":18.0,"turns":4.0},{"damage":8.0,"enemies":"Spheric Guardian","floor":19.0,"turns":4.0},{"damage":12.0,"enemies":"Chosen and Byrds","floor":21.0,"turns":4.0},{"damage":29.0,"enemies":"Centurion and Healer","floor":22.0,"turns":4.0},{"damage":50.0,"enemies":"Gremlin Leader","floor":24.0,"turns":6.0},{"damage":29.0,"enemies":"Book of Stabbing","floor":27.0,"turns":5.0},{"damage":9.0,"enemies":"Shelled Parasite and Fungi","floor":31.0,"turns":2.0},{"damage":76,"enemies":"Collector","floor":33,"turns":5}],"seed_played":"2954861714057510190","potions_obtained":[{"floor":7.0,"key":"Ancient Potion"},{"floor":14.0,"key":"SteroidPotion"},{"floor":16.0,"key":"LiquidBronze"},{"floor":17.0,"key":"GamblersBrew"},{"floor":22.0,"key":"Poison Potion"},{"floor":31.0,"key":"FearPotion"}],"is_trial":false,"path_per_floor":["M","M","?","?","?","R","E","$","T","R","$","M","R","E","R","B",null,"M","M","?","M","M","R","E","R","T","E","R","$","R","M","R","B"],"character_chosen":"DEFECT","items_purchased":["Melter","Coolheaded","Vajra","Violence"],"campfire_rested":6,"item_purchase_floors":[8,11,29,29],"current_hp_per_floor":[72,72,57,62,51,75,15,15,15,39,39,35,59,51,51,30,85,85,77,77,65,36,61,11,51,51,29,29,29,69,70,70,0],"gold":25,"neow_bonus":"UPGRADE_CARD","is_prod":false,"is_daily":false,"chose_seed":false,"campfire_upgraded":3,"win_rate":0,"timestamp":1562601819,"path_taken":["M","M","?","?","?","R","E","$","T","R","?","M","R","E","R","BOSS","M","M","?","?","M","R","E","R","T","E","R","$","R","M","R","BOSS"],"build_version":"2019-07-05","purchased_purges":2,"victory":false,"max_hp_per_floor":[75,75,75,80,80,80,80,80,80,80,80,80,80,80,80,80,85,85,85,85,85,85,85,85,85,85,85,85,85,85,85,85,85],"card_choices":[{"not_picked":["Beam Cell","Gash"],"picked":"Go for the Eyes","floor":1.0},{"not_picked":["Redo","Coolheaded"],"picked":"Beam Cell","floor":2.0},{"not_picked":["FTL","Streamline"],"picked":"Auto Shields","floor":7.0},{"not_picked":["Conserve Battery","Compile Driver","Darkness"],"picked":"SKIP","floor":12.0},{"not_picked":["Melter","Aggregate","Chaos"],"picked":"SKIP","floor":14.0},{"not_picked":["Core Surge","Hyperbeam"],"picked":"All For One","floor":16.0},{"not_picked":["Undo","Compile Driver"],"picked":"Scrape","floor":17.0},{"not_picked":["Compile Driver","Storm+1"],"picked":"FTL+1","floor":18.0},{"not_picked":["Melter","Sweeping Beam+1","Barrage"],"picked":"SKIP","floor":19.0},{"not_picked":["Consume","Turbo","Aggregate"],"picked":"SKIP","floor":21.0},{"not_picked":["Rebound","Turbo"],"picked":"Beam Cell","floor":22.0},{"not_picked":["Stack","White Noise+1"],"picked":"Self Repair","floor":24.0},{"not_picked":["Steam","Double Energy"],"picked":"Go for the Eyes","floor":27.0},{"not_picked":["Hello World","Hologram"],"picked":"Rebound+1","floor":31.0}],"player_experience":206998,"relics_obtained":[{"floor":7.0,"key":"Dodecahedron"},{"floor":14.0,"key":"Sundial"},{"floor":24.0,"key":"Regal Pillow"},{"floor":26.0,"key":"Oddly Smooth Stone"},{"floor":27.0,"key":"Thread and Needle"}],"event_choices":[{"damage_healed":0.0,"max_hp_gain":0.0,"max_hp_loss":0.0,"gold_gain":0.0,"event_name":"Shining Light","player_choice":"Entered Light","floor":3.0,"gold_loss":0.0,"damage_taken":15.0,"cards_upgraded":["Defend_B","Defend_B"]},{"damage_healed":0.0,"max_hp_gain":5.0,"max_hp_loss":0.0,"gold_gain":0.0,"event_name":"Big Fish","player_choice":"Donut","floor":4.0,"gold_loss":0.0,"damage_taken":0.0},{"damage_healed":0.0,"max_hp_gain":0.0,"max_hp_loss":0.0,"gold_gain":75.0,"event_name":"World of Goop","player_choice":"Gather Gold","floor":5.0,"gold_loss":0.0,"damage_taken":11.0},{"damage_healed":0.0,"max_hp_gain":0.0,"max_hp_loss":0.0,"gold_gain":0.0,"event_name":"WeMeetAgain","player_choice":"Gave Potion","floor":20.0,"gold_loss":0.0,"damage_taken":0.0,"relics_obtained":["Blue Candle"]}],"is_beta":false,"boss_relics":[{"not_picked":["Astrolabe","FrozenCore"],"picked":"Tiny House"}],"items_purged_floors":[11,29],"is_endless":false,"potions_floor_spawned":[7,14,16,18,19,22,31],"killed_by":"Collector","ascension_level":2}