{"gold_per_floor":[112,122,122,122,122,122,151,168,168,168,197,210,210],"floor_reached":13,"playtime":1148,"items_purged":[],"score":93,"play_id":"8080a7d2-7ab8-4e1b-a150-01a3d43415e8","local_time":"20190621170233","is_ascension_mode":false,"campfire_choices":[{"data":"Twin Strike","floor":6,"key":"SMITH"},{"data":"Bash","floor":10,"key":"SMITH"}],"neow_cost":"NONE","seed_source_timestamp":228809634546088,"circlet_count":0,"master_deck":["Strike_R","Strike_R","Strike_R","Defend_R","Defend_R","Defend_R","Defend_R","Bash+1","Rupture","Clothesline","Twin Strike+1","Sever Soul","Fiend Fire","Clothesline","Clash","Shrug It Off"],"relics":["Burning Blood","Ginger","Self Forming Clay","Smiling Mask"],"potions_floor_usage":[13],"damage_taken":[{"damage":3,"enemies":"Small Slimes","floor":1,"turns":4},{"damage":11,"enemies":"Jaw Worm","floor":2,"turns":4},{"damage":28,"enemies":"Gremlin Nob","floor":7,"turns":5},{"damage":0,"enemies":"2 Louse","floor":8,"turns":1},{"damage":23,"enemies":"Lagavulin","floor":11,"turns":5},{"damage":33,"enemies":"Gremlin Gang","floor":12,"turns":6},{"damage":27,"enemies":"Gremlin Nob","floor":13,"turns":4}],"seed_played":"-6990286969446625847","potions_obtained":[{"floor":11,"key":"GamblersBrew"}],"is_trial":false,"path_per_floor":["M","M","?","?","?","R","E","M","T","R","E","M","E"],"character_chosen":"IRONCLAD","items_purchased":[],"campfire_rested":0,"item_purchase_floors":[],"current_hp_per_floor":[80,75,75,80,80,80,58,64,64,64,47,20,0],"gold":210,"neow_bonus":"TRANSFORM_CARD","is_prod":false,"is_daily":false,"chose_seed":false,"campfire_upgraded":2,"win_rate":0,"timestamp":1561161753,"path_taken":["M","M","?","?","?","R","E","M","T","R","E","M","E"],"build_version":"2019-01-23","purchased_purges":0,"victory":false,"max_hp_per_floor":[80,80,80,85,85,85,85,85,85,85,85,85,85],"card_choices":[{"not_picked":["True Grit","Second Wind"],"picked":"Clothesline","floor":1},{"not_picked":["Armaments","Shrug It Off"],"picked":"Twin Strike","floor":2},{"not_picked":["Body Slam","Dual Wield"],"picked":"Fiend Fire","floor":7},{"not_picked":["True Grit","Power Through"],"picked":"Clothesline","floor":8},{"not_picked":["Anger","Corruption"],"picked":"Clash","floor":11},{"not_picked":["Sentinel","Clothesline"],"picked":"Shrug It Off","floor":12}],"player_experience":214582,"relics_obtained":[{"floor":7,"key":"Ginger"},{"floor":9,"key":"Self Forming Clay"},{"floor":11,"key":"Smiling Mask"}],"event_choices":[{"damage_healed":0,"gold_gain":0,"player_choice":"Ignored","damage_taken":0,"max_hp_gain":0,"max_hp_loss":0,"event_name":"Liars Game","floor":3,"gold_loss":0},{"damage_healed":0,"gold_gain":0,"player_choice":"Donut","damage_taken":0,"max_hp_gain":5,"max_hp_loss":0,"event_name":"Big Fish","floor":4,"gold_loss":0},{"damage_healed":0,"gold_gain":0,"cards_transformed":["Strike_R"],"player_choice":"Transformed","damage_taken":0,"max_hp_gain":0,"max_hp_loss":0,"event_name":"Transmorgrifier","floor":5,"gold_loss":0,"cards_obtained":["Sever Soul"]}],"is_beta":false,"boss_relics":[],"items_purged_floors":[],"is_endless":false,"potions_floor_spawned":[11],"killed_by":"Gremlin Nob","ascension_level":0}