{"gold_per_floor":[118,132,132,148,298,298,28,56,95,107,148,160,142],"floor_reached":13,"playtime":428,"items_purged":["Doubt"],"score":159,"play_id":"1a6e28ef-84d5-4fb7-bd66-8916a6b34ce3","local_time":"20190704165644","is_ascension_mode":true,"campfire_choices":[{"data":"Sweeping Beam","floor":6,"key":"SMITH"}],"neow_cost":"NONE","seed_source_timestamp":599112707729018,"circlet_count":0,"master_deck":["AscendersBane","Strike_B","Strike_B","Defend_B","Defend_B","Defend_B","Defend_B","Zap+1","Dualcast","Sweeping Beam+1","Leap","Ball Lightning","Rainbow","BootSequence","Pain"],"relics":["Cracked Core","Happy Flower","MawBank","Boot","Vajra","WarpedTongs"],"potions_floor_usage":[8,8],"damage_taken":[{"damage":11,"enemies":"Small Slimes","floor":1,"turns":3},{"damage":0,"enemies":"2 Louse","floor":2,"turns":2},{"damage":1,"enemies":"Cultist","floor":4,"turns":3},{"damage":27,"enemies":"Gremlin Nob","floor":8,"turns":4},{"damage":16,"enemies":"Lagavulin","floor":11,"turns":7},{"damage":9,"enemies":"Looter","floor":13,"turns":2}],"seed_played":"-9184659003721124406","potions_obtained":[{"floor":4,"key":"AttackPotion"},{"floor":11,"key":"Dexterity Potion"}],"is_trial":false,"path_per_floor":["M","M","?","M","?","R","$","E","T","?","E","?","M"],"character_chosen":"DEFECT","items_purchased":["Happy Flower","FearPotion"],"campfire_rested":0,"item_purchase_floors":[7,7],"current_hp_per_floor":[53,53,46,45,45,45,45,18,18,18,2,2,0],"gold":142,"neow_bonus":"UPGRADE_CARD","is_prod":false,"is_daily":false,"chose_seed":false,"campfire_upgraded":1,"win_rate":0,"timestamp":1562284604,"path_taken":["M","M","?","M","?","R","$","E","T","?","E","?","?"],"build_version":"2019-07-01","purchased_purges":1,"victory":false,"max_hp_per_floor":[71,71,71,71,71,71,71,71,71,71,71,71,71],"card_choices":[{"not_picked":["Stack","Aggregate","Recycle"],"picked":"SKIP","floor":1},{"not_picked":["Undo","Redo"],"picked":"Sweeping Beam","floor":2},{"not_picked":["Steam Power","Force Field"],"picked":"Leap","floor":4},{"not_picked":["Rip and Tear","Streamline"],"picked":"Ball Lightning","floor":8},{"not_picked":["Doom and Gloom","Storm"],"picked":"BootSequence","floor":11}],"player_experience":1412320,"relics_obtained":[{"floor":8,"key":"MawBank"},{"floor":9,"key":"Boot"},{"floor":11,"key":"Vajra"}],"event_choices":[{"cards_removed":["Strike_B"],"damage_healed":0,"gold_gain":0,"player_choice":"Card Removal","damage_taken":7,"max_hp_gain":0,"max_hp_loss":0,"event_name":"Golden Wing","floor":3,"gold_loss":0},{"damage_healed":0,"gold_gain":150,"player_choice":"AGREE","damage_taken":0,"max_hp_gain":0,"max_hp_loss":0,"event_name":"Liars Game","floor":5,"gold_loss":0,"cards_obtained":["Doubt"]},{"damage_healed":0,"gold_gain":0,"cards_transformed":["Strike_B"],"player_choice":"Change","damage_taken":0,"max_hp_gain":0,"max_hp_loss":0,"event_name":"Living Wall","floor":10,"gold_loss":0,"cards_obtained":["Rainbow"]},{"damage_healed":0,"gold_gain":0,"player_choice":"Rummage","damage_taken":0,"relics_obtained":["WarpedTongs"],"max_hp_gain":0,"max_hp_loss":0,"event_name":"Accursed Blacksmith","floor":12,"gold_loss":0,"cards_obtained":["Pain"]}],"is_beta":false,"boss_relics":[],"items_purged_floors":[7],"is_endless":false,"potions_floor_spawned":[4,11],"killed_by":"Looter","ascension_level":15}