{"gold_per_floor":[110,126,401,413,429,429,379,404,428,50,80,92,109,109,109,210,210,227,242,242,242,242],"floor_reached":22,"playtime":1129,"items_purged":[],"score":186,"play_id":"d0201050-1081-49c3-a464-7bdfb329d764","local_time":"20190708021829","is_ascension_mode":false,"campfire_choices":[{"floor":6,"key":"REST"},{"floor":15,"key":"REST"}],"neow_cost":"NONE","seed_source_timestamp":1708820440401482,"circlet_count":0,"master_deck":["Strike_B","Strike_B","Defend_B","Defend_B","Defend_B","Zap","Rebound+1","Storm+1","Storm+1","Static Discharge","Sweeping Beam","Leap","Capacitor","Redo","Ball Lightning","Electrodynamics","Capacitor","Conserve Battery","Conserve Battery","Redo+1"],"relics":["Astrolabe","Boot","StoneCalendar","Juzu Bracelet","Orrery","MutagenicStrength"],"potions_floor_usage":[13,16],"damage_taken":[{"damage":0,"enemies":"Cultist","floor":1,"turns":4},{"damage":5,"enemies":"2 Louse","floor":2,"turns":3},{"damage":13,"enemies":"Jaw Worm","floor":4,"turns":2},{"damage":17,"enemies":"Exordium Wildlife","floor":5,"turns":4},{"damage":31,"enemies":"3 Sentries","floor":11,"turns":6},{"damage":10,"enemies":"Looter","floor":12,"turns":2},{"damage":17,"enemies":"Lots of Slimes","floor":13,"turns":3},{"damage":11,"enemies":"Hexaghost","floor":16,"turns":6},{"damage":19,"enemies":"Spheric Guardian","floor":18,"turns":4},{"damage":28,"enemies":"2 Thieves","floor":19,"turns":4},{"damage":32,"enemies":"Masked Bandits","floor":22,"turns":2}],"seed_played":"-2717963059999575309","potions_obtained":[{"floor":1,"key":"SmokeBomb"},{"floor":2,"key":"AttackPotion"},{"floor":4,"key":"Fire Potion"}],"is_trial":false,"path_per_floor":["M","M","?","M","M","R","?","T","T","$","E","M","M","?","R","B",null,"M","M","?","?","?"],"character_chosen":"DEFECT","items_purchased":["StoneCalendar","Capacitor"],"campfire_rested":2,"item_purchase_floors":[10,10],"current_hp_per_floor":[75,70,70,57,40,62,62,62,62,62,31,21,4,4,26,15,75,56,28,28,28,0],"gold":242,"neow_bonus":"BOSS_RELIC","is_prod":false,"is_daily":false,"chose_seed":false,"campfire_upgraded":0,"win_rate":0,"timestamp":1562570309,"path_taken":["M","?","?","?","M","R","?","?","T","?","E","M","M","?","R","BOSS","M","M","?","?","?"],"build_version":"2019-07-05","purchased_purges":0,"victory":false,"max_hp_per_floor":[75,75,75,75,75,75,75,75,75,75,75,75,75,75,75,75,75,75,75,75,75,75],"card_choices":[{"not_picked":["Darkness","FTL"],"picked":"Static Discharge","floor":1},{"not_picked":["Glacier","Conserve Battery"],"picked":"Sweeping Beam","floor":2},{"not_picked":["Cold Snap","Sweeping Beam"],"picked":"Leap","floor":4},{"not_picked":["Steam","Hologram","Barrage"],"picked":"SKIP","floor":5},{"not_picked":["Seek","Steam Power"],"picked":"Redo","floor":11},{"not_picked":["Cold Snap","Glacier","Rebound"],"picked":"SKIP","floor":12},{"not_picked":["Rebound","Conserve Battery"],"picked":"Ball Lightning","floor":13},{"not_picked":["Buffer","Fission"],"picked":"Electrodynamics","floor":16},{"not_picked":["Doom and Gloom","Double Energy"],"picked":"Capacitor","floor":17},{"not_picked":["Hologram","Compile Driver"],"picked":"Conserve Battery","floor":17},{"not_picked":["Tempest","Steam Power"],"picked":"Conserve Battery","floor":17},{"not_picked":["Recycle","Reinforced Body"],"picked":"Redo+1","floor":18},{"not_picked":["Streamline","Reprogram","Go for the Eyes+1"],"picked":"SKIP","floor":19}],"player_experience":274532,"relics_obtained":[{"floor":9,"key":"Boot"},{"floor":11,"key":"Juzu Bracelet"}],"event_choices":[{"damage_healed":0,"gold_gain":275,"player_choice":"Desecrate","damage_taken":0,"max_hp_gain":0,"max_hp_loss":0,"event_name":"Golden Shrine","floor":3,"gold_loss":0,"cards_obtained":["Regret"]},{"cards_removed":["Regret"],"damage_healed":0,"gold_gain":0,"player_choice":"Card Removal","damage_taken":0,"max_hp_gain":0,"max_hp_loss":0,"event_name":"The Cleric","floor":7,"gold_loss":50},{"cards_removed":["Strike_B"],"damage_healed":0,"gold_gain":0,"player_choice":"Purged","damage_taken":0,"max_hp_gain":0,"max_hp_loss":0,"event_name":"Purifier","floor":14,"gold_loss":0},{"damage_healed":0,"gold_gain":0,"player_choice":"Inject Mutagens","damage_taken":0,"relics_obtained":["MutagenicStrength"],"max_hp_gain":0,"max_hp_loss":0,"event_name":"Drug Dealer","floor":20,"gold_loss":0},{"damage_healed":0,"gold_gain":0,"player_choice":"Ignored","damage_taken":0,"max_hp_gain":0,"max_hp_loss":0,"event_name":"Ghosts","floor":21,"gold_loss":0},{"damage_healed":0,"gold_gain":0,"player_choice":"Fought Bandits","damage_taken":0,"max_hp_gain":0,"max_hp_loss":0,"event_name":"Masked Bandits","floor":22,"gold_loss":0}],"is_beta":false,"boss_relics":[{"not_picked":["Velvet Choker","Eternal Feather"],"picked":"Orrery"}],"items_purged_floors":[],"is_endless":false,"potions_floor_spawned":[1,2,4,5],"killed_by":"Masked Bandits","ascension_level":0}