{"gold_per_floor":[116,126,126,201,161,161,193,49,49,49,0,20,35,53,53,148,148,167,167,30,129,142,142],"floor_reached":23,"playtime":1408,"items_purged":["Strike_G","Strike_G+1"],"score":235,"play_id":"a04f31fb-ed8d-45ff-a829-3630fa621164","local_time":"20190708170312","is_ascension_mode":true,"campfire_choices":[{"floor":6,"key":"REST"},{"data":"Noxious Fumes","floor":10,"key":"SMITH"},{"data":"Noxious Fumes","floor":15,"key":"SMITH"}],"neow_cost":"NONE","seed_source_timestamp":1761624088739901,"circlet_count":0,"master_deck":["Strike_G+1","Strike_G+1","Strike_G+1","Defend_G+1","Defend_G+1","Defend_G+1","Defend_G+1","Defend_G+1","Survivor","Neutralize","Deadly Poison","Deflect","Deflect","Noxious Fumes+1","Deadly Poison","Deadly Poison","Bouncing Flask","Noxious Fumes+1","Noxious Fumes","Crippling Poison","Catalyst"],"relics":["Ring of the Snake","NeowsBlessing","Dream Catcher","Smiling Mask","Kunai","Snecko Eye"],"potions_floor_usage":[16,16,16,23,23],"damage_taken":[{"damage":0,"enemies":"Cultist","floor":1,"turns":1},{"damage":0,"enemies":"Jaw Worm","floor":2,"turns":1},{"damage":0,"enemies":"Lagavulin","floor":7,"turns":1},{"damage":0,"enemies":"Small Slimes","floor":12,"turns":3},{"damage":8,"enemies":"Looter","floor":13,"turns":3},{"damage":35,"enemies":"Gremlin Gang","floor":14,"turns":4},{"damage":6,"enemies":"Hexaghost","floor":16,"turns":7},{"damage":54,"enemies":"2 Thieves","floor":18,"turns":4},{"damage":10,"enemies":"Chosen","floor":22,"turns":5},{"damage":18,"enemies":"Slavers","floor":23,"turns":3}],"seed_played":"3194383383750522957","potions_obtained":[{"floor":5,"key":"Energy Potion"},{"floor":5,"key":"Block Potion"},{"floor":5,"key":"SneckoOil"},{"floor":7,"key":"PowerPotion"},{"floor":22,"key":"GhostInAJar"}],"is_trial":false,"path_per_floor":["M","M","?","?","?","R","E","$","T","R","$","M","M","M","R","B",null,"M","?","$","?","M","E"],"character_chosen":"THE_SILENT","items_purchased":["Noxious Fumes","Deadly Poison","Deadly Poison","Catalyst","PowerPotion"],"campfire_rested":1,"item_purchase_floors":[8,8,11,20,20],"current_hp_per_floor":[70,70,63,52,52,70,70,70,70,70,70,70,62,27,27,21,70,16,16,16,16,6,0],"gold":142,"neow_bonus":"THREE_ENEMY_KILL","is_prod":false,"is_daily":false,"chose_seed":false,"campfire_upgraded":2,"win_rate":0,"timestamp":1562623392,"path_taken":["M","?","?","?","?","R","E","$","T","R","$","M","?","M","R","BOSS","M","?","$","?","M","E"],"build_version":"2019-07-05","purchased_purges":2,"victory":false,"max_hp_per_floor":[70,70,70,70,70,70,70,70,70,70,70,70,70,70,70,70,70,70,70,70,70,70,70],"card_choices":[{"not_picked":["Prepared","Expertise"],"picked":"Deadly Poison","floor":1},{"not_picked":["Riddle With Holes","Outmaneuver"],"picked":"Deflect","floor":2},{"not_picked":["Underhanded Strike","Masterful Stab"],"picked":"Deflect","floor":7},{"not_picked":["Deflect","Footwork"],"picked":"Bouncing Flask","floor":12},{"not_picked":["Acrobatics","Caltrops"],"picked":"Noxious Fumes","floor":13},{"not_picked":["Blade Dance","Infinite Blades"],"picked":"Noxious Fumes","floor":14},{"not_picked":["Distraction","Poisoned Stab+1"],"picked":"Crippling Poison","floor":18},{"not_picked":["Caltrops+1","Underhanded Strike","Dodge and Roll"],"picked":"SKIP","floor":22}],"player_experience":292579,"relics_obtained":[{"floor":7,"key":"Smiling Mask"},{"floor":9,"key":"Kunai"}],"event_choices":[{"damage_healed":0,"gold_gain":0,"player_choice":"Success","damage_taken":7,"relics_obtained":["Dream Catcher"],"max_hp_gain":0,"max_hp_loss":0,"event_name":"Scrap Ooze","floor":3,"gold_loss":0},{"damage_healed":0,"gold_gain":75,"player_choice":"Gather Gold","damage_taken":11,"max_hp_gain":0,"max_hp_loss":0,"event_name":"World of Goop","floor":4,"gold_loss":0},{"damage_healed":0,"gold_gain":0,"player_choice":"Bought 3 Potions","damage_taken":0,"max_hp_gain":0,"max_hp_loss":0,"event_name":"The Woman in Blue","floor":5,"gold_loss":0},{"damage_healed":0,"gold_gain":0,"player_choice":"Simplicity","damage_taken":0,"max_hp_gain":0,"max_hp_loss":0,"event_name":"Back to Basics","floor":19,"gold_loss":0,"cards_upgraded":["Strike_G","Strike_G","Strike_G","Strike_G","Defend_G","Defend_G","Defend_G","Defend_G","Defend_G"]},{"damage_healed":0,"gold_gain":99,"player_choice":"Stole From Cult","damage_taken":0,"max_hp_gain":0,"max_hp_loss":0,"event_name":"Nest","floor":21,"gold_loss":0}],"is_beta":false,"boss_relics":[{"not_picked":["Cursed Key","Coffee Dripper"],"picked":"Snecko Eye"}],"items_purged_floors":[8,20],"is_endless":false,"potions_floor_spawned":[7,14,22],"killed_by":"Slavers","ascension_level":2}