{"gold_per_floor":[119,119,130,149,159,159,189,204,204,224,241,253,253,263,263,263],"floor_reached":16,"playtime":1072,"items_purged":[],"score":108,"play_id":"543bad2e-a65e-4c17-ab83-65356a765020","local_time":"20190624005606","is_ascension_mode":false,"campfire_choices":[{"data":"Poisoned Stab","floor":6,"key":"SMITH"},{"floor":13,"key":"REST"},{"floor":15,"key":"REST"}],"neow_cost":"NONE","seed_source_timestamp":494325631069224,"circlet_count":0,"master_deck":["Defend_G","Defend_G","Defend_G","Defend_G","Defend_G","Strike_G","Strike_G","Strike_G+1","Strike_G+1","Strike_G+1","Survivor","Neutralize","Deadly Poison+1","Poisoned Stab+1","Sucker Punch","Deadly Poison","Dagger Spray","Blur","Bane","Corpse Explosion"],"relics":["Ring of the Snake","Whetstone","Matryoshka"],"potions_floor_usage":[16],"damage_taken":[{"damage":1,"enemies":"Small Slimes","floor":1,"turns":4},{"damage":1,"enemies":"Jaw Worm","floor":3,"turns":3},{"damage":0,"enemies":"2 Louse","floor":4,"turns":2},{"damage":5,"enemies":"Red Slaver","floor":5,"turns":3},{"damage":16,"enemies":"3 Sentries","floor":7,"turns":8},{"damage":3,"enemies":"Blue Slaver","floor":8,"turns":3},{"damage":5,"enemies":"3 Louse","floor":10,"turns":3},{"damage":22,"enemies":"Large Slime","floor":11,"turns":5},{"damage":1,"enemies":"Exordium Thugs","floor":12,"turns":4},{"damage":8,"enemies":"Red Slaver","floor":14,"turns":3},{"damage":52,"enemies":"Slime Boss","floor":16,"turns":9}],"seed_played":"6347602809797667825","potions_obtained":[{"floor":3,"key":"Strength Potion"},{"floor":7,"key":"Energy Potion"},{"floor":12,"key":"SkillPotion"},{"floor":14,"key":"PowerPotion"}],"is_trial":false,"path_per_floor":["M","?","M","M","M","R","E","M","T","M","M","M","R","M","R","B"],"character_chosen":"THE_SILENT","items_purchased":[],"campfire_rested":2,"item_purchase_floors":[],"current_hp_per_floor":[76,61,60,60,55,55,39,36,36,31,9,8,31,23,46,0],"gold":263,"neow_bonus":"TEN_PERCENT_HP_BONUS","is_prod":false,"is_daily":false,"chose_seed":false,"campfire_upgraded":1,"win_rate":0.0,"timestamp":1561355766,"path_taken":["M","?","M","M","M","R","E","M","T","M","M","M","R","M","R","BOSS"],"build_version":"2019-01-23","purchased_purges":0,"victory":false,"max_hp_per_floor":[77,77,77,77,77,77,77,77,77,77,77,77,77,77,77,77],"card_choices":[{"not_picked":["Acrobatics","Prepared"],"picked":"Deadly Poison","floor":1},{"not_picked":["Masterful Stab","Distraction"],"picked":"Poisoned Stab","floor":3},{"not_picked":["Predator","Quick Slash"],"picked":"Sucker Punch","floor":4},{"not_picked":["Escape Plan","Deflect"],"picked":"Deadly Poison","floor":5},{"not_picked":["PiercingWail","Catalyst"],"picked":"Dagger Spray","floor":7},{"not_picked":["Tactician","Backflip","Riddle With Holes"],"picked":"SKIP","floor":8},{"not_picked":["Escape Plan","Calculated Gamble"],"picked":"Blur","floor":10},{"not_picked":["Acrobatics","Blade Dance","Backflip"],"picked":"SKIP","floor":11},{"not_picked":["Acrobatics","Slice"],"picked":"Bane","floor":12},{"not_picked":["Leg Sweep","Acrobatics"],"picked":"Corpse Explosion","floor":14}],"player_experience":164195,"relics_obtained":[{"floor":7,"key":"Whetstone"},{"floor":9,"key":"Matryoshka"}],"event_choices":[{"damage_healed":0,"gold_gain":0,"player_choice":"Entered Light","damage_taken":15,"max_hp_gain":0,"max_hp_loss":0,"event_name":"Shining Light","floor":2,"gold_loss":0,"cards_upgraded":["Deadly Poison","Strike_G"]}],"is_beta":false,"boss_relics":[],"items_purged_floors":[],"is_endless":false,"potions_floor_spawned":[3,7,10,12,14],"killed_by":"Slime Boss","ascension_level":0}