{"gold_per_floor":[115,131,131,131,54,54,66,96,171,171,57,57],"floor_reached":12,"playtime":3676,"items_purged":[],"score":76,"play_id":"1b9e3bc1-ff65-438d-9ad3-9974dce6be02","local_time":"20190623225243","is_ascension_mode":false,"campfire_choices":[{"data":"Deflect","floor":6,"key":"SMITH"},{"floor":10,"key":"REST"}],"neow_cost":"NONE","seed_source_timestamp":484322775275092,"circlet_count":0,"master_deck":["Defend_G","Defend_G","Defend_G","Defend_G","Defend_G","Strike_G","Strike_G","Strike_G","Strike_G","Strike_G","Survivor","Neutralize","Deflect+1","Backflip","Deflect+1","Malaise","Deadly Poison","Acrobatics","Footwork","Distraction"],"relics":["Ring of the Snake","Potion Belt","Ornamental Fan"],"potions_floor_usage":[],"damage_taken":[{"damage":5,"enemies":"Jaw Worm","floor":1,"turns":5},{"damage":0,"enemies":"Cultist","floor":2,"turns":6},{"damage":6,"enemies":"2 Louse","floor":7,"turns":4},{"damage":39,"enemies":"Gremlin Nob","floor":8,"turns":6},{"damage":44,"enemies":"3 Sentries","floor":12,"turns":10}],"seed_played":"4158813921642908059","potions_obtained":[{"floor":7,"key":"SpeedPotion"}],"is_trial":false,"path_per_floor":["M","M","?","?","$","R","M","E","T","R","$","E"],"character_chosen":"THE_SILENT","items_purchased":["Malaise","Footwork","Distraction"],"campfire_rested":1,"item_purchase_floors":[5,11,11],"current_hp_per_floor":[65,65,65,65,65,65,59,20,20,41,41,0],"gold":57,"neow_bonus":"THREE_CARDS","is_prod":false,"is_daily":false,"chose_seed":false,"campfire_upgraded":1,"win_rate":0.0,"timestamp":1561348363,"path_taken":["M","M","?","?","$","R","M","E","T","R","$","E"],"build_version":"2019-01-23","purchased_purges":0,"victory":false,"max_hp_per_floor":[70,70,70,70,70,70,70,70,70,70,70,70],"card_choices":[{"not_picked":["Endless Agony","Outmaneuver"],"picked":"Deflect","floor":0},{"not_picked":["Poisoned Stab","Blade Dance"],"picked":"Backflip","floor":1},{"not_picked":["Well Laid Plans","Blade Dance"],"picked":"Deflect","floor":2},{"not_picked":["Predator","Prepared"],"picked":"Deadly Poison","floor":7},{"not_picked":["Distraction","Endless Agony"],"picked":"Acrobatics","floor":8}],"player_experience":154244,"relics_obtained":[{"floor":8,"key":"Potion Belt"},{"floor":9,"key":"Ornamental Fan"}],"event_choices":[{"damage_healed":0,"gold_gain":0,"player_choice":"Leave","damage_taken":0,"max_hp_gain":0,"max_hp_loss":0,"event_name":"The Cleric","floor":3,"gold_loss":0},{"damage_healed":0,"gold_gain":0,"player_choice":"Upgraded","damage_taken":0,"max_hp_gain":0,"max_hp_loss":0,"event_name":"Upgrade Shrine","floor":4,"gold_loss":0,"cards_upgraded":["Deflect"]}],"is_beta":false,"boss_relics":[],"items_purged_floors":[],"is_endless":false,"potions_floor_spawned":[7],"killed_by":"3 Sentries","ascension_level":0}