{"gold_per_floor":[114,134,59,59,134,134,158,193,240,259,259,274,274,274],"floor_reached":14,"playtime":457,"items_purged":["Strike_B"],"score":99,"play_id":"48576aa3-3dc5-422a-9ffb-768a88c16015","local_time":"20190620231325","is_ascension_mode":true,"campfire_choices":[{"data":"Self Repair","floor":6,"key":"SMITH"},{"data":"Echo Form","floor":11,"key":"SMITH"}],"neow_cost":"NONE","seed_source_timestamp":165352148805691,"circlet_count":0,"master_deck":["Strike_B","Strike_B","Strike_B","Defend_B","Defend_B","Defend_B","Defend_B","Zap","Dualcast","Self Repair+1","Cold Snap","Conserve Battery","Echo Form+1","Melter","Redo"],"relics":["Cracked Core","Golden Idol","Oddly Smooth Stone","Art of War","Symbiotic Virus"],"potions_floor_usage":[],"damage_taken":[{"damage":3,"enemies":"2 Louse","floor":1,"turns":2},{"damage":5,"enemies":"Small Slimes","floor":2,"turns":4},{"damage":5,"enemies":"Jaw Worm","floor":7,"turns":4},{"damage":29,"enemies":"Lagavulin","floor":8,"turns":9},{"damage":9,"enemies":"3 Louse","floor":10,"turns":5},{"damage":22,"enemies":"Lots of Slimes","floor":12,"turns":5},{"damage":22,"enemies":"Exordium Thugs","floor":14,"turns":3}],"seed_played":"2368223174875363821","potions_obtained":[{"floor":2,"key":"SpeedPotion"},{"floor":8,"key":"SteroidPotion"},{"floor":12,"key":"Explosive Potion"}],"is_trial":false,"path_per_floor":["M","M","$","?","?","R","M","E","T","M","R","M","T","M"],"character_chosen":"DEFECT","items_purchased":[],"campfire_rested":0,"item_purchase_floors":[],"current_hp_per_floor":[75,75,75,57,46,46,51,32,32,33,33,21,21,0],"gold":274,"neow_bonus":"THREE_CARDS","is_prod":false,"is_daily":false,"chose_seed":false,"campfire_upgraded":2,"win_rate":0,"timestamp":1561097605,"path_taken":["M","M","$","?","?","R","M","E","T","M","R","M","?","M"],"build_version":"2019-01-23","purchased_purges":1,"victory":false,"max_hp_per_floor":[75,75,75,75,75,75,75,75,75,75,75,75,75,75],"card_choices":[{"not_picked":["Turbo","Steam Power"],"picked":"Self Repair","floor":0},{"not_picked":["Skim","Compile Driver"],"picked":"Cold Snap","floor":1},{"not_picked":["Steam Power","Turbo","Sweeping Beam"],"picked":"SKIP","floor":2},{"not_picked":["Leap","Undo"],"picked":"Conserve Battery","floor":7},{"not_picked":["Recycle","Rebound"],"picked":"Echo Form","floor":8},{"not_picked":["Sweeping Beam","Ball Lightning"],"picked":"Melter","floor":10},{"not_picked":["Conserve Battery","Self Repair"],"picked":"Redo","floor":12}],"player_experience":211998,"relics_obtained":[{"floor":8,"key":"Oddly Smooth Stone"},{"floor":9,"key":"Art of War"},{"floor":13,"key":"Symbiotic Virus"}],"event_choices":[{"damage_healed":0,"gold_gain":0,"player_choice":"Take Damage","damage_taken":18,"relics_obtained":["Golden Idol"],"max_hp_gain":0,"max_hp_loss":0,"event_name":"Golden Idol","floor":4,"gold_loss":0},{"damage_healed":0,"gold_gain":75,"player_choice":"Gather Gold","damage_taken":11,"max_hp_gain":0,"max_hp_loss":0,"event_name":"World of Goop","floor":5,"gold_loss":0}],"is_beta":false,"boss_relics":[],"items_purged_floors":[3],"is_endless":false,"potions_floor_spawned":[2,8,12],"killed_by":"Exordium Thugs","ascension_level":2}