{"gold_per_floor":[218,230,191,366,136,170,170,203,203,203,217,217,217,231,231,231],"floor_reached":16,"playtime":906,"items_purged":[],"score":113,"play_id":"be9e960e-b523-4e98-ba65-160abf6cdc4a","local_time":"20190619150334","is_ascension_mode":true,"campfire_choices":[{"floor":7,"key":"REST"},{"floor":10,"key":"REST"},{"floor":15,"key":"REST"}],"neow_cost":"NONE","seed_source_timestamp":113337895075177,"circlet_count":0,"master_deck":["Strike_R","Strike_R","Strike_R","Strike_R","Strike_R","Defend_R","Defend_R","Defend_R","Defend_R","Bash","Inflame","Ghostly Armor","Ghostly Armor"],"relics":["Burning Blood","Blood Vial","Happy Flower","Question Card","Bottled Flame"],"potions_floor_usage":[16,16],"damage_taken":[{"damage":2,"enemies":"2 Louse","floor":1,"turns":3},{"damage":8,"enemies":"Small Slimes","floor":2,"turns":4},{"damage":72,"enemies":"Lagavulin","floor":6,"turns":10},{"damage":28,"enemies":"Gremlin Nob","floor":8,"turns":5},{"damage":6,"enemies":"Jaw Worm","floor":11,"turns":3},{"damage":5,"enemies":"Looter","floor":14,"turns":3},{"damage":85,"enemies":"Hexaghost","floor":16,"turns":14}],"seed_played":"-4654714591948025802","potions_obtained":[{"floor":8,"key":"FearPotion"},{"floor":11,"key":"LiquidBronze"}],"is_trial":false,"path_per_floor":["M","M","?","?","$","E","R","E","T","R","M","?","?","M","R","B"],"character_chosen":"IRONCLAD","items_purchased":["Inflame","Blood Vial"],"campfire_rested":3,"item_purchase_floors":[5,5],"current_hp_per_floor":[80,78,78,78,78,14,38,18,18,42,44,49,49,52,77,0],"gold":231,"neow_bonus":"HUNDRED_GOLD","is_prod":false,"is_daily":false,"chose_seed":false,"campfire_upgraded":0,"win_rate":0,"timestamp":1560974614,"path_taken":["M","M","?","?","$","E","R","E","T","R","M","?","?","?","R","BOSS"],"build_version":"2019-01-23","purchased_purges":0,"victory":false,"max_hp_per_floor":[80,80,80,80,80,80,80,80,80,80,80,85,85,85,85,85],"card_choices":[{"not_picked":["Havoc","Fire Breathing","Wild Strike"],"picked":"SKIP","floor":1},{"not_picked":["Dual Wield","Searing Blow","Clash"],"picked":"SKIP","floor":2},{"not_picked":["Body Slam","Blood for Blood","Infernal Blade"],"picked":"SKIP","floor":6},{"not_picked":["Shockwave","Wild Strike","Perfected Strike"],"picked":"SKIP","floor":8},{"not_picked":["Second Wind","Spot Weakness","Clash"],"picked":"Ghostly Armor","floor":11},{"not_picked":["Combust","Burning Pact","Reaper"],"picked":"Ghostly Armor","floor":14}],"player_experience":129331,"relics_obtained":[{"floor":6,"key":"Happy Flower"},{"floor":8,"key":"Question Card"},{"floor":9,"key":"Bottled Flame"}],"event_choices":[{"damage_healed":0,"gold_gain":0,"player_choice":"Left Gold","damage_taken":0,"max_hp_gain":0,"max_hp_loss":0,"event_name":"World of Goop","floor":3,"gold_loss":39},{"damage_healed":0,"gold_gain":175,"player_choice":"AGREE","damage_taken":0,"max_hp_gain":0,"max_hp_loss":0,"event_name":"Liars Game","floor":4,"gold_loss":0,"cards_obtained":["Doubt"]},{"damage_healed":0,"gold_gain":0,"player_choice":"Donut","damage_taken":0,"max_hp_gain":5,"max_hp_loss":0,"event_name":"Big Fish","floor":12,"gold_loss":0},{"cards_removed":["Doubt"],"damage_healed":0,"gold_gain":0,"player_choice":"Forget","damage_taken":0,"max_hp_gain":0,"max_hp_loss":0,"event_name":"Living Wall","floor":13,"gold_loss":0}],"is_beta":false,"boss_relics":[],"items_purged_floors":[],"is_endless":false,"potions_floor_spawned":[8,11],"killed_by":"Hexaghost","ascension_level":1}