{"gold_per_floor":[112,125,23,39,59,84,84,104,104,104,115,150,0,175,175,175],"floor_reached":16,"playtime":794,"items_purged":[],"score":118,"play_id":"1a3f1bac-3a79-474e-a320-d2555396a0ad","local_time":"20190411230836","is_ascension_mode":true,"campfire_choices":[{"data":"Sunder","floor":7,"key":"SMITH"},{"data":"Self Repair","floor":10,"key":"SMITH"},{"data":"Buffer","floor":15,"key":"SMITH"}],"neow_cost":"PERCENT_DAMAGE","seed_source_timestamp":499364800568769,"circlet_count":0,"master_deck":["Strike_B","Strike_B","Strike_B","Strike_B","Defend_B","Defend_B","Defend_B","Defend_B","Zap","Dualcast","Buffer+1","Sunder+1","Leap","Self Repair+1","Force Field","Biased Cognition","Force Field","Reinforced Body","Doubt"],"relics":["Cracked Core","Orichalcum","Ornamental Fan","Shuriken","Lantern"],"potions_floor_usage":[16,16],"damage_taken":[{"damage":1,"enemies":"Jaw Worm","floor":1,"turns":4},{"damage":0,"enemies":"Small Slimes","floor":2,"turns":2},{"damage":10,"enemies":"2 Louse","floor":4,"turns":3},{"damage":6,"enemies":"Large Slime","floor":5,"turns":5},{"damage":25,"enemies":"Gremlin Nob","floor":6,"turns":5},{"damage":0,"enemies":"Exordium Wildlife","floor":8,"turns":2},{"damage":4,"enemies":"2 Fungi Beasts","floor":11,"turns":3},{"damage":2,"enemies":"Lagavulin","floor":12,"turns":8},{"damage":61,"enemies":"The Guardian","floor":16,"turns":17}],"seed_played":"2801040690219237931","potions_obtained":[{"floor":1,"key":"SkillPotion"},{"floor":8,"key":"Ancient Potion"},{"floor":12,"key":"Energy Potion"}],"is_trial":false,"path_per_floor":["M","M","$","M","M","E","R","M","T","R","M","E","$","?","R","B"],"character_chosen":"DEFECT","items_purchased":["Leap","Self Repair","Lantern"],"campfire_rested":0,"item_purchase_floors":[3,3,13],"current_hp_per_floor":[53,53,53,50,51,33,33,40,40,40,46,54,54,54,54,0],"gold":175,"neow_bonus":"THREE_RARE_CARDS","is_prod":false,"is_daily":false,"chose_seed":false,"campfire_upgraded":3,"win_rate":0,"timestamp":1555049316,"path_taken":["M","M","$","M","M","E","R","M","T","R","M","E","$","?","R","BOSS"],"build_version":"2019-01-23","purchased_purges":0,"victory":false,"max_hp_per_floor":[75,75,75,75,75,75,75,75,75,75,75,75,75,75,75,75],"card_choices":[{"not_picked":["Reboot","Machine Learning"],"picked":"Buffer","floor":0},{"not_picked":["Turbo","Steam"],"picked":"Sunder","floor":1},{"not_picked":["Turbo","Undo","Cold Snap"],"picked":"SKIP","floor":2},{"not_picked":["Reprogram","Stack","Rebound"],"picked":"SKIP","floor":4},{"not_picked":["Scrape","Steam"],"picked":"Force Field","floor":5},{"not_picked":["Conserve Battery","Lockon"],"picked":"Biased Cognition","floor":6},{"not_picked":["Beam Cell","Redo"],"picked":"Force Field","floor":8},{"not_picked":["Gash","Undo"],"picked":"Reinforced Body","floor":11},{"not_picked":["Chill","Gash","Skim"],"picked":"SKIP","floor":12}],"player_experience":168304,"relics_obtained":[{"floor":6,"key":"Orichalcum"},{"floor":9,"key":"Ornamental Fan"},{"floor":12,"key":"Shuriken"}],"event_choices":[{"damage_healed":0,"gold_gain":175,"player_choice":"AGREE","damage_taken":0,"max_hp_gain":0,"max_hp_loss":0,"event_name":"Liars Game","floor":14,"gold_loss":0,"cards_obtained":["Doubt"]}],"is_beta":false,"boss_relics":[],"items_purged_floors":[],"is_endless":false,"potions_floor_spawned":[1,8,12],"killed_by":"The Guardian","ascension_level":1}