{"gold_per_floor":[109,121,121,139,150,150,161,161,187,216,216,248,259,293,293,293],"floor_reached":16,"playtime":1026,"items_purged":[],"score":343,"play_id":"396e61e4-b226-4dfd-8c74-57ae1dcad316","local_time":"20190620010350","is_ascension_mode":true,"campfire_choices":[{"data":"Zap","floor":6,"key":"SMITH"},{"data":"Sunder","floor":11,"key":"SMITH"},{"floor":15,"key":"REST"}],"neow_cost":"NONE","seed_source_timestamp":174487748725442,"circlet_count":0,"master_deck":["AscendersBane","Strike_B","Strike_B","Strike_B","Strike_B","Defend_B","Defend_B","Defend_B","Defend_B","Zap+1","Dualcast","Writhe","Parasite","Shame","Sweeping Beam","Sweeping Beam","Defragment","Force Field","Sunder+1","Parasite","Seek","Force Field"],"relics":["Calling Bell","Ancient Tea Set","Matryoshka","Torii","Juzu Bracelet","The Courier","Symbiotic Virus","Anchor","Oddly Smooth Stone","DataDisk","Shuriken"],"potions_floor_usage":[5,12,14,14],"damage_taken":[{"damage":2,"enemies":"Cultist","floor":1,"turns":5},{"damage":8,"enemies":"2 Louse","floor":2,"turns":2},{"damage":1,"enemies":"Small Slimes","floor":4,"turns":3},{"damage":13,"enemies":"Looter","floor":5,"turns":5},{"damage":26,"enemies":"Lots of Slimes","floor":7,"turns":4},{"damage":9,"enemies":"3 Sentries","floor":10,"turns":7},{"damage":26,"enemies":"Lagavulin","floor":12,"turns":7},{"damage":0,"enemies":"3 Louse","floor":13,"turns":2},{"damage":0,"enemies":"Gremlin Nob","floor":14,"turns":4},{"damage":23,"enemies":"The Guardian","floor":16,"turns":10}],"seed_played":"2959131987447359821","potions_obtained":[{"floor":2,"key":"EssenceOfSteel"},{"floor":4,"key":"SpeedPotion"},{"floor":5,"key":"Weak Potion"},{"floor":13,"key":"Swift Potion"}],"is_trial":false,"path_per_floor":["M","M","T","M","M","R","M","?","T","E","R","E","M","E","R","B"],"character_chosen":"DEFECT","items_purchased":[],"campfire_rested":1,"item_purchase_floors":[],"current_hp_per_floor":[66,58,58,57,44,44,18,36,36,27,27,1,1,1,23,0],"gold":293,"neow_bonus":"BOSS_RELIC","is_prod":false,"is_daily":false,"chose_seed":false,"campfire_upgraded":2,"win_rate":0,"timestamp":1561017830,"path_taken":["M","?","?","M","M","R","M","?","T","E","R","E","M","E","R","BOSS"],"build_version":"2019-01-23","purchased_purges":0,"victory":false,"max_hp_per_floor":[75,75,75,75,75,75,75,75,75,75,75,75,75,75,75,75],"card_choices":[{"not_picked":["Hologram","Leap"],"picked":"Sweeping Beam","floor":1},{"not_picked":["Blizzard","Darkness"],"picked":"Sweeping Beam","floor":2},{"not_picked":["Tempest","Steam"],"picked":"Defragment","floor":4},{"not_picked":["Streamline","Stack"],"picked":"Force Field","floor":5},{"not_picked":["BootSequence","Coolheaded"],"picked":"Sunder","floor":7},{"not_picked":["Hello World","Stack"],"picked":"Seek","floor":10},{"not_picked":["Steam Power","Rebound","Stack"],"picked":"SKIP","floor":12},{"not_picked":["Conserve Battery","Steam","Capacitor"],"picked":"SKIP","floor":13},{"not_picked":["Beam Cell","Gash"],"picked":"Force Field","floor":14}],"player_experience":1284802,"relics_obtained":[{"floor":0,"key":"Ancient Tea Set"},{"floor":0,"key":"Matryoshka"},{"floor":0,"key":"Torii"},{"floor":3,"key":"Juzu Bracelet"},{"floor":3,"key":"The Courier"},{"floor":9,"key":"Symbiotic Virus"},{"floor":9,"key":"Anchor"},{"floor":10,"key":"Oddly Smooth Stone"},{"floor":12,"key":"DataDisk"},{"floor":14,"key":"Shuriken"}],"event_choices":[{"damage_healed":18,"gold_gain":0,"player_choice":"Healed and dodged fight","damage_taken":0,"max_hp_gain":0,"max_hp_loss":0,"event_name":"Mushrooms","floor":8,"gold_loss":0,"cards_obtained":["Parasite"]}],"is_beta":false,"boss_relics":[],"items_purged_floors":[],"is_endless":false,"potions_floor_spawned":[2,4,5,13],"killed_by":"The Guardian","ascension_level":13}