{"gold_per_floor":[116,116,131,131,131,131,156,156,156,175,204,74,74,93,93,197,197,212,212],"floor_reached":19,"playtime":1329,"items_purged":[],"score":220,"play_id":"7bee1900-89e9-4bfa-9709-7ec0d5acedb1","local_time":"20190708233024","is_ascension_mode":true,"campfire_choices":[{"floor":6,"key":"RECALL"},{"data":"Neutralize","floor":8,"key":"SMITH"},{"data":"Masterful Stab","floor":15,"key":"SMITH"}],"neow_cost":"NONE","seed_source_timestamp":1784935258414344,"circlet_count":0,"master_deck":["Strike_G","Strike_G+1","Defend_G","Defend_G","Defend_G","Defend_G+1","Defend_G","Survivor","Neutralize+1","Masterful Stab+1","Concentrate","Slice","Swift Strike","Noxious Fumes","Prepared","Dagger Throw"],"relics":["Ring of the Snake","NeowsBlessing","Pocketwatch","Vajra","Letter Opener","Empty Cage"],"potions_floor_usage":[11,16,16,18],"damage_taken":[{"damage":0,"enemies":"Jaw Worm","floor":1,"turns":1},{"damage":0,"enemies":"Cultist","floor":3,"turns":1},{"damage":0,"enemies":"Lagavulin","floor":7,"turns":1},{"damage":0,"enemies":"2 Louse","floor":10,"turns":2},{"damage":13,"enemies":"3 Sentries","floor":11,"turns":8},{"damage":2,"enemies":"Exordium Wildlife","floor":14,"turns":3},{"damage":19,"enemies":"Slime Boss","floor":16,"turns":10},{"damage":16,"enemies":"Spheric Guardian","floor":18,"turns":4},{"damage":59,"enemies":"Masked Bandits","floor":19,"turns":5}],"seed_played":"5586596134138070824","potions_obtained":[{"floor":3,"key":"Strength Potion"},{"floor":10,"key":"Swift Potion"},{"floor":14,"key":"Block Potion"},{"floor":16,"key":"Poison Potion"}],"is_trial":false,"path_per_floor":["M","?","M","?","T","R","E","R","T","M","E","$","?","M","R","B",null,"M","?"],"character_chosen":"THE_SILENT","items_purchased":["Swift Strike","Noxious Fumes"],"campfire_rested":0,"item_purchase_floors":[12,12],"current_hp_per_floor":[70,70,70,75,75,75,75,75,75,75,62,62,47,45,45,26,75,59,0],"gold":212,"neow_bonus":"THREE_ENEMY_KILL","is_prod":false,"is_daily":false,"chose_seed":false,"campfire_upgraded":2,"win_rate":0,"timestamp":1562646624,"path_taken":["M","?","?","?","?","R","E","R","T","M","E","$","?","M","R","BOSS","M","?"],"build_version":"2019-07-05","purchased_purges":0,"victory":false,"max_hp_per_floor":[70,70,70,75,75,75,75,75,75,75,75,75,75,75,75,75,75,75,75],"card_choices":[{"not_picked":["Dagger Throw","Acrobatics","Underhanded Strike"],"picked":"SKIP","floor":1},{"not_picked":["Sucker Punch","Acrobatics","Finisher"],"picked":"SKIP","floor":3},{"not_picked":["Skewer","Terror"],"picked":"Masterful Stab","floor":7},{"not_picked":["Quick Slash","Underhanded Strike"],"picked":"Concentrate","floor":10},{"not_picked":["Grand Finale","Underhanded Strike"],"picked":"Slice","floor":11},{"not_picked":["Bane","Footwork"],"picked":"Prepared","floor":14},{"not_picked":["Reflex","Outmaneuver"],"picked":"Dagger Throw","floor":18}],"player_experience":305206,"relics_obtained":[{"floor":5,"key":"Pocketwatch"},{"floor":7,"key":"Vajra"},{"floor":11,"key":"Letter Opener"}],"event_choices":[{"cards_removed":["Strike_G"],"damage_healed":0,"gold_gain":0,"player_choice":"Offered Basic","damage_taken":0,"max_hp_gain":0,"max_hp_loss":0,"event_name":"Bonfire Elementals","floor":2,"gold_loss":0},{"damage_healed":0,"gold_gain":0,"player_choice":"Donut","damage_taken":0,"max_hp_gain":5,"max_hp_loss":0,"event_name":"Big Fish","floor":4,"gold_loss":0},{"damage_healed":0,"gold_gain":0,"player_choice":"Entered Light","damage_taken":15,"max_hp_gain":0,"max_hp_loss":0,"event_name":"Shining Light","floor":13,"gold_loss":0,"cards_upgraded":["Strike_G","Defend_G"]},{"damage_healed":0,"gold_gain":0,"player_choice":"Fought Bandits","damage_taken":0,"max_hp_gain":0,"max_hp_loss":0,"event_name":"Masked Bandits","floor":19,"gold_loss":0}],"is_beta":false,"boss_relics":[{"not_picked":["Astrolabe","HoveringKite"],"picked":"Empty Cage"}],"items_purged_floors":[],"is_endless":false,"potions_floor_spawned":[3,10,14,16],"killed_by":"Masked Bandits","ascension_level":2}