{"gold_per_floor":[118,118,118,137,150,150,177,177,223,223,246,263,297,314,314,386,386,399,399,399,415,385,385,412,412],"floor_reached":25,"playtime":1274,"items_purged":[],"score":389,"play_id":"9694e6fb-8309-4d5e-8fc3-f8a71296252f","local_time":"20190704110901","is_ascension_mode":true,"campfire_choices":[{"data":"Dualcast","floor":6,"key":"SMITH"},{"floor":8,"key":"REST"},{"data":"Darkness","floor":10,"key":"SMITH"},{"floor":15,"key":"REST"},{"data":"Coolheaded","floor":23,"key":"SMITH"}],"neow_cost":"NONE","seed_source_timestamp":577402656047708,"circlet_count":0,"master_deck":["AscendersBane","Strike_B","Strike_B","Defend_B+1","Defend_B","Defend_B","Defend_B+1","Zap","Dualcast+1","Compile Driver","Darkness+1","Gash","Core Surge","Reinforced Body","Capacitor","Coolheaded+1","Doom and Gloom","Echo Form","Writhe","Fission","Reboot","Conserve Battery","Compile Driver"],"relics":["Cracked Core","DataDisk","War Paint","Oddly Smooth Stone","Odd Mushroom","Peace Pipe","Velvet Choker","Pen Nib","Dodecahedron"],"potions_floor_usage":[13,16,16,21,24],"damage_taken":[{"damage":10,"enemies":"Small Slimes","floor":1,"turns":3},{"damage":2,"enemies":"Jaw Worm","floor":4,"turns":3},{"damage":0,"enemies":"2 Louse","floor":5,"turns":1},{"damage":35,"enemies":"3 Sentries","floor":7,"turns":8},{"damage":3,"enemies":"The Mushroom Lair","floor":11,"turns":4},{"damage":0,"enemies":"Large Slime","floor":12,"turns":4},{"damage":24,"enemies":"Gremlin Nob","floor":13,"turns":4},{"damage":0,"enemies":"Red Slaver","floor":14,"turns":4},{"damage":21,"enemies":"Slime Boss","floor":16,"turns":6},{"damage":6,"enemies":"Chosen","floor":18,"turns":4},{"damage":3,"enemies":"3 Byrds","floor":21,"turns":5},{"damage":40,"enemies":"Slavers","floor":24,"turns":6},{"damage":17,"enemies":"Centurion and Healer","floor":25,"turns":1}],"seed_played":"5971689681981415570","potions_obtained":[{"floor":7,"key":"Swift Potion"},{"floor":11,"key":"Fire Potion"},{"floor":14,"key":"Fire Potion"},{"floor":16,"key":"Strength Potion"},{"floor":21,"key":"SteroidPotion"},{"floor":22,"key":"SpeedPotion"}],"is_trial":false,"path_per_floor":["M","?","?","M","M","R","E","R","T","R","?","M","E","M","R","B",null,"M","?","?","M","?","R","E","M"],"character_chosen":"DEFECT","items_purchased":[],"campfire_rested":2,"item_purchase_floors":[],"current_hp_per_floor":[61,61,43,41,41,41,6,29,29,29,26,26,2,2,25,4,60,54,54,54,51,51,51,11,0],"gold":412,"neow_bonus":"TEN_PERCENT_HP_BONUS","is_prod":false,"is_daily":false,"chose_seed":false,"campfire_upgraded":3,"win_rate":0,"timestamp":1562263741,"path_taken":["M","?","?","M","M","R","E","R","T","R","?","M","E","M","R","BOSS","M","?","?","M","?","R","E","M"],"build_version":"2019-07-01","purchased_purges":0,"victory":false,"max_hp_per_floor":[78,78,78,78,78,78,78,78,78,78,78,78,78,78,78,78,78,78,78,78,78,78,78,78,78],"card_choices":[{"not_picked":["Gash","Streamline"],"picked":"Compile Driver","floor":1},{"not_picked":["Leap","Rebound"],"picked":"Darkness","floor":4},{"not_picked":["Compile Driver","Coolheaded"],"picked":"Gash","floor":5},{"not_picked":["FTL","Rainbow"],"picked":"Core Surge","floor":7},{"not_picked":["Barrage","Ball Lightning"],"picked":"Reinforced Body","floor":11},{"not_picked":["Consume","Beam Cell"],"picked":"Capacitor","floor":12},{"not_picked":["Ball Lightning","Cold Snap"],"picked":"Coolheaded","floor":13},{"not_picked":["Beam Cell","Capacitor"],"picked":"Doom and Gloom","floor":14},{"not_picked":["Creative AI","All For One"],"picked":"Echo Form","floor":16},{"not_picked":["Beam Cell","Capacitor","White Noise"],"picked":"SKIP","floor":18},{"not_picked":["Go for the Eyes","Ball Lightning"],"picked":"Conserve Battery","floor":21},{"not_picked":["Melter+1","Amplify"],"picked":"Compile Driver","floor":24}],"player_experience":1397347,"relics_obtained":[{"floor":7,"key":"War Paint"},{"floor":9,"key":"Oddly Smooth Stone"},{"floor":11,"key":"Odd Mushroom"},{"floor":13,"key":"Peace Pipe"},{"floor":24,"key":"Dodecahedron"}],"event_choices":[{"damage_healed":0,"gold_gain":0,"player_choice":"Ignored","damage_taken":0,"max_hp_gain":0,"max_hp_loss":0,"event_name":"Liars Game","floor":2,"gold_loss":0},{"damage_healed":0,"gold_gain":0,"player_choice":"Success","damage_taken":18,"relics_obtained":["DataDisk"],"max_hp_gain":0,"max_hp_loss":0,"event_name":"Scrap Ooze","floor":3,"gold_loss":0},{"damage_healed":0,"gold_gain":0,"player_choice":"Fought Mushrooms","damage_taken":0,"max_hp_gain":0,"max_hp_loss":0,"event_name":"Mushrooms","floor":11,"gold_loss":0},{"damage_healed":0,"gold_gain":0,"player_choice":"Opened","damage_taken":0,"relics_obtained":["Pen Nib"],"max_hp_gain":0,"max_hp_loss":0,"event_name":"The Mausoleum","floor":19,"gold_loss":0,"cards_obtained":["Writhe"]},{"damage_healed":0,"gold_gain":0,"cards_transformed":["Strike_B","Strike_B"],"player_choice":"Became Test Subject","damage_taken":0,"max_hp_gain":0,"max_hp_loss":0,"event_name":"Drug Dealer","floor":20,"gold_loss":0,"cards_obtained":["Fission","Reboot"]},{"damage_healed":0,"gold_gain":0,"player_choice":"Bought 2 Potions","damage_taken":0,"max_hp_gain":0,"max_hp_loss":0,"event_name":"The Woman in Blue","floor":22,"gold_loss":0}],"is_beta":false,"boss_relics":[{"not_picked":["Orrery","Nuclear Battery"],"picked":"Velvet Choker"}],"items_purged_floors":[],"is_endless":false,"potions_floor_spawned":[7,11,14,16,21],"killed_by":"Centurion and Healer","ascension_level":14}