{"gold_per_floor":[111,126,126,76,30,30,40,55,55,55,55,93,113,136,136,264,264,278,203,203,203,203],"floor_reached":22,"playtime":1044,"items_purged":[],"score":252,"play_id":"b724109b-9a8a-4cc5-a2ef-5e9d03bb5d04","local_time":"20181109080142","is_ascension_mode":true,"campfire_choices":[{"data":"Rampage","floor":10,"key":"SMITH"},{"data":"True Grit","floor":15,"key":"SMITH"}],"neow_cost":"NONE","seed_source_timestamp":4805787400352977,"circlet_count":0,"master_deck":["Strike_R","Strike_R","Strike_R","Strike_R","Defend_R","Defend_R","Defend_R","Defend_R","Bash","Twin Strike","Shrug It Off","Rampage+1","Feed","True Grit+1","Fiend Fire","Corruption"],"relics":["Black Blood","Omamori","Ornamental Fan","Question Card","Bottled Lightning","Golden Idol","Odd Mushroom"],"potions_floor_usage":[14,14,16],"damage_taken":[{"damage":6,"enemies":"Cultist","floor":1,"turns":3},{"damage":14,"enemies":"Jaw Worm","floor":2,"turns":3},{"damage":10,"enemies":"Small Slimes","floor":7,"turns":3},{"damage":14,"enemies":"Looter","floor":8,"turns":3},{"damage":7,"enemies":"The Mushroom Lair","floor":12,"turns":5},{"damage":0,"enemies":"Large Slime","floor":13,"turns":5},{"damage":20,"enemies":"Gremlin Gang","floor":14,"turns":4},{"damage":40,"enemies":"The Guardian","floor":16,"turns":12},{"damage":31,"enemies":"Spheric Guardian","floor":18,"turns":6},{"damage":38,"enemies":"Shell Parasite","floor":22,"turns":7}],"seed_played":"2104011128698763457","potions_obtained":[{"floor":2,"key":"Poison Potion"},{"floor":8,"key":"Swift Potion"},{"floor":13,"key":"Block Potion"},{"floor":16,"key":"Dexterity Potion"},{"floor":18,"key":"Ancient Potion"}],"is_trial":false,"path_per_floor":["M","M","?","?","$","T","M","M","T","R","?","?","M","M","R","B",null,"M","?","?","?","M"],"character_chosen":"IRONCLAD","items_purchased":["Anger"],"campfire_rested":0,"item_purchase_floors":[5],"current_hp_per_floor":[72,64,64,64,64,64,60,52,52,52,52,51,60,49,49,15,68,47,47,47,47,9],"gold":203,"neow_bonus":"RANDOM_COMMON_RELIC","is_prod":false,"is_daily":false,"chose_seed":false,"campfire_upgraded":2,"win_rate":0,"timestamp":1541779302,"path_taken":["M","M","?","?","?","?","M","?","T","R","?","?","M","M","R","BOSS","M","?","?","?","M"],"build_version":"2018-11-08","purchased_purges":0,"victory":false,"max_hp_per_floor":[80,80,80,80,80,80,80,80,80,80,80,80,83,86,86,86,86,86,86,86,86,86],"card_choices":[{"not_picked":["Cleave","Iron Wave"],"picked":"Twin Strike","floor":1},{"not_picked":["Havoc","Warcry"],"picked":"Shrug It Off","floor":2},{"not_picked":["Heavy Blade","Sentinel","Searing Blow","Cleave"],"picked":"SKIP","floor":7},{"not_picked":["Sever Soul","Perfected Strike","Thunderclap"],"picked":"Rampage","floor":8},{"not_picked":["Cleave","Anger","Clash"],"picked":"Feed","floor":12},{"not_picked":["Iron Wave","Wild Strike","Seeing Red","Feel No Pain"],"picked":"SKIP","floor":13},{"not_picked":["Dual Wield","Perfected Strike","Headbutt"],"picked":"True Grit","floor":14},{"not_picked":["Immolate","Exhume","Berserk"],"picked":"Fiend Fire","floor":16},{"not_picked":["Cleave","Iron Wave+1","Armaments"],"picked":"Corruption","floor":18}],"player_experience":297808,"relics_obtained":[{"floor":6,"key":"Question Card"},{"floor":9,"key":"Bottled Lightning"},{"floor":12,"key":"Odd Mushroom"}],"event_choices":[{"damage_healed":0,"gold_gain":0,"player_choice":"Box","damage_taken":0,"relics_obtained":["Ornamental Fan"],"max_hp_gain":0,"max_hp_loss":0,"event_name":"Big Fish","floor":3,"gold_loss":0,"cards_obtained":["Regret"]},{"cards_removed":["Strike_R"],"damage_healed":0,"gold_gain":0,"player_choice":"Card Removal","damage_taken":0,"max_hp_gain":0,"max_hp_loss":0,"event_name":"The Cleric","floor":4,"gold_loss":50},{"damage_healed":0,"gold_gain":0,"player_choice":"Take Wound","damage_taken":0,"relics_obtained":["Golden Idol"],"max_hp_gain":0,"max_hp_loss":0,"event_name":"Golden Idol","floor":11,"gold_loss":0,"cards_obtained":["Injury"]},{"damage_healed":0,"gold_gain":0,"player_choice":"Fought Mushrooms","damage_taken":0,"max_hp_gain":0,"max_hp_loss":0,"event_name":"Mushrooms","floor":12,"gold_loss":0},{"cards_removed":["Anger"],"damage_healed":0,"gold_gain":0,"player_choice":"Gave Gold","damage_taken":0,"max_hp_gain":0,"max_hp_loss":0,"event_name":"Beggar","floor":19,"gold_loss":75},{"damage_healed":0,"gold_gain":0,"player_choice":"Ignored","damage_taken":0,"max_hp_gain":0,"max_hp_loss":0,"event_name":"The Mausoleum","floor":20,"gold_loss":0},{"damage_healed":0,"gold_gain":0,"player_choice":"Bought 0 Potions","damage_taken":0,"max_hp_gain":0,"max_hp_loss":0,"event_name":"The Woman in Blue","floor":21,"gold_loss":0}],"is_beta":false,"boss_relics":[{"not_picked":["Busted Crown","Coffee Dripper"],"picked":"Black Blood"}],"items_purged_floors":[],"is_endless":false,"potions_floor_spawned":[2,8,13,16,18],"killed_by":"Shell Parasite","ascension_level":9}