{"gold_per_floor":[115,115,115,128,75,140,31,64,64,64,139,169,169,197,197,294,294,261,56,56,73,73,106,28,60,60,60,159,192,218,236,236,334,334,349,155,155,135,150,150,161,161,161,161,178,178,188,222,222,222,222,222,44,69,69],"floor_reached":55,"playtime":4093,"items_purged":["Strike_G","Strike_G"],"score":897,"play_id":"1d178451-4161-456e-987d-0119c23e8e26","local_time":"20190708193612","is_ascension_mode":true,"campfire_choices":[{"floor":10,"key":"REST"},{"data":"Noxious Fumes","floor":13,"key":"SMITH"},{"floor":15,"key":"REST"},{"data":"Catalyst","floor":27,"key":"SMITH"},{"data":"Burst","floor":32,"key":"SMITH"},{"floor":40,"key":"RECALL"},{"data":"Envenom","floor":42,"key":"SMITH"},{"data":"Noxious Fumes","floor":46,"key":"SMITH"},{"data":"Neutralize","floor":49,"key":"SMITH"},{"data":"1","floor":52,"key":"LIFT"}],"neow_cost":"NONE","seed_source_timestamp":289397655309366,"circlet_count":0,"master_deck":["Strike_G","Strike_G","Strike_G","Defend_G","Defend_G+1","Defend_G","Defend_G","Defend_G","Survivor","Neutralize+1","Burst+1","Noxious Fumes+1","Dodge and Roll","Noxious Fumes+1","Dash","Footwork","Backflip+1","Dodge and Roll+1","Escape Plan+1","Catalyst+1","Envenom+1","Acrobatics","Bandage Up","Catalyst+1","Backflip"],"relics":["Ring of the Snake","Regal Pillow","Tiny Chest","Potion Belt","Mercury Hourglass","FossilizedHelix","Odd Mushroom","Philosopher\u0027s Stone","Oddly Smooth Stone","Orichalcum","Girya","Mummified Hand","Bag of Marbles","Lantern","Runic Pyramid","War Paint","Bag of Preparation","Ninja Scroll","Singing Bowl","Bottled Tornado"],"potions_floor_usage":[6,25,33,33,38,45,50,54,54,55],"damage_taken":[{"damage":0,"enemies":"Small Slimes","floor":1,"turns":4},{"damage":0,"enemies":"Jaw Worm","floor":4,"turns":4},{"damage":29,"enemies":"Gremlin Nob","floor":6,"turns":5},{"damage":19,"enemies":"Lagavulin","floor":8,"turns":9},{"damage":6,"enemies":"3 Sentries","floor":12,"turns":5},{"damage":17,"enemies":"The Mushroom Lair","floor":14,"turns":5},{"damage":6,"enemies":"The Guardian","floor":16,"turns":11},{"damage":2,"enemies":"2 Thieves","floor":18,"turns":5},{"damage":2,"enemies":"Spheric Guardian","floor":21,"turns":6},{"damage":11,"enemies":"Gremlin Leader","floor":23,"turns":9},{"damage":10,"enemies":"Book of Stabbing","floor":25,"turns":9},{"damage":27,"enemies":"Gremlin Leader","floor":29,"turns":6},{"damage":0,"enemies":"Centurion and Healer","floor":31,"turns":6},{"damage":0,"enemies":"Collector","floor":33,"turns":9},{"damage":0,"enemies":"3 Shapes","floor":35,"turns":4},{"damage":0,"enemies":"Orb Walker","floor":39,"turns":5},{"damage":1,"enemies":"Sphere and 2 Shapes","floor":41,"turns":7},{"damage":0,"enemies":"Transient","floor":45,"turns":5},{"damage":0,"enemies":"Maw","floor":47,"turns":5},{"damage":0,"enemies":"Giant Head","floor":48,"turns":7},{"damage":32,"enemies":"Donu and Deca","floor":50,"turns":10},{"damage":28,"enemies":"Shield and Spear","floor":54,"turns":4},{"damage":60,"enemies":"The Heart","floor":55,"turns":5}],"seed_played":"-901652965239423732","potions_obtained":[{"floor":4,"key":"Poison Potion"},{"floor":12,"key":"Strength Potion"},{"floor":14,"key":"Regen Potion"},{"floor":16,"key":"Energy Potion"},{"floor":23,"key":"Strength Potion"},{"floor":25,"key":"Poison Potion"},{"floor":33,"key":"Weak Potion"},{"floor":35,"key":"Block Potion"},{"floor":38,"key":"Fruit Juice"}],"is_trial":false,"path_per_floor":["M","?","?","M","$","E","$","E","T","R","?","E","R","?","R","B",null,"M","$","?","M","T","E","$","E","T","R","?","E","T","M","R","B",null,"M","$","?","?","M","R","M","R","T","T","M","R","M","E","R","B",null,"R","$","E","B"],"character_chosen":"THE_SILENT","items_purchased":["Dodge and Roll","Noxious Fumes","Oddly Smooth Stone","Backflip","Catalyst","War Paint","Acrobatics","Backflip","Block Potion"],"campfire_rested":2,"item_purchase_floors":[5,7,19,19,24,36,36,53,53],"current_hp_per_floor":[70,70,63,63,63,34,34,15,15,51,40,34,34,17,53,47,70,68,68,68,66,66,55,55,60,60,60,60,33,33,33,33,33,70,70,70,70,75,75,75,75,75,75,75,75,75,75,75,75,43,75,75,75,53,0],"gold":69,"neow_bonus":"ONE_RANDOM_RARE_CARD","is_prod":false,"is_daily":false,"chose_seed":false,"campfire_upgraded":6,"win_rate":0,"timestamp":1562628972,"path_taken":["M","?","?","M","$","E","$","E","T","R","?","E","R","?","R","BOSS","M","$","?","M","?","E","$","E","T","R","?","E","?","M","R","BOSS","M","$","?","?","?","R","M","R","T","?","M","R","M","E","R","BOSS","R","$","E","BOSS"],"build_version":"2019-07-05","purchased_purges":2,"victory":false,"max_hp_per_floor":[70,70,70,70,70,70,70,70,70,70,70,70,70,70,70,70,70,70,70,70,70,70,70,70,70,70,70,70,70,70,70,70,70,70,70,70,70,75,75,75,75,75,75,75,75,75,75,75,75,75,75,75,75,77,77],"card_choices":[{"not_picked":["Flying Knee","Cloak And Dagger","Quick Slash"],"picked":"SKIP","floor":1},{"not_picked":["Masterful Stab","Deflect"],"picked":"Noxious Fumes","floor":4},{"not_picked":["Acrobatics","Dagger Spray","Deflect"],"picked":"SKIP","floor":6},{"not_picked":["Skewer","Predator"],"picked":"Dash","floor":8},{"not_picked":["Outmaneuver","All Out Attack"],"picked":"Footwork","floor":12},{"not_picked":["Underhanded Strike","Riddle With Holes","Dagger Spray"],"picked":"SKIP","floor":18},{"not_picked":["All Out Attack+1","Masterful Stab"],"picked":"Dodge and Roll+1","floor":21},{"not_picked":["Endless Agony+1","Predator"],"picked":"Escape Plan+1","floor":23},{"not_picked":["Endless Agony","Noxious Fumes","Slice"],"picked":"SKIP","floor":25},{"not_picked":["Doppelganger","Poisoned Stab","Heel Hook"],"picked":"SKIP","floor":29},{"not_picked":["Accuracy+1","Heel Hook","Outmaneuver+1"],"picked":"SKIP","floor":31},{"not_picked":["Wraith Form v2","Phantasmal Killer"],"picked":"Envenom","floor":33},{"not_picked":["Prepared","Blade Dance","Flechettes"],"picked":"SKIP","floor":35},{"not_picked":["Forethought","Swift Strike"],"picked":"Bandage Up","floor":37},{"not_picked":["Deadly Poison","Backstab+1","Dagger Spray"],"picked":"SKIP","floor":39},{"not_picked":["Eviscerate","Flechettes+1","Predator+1"],"picked":"SKIP","floor":41},{"not_picked":["Flying Knee+1","Dagger Spray+1","Masterful Stab+1"],"picked":"SKIP","floor":45},{"not_picked":["Underhanded Strike+1","Distraction+1","Tactician+1"],"picked":"SKIP","floor":47},{"not_picked":["Riddle With Holes","Crippling Poison+1"],"picked":"Catalyst+1","floor":48},{"not_picked":["Flechettes+1","Underhanded Strike+1","Cloak And Dagger+1"],"picked":"Singing Bowl","floor":54}],"player_experience":214310,"relics_obtained":[{"floor":6,"key":"Tiny Chest"},{"floor":8,"key":"Potion Belt"},{"floor":9,"key":"Mercury Hourglass"},{"floor":12,"key":"FossilizedHelix"},{"floor":14,"key":"Odd Mushroom"},{"floor":23,"key":"Orichalcum"},{"floor":25,"key":"Girya"},{"floor":26,"key":"Mummified Hand"},{"floor":29,"key":"Bag of Marbles"},{"floor":30,"key":"Lantern"},{"floor":43,"key":"Bag of Preparation"},{"floor":44,"key":"Ninja Scroll"},{"floor":48,"key":"Singing Bowl"},{"floor":54,"key":"Bottled Tornado"}],"event_choices":[{"damage_healed":0,"gold_gain":0,"player_choice":"Box","damage_taken":0,"relics_obtained":["Regal Pillow"],"max_hp_gain":0,"max_hp_loss":0,"event_name":"Big Fish","floor":2,"gold_loss":0,"cards_obtained":["Regret"]},{"cards_removed":["Regret"],"damage_healed":0,"gold_gain":0,"player_choice":"Card Removal","damage_taken":7,"max_hp_gain":0,"max_hp_loss":0,"event_name":"Golden Wing","floor":3,"gold_loss":0},{"damage_healed":0,"gold_gain":75,"player_choice":"Gather Gold","damage_taken":11,"max_hp_gain":0,"max_hp_loss":0,"event_name":"World of Goop","floor":11,"gold_loss":0},{"damage_healed":0,"gold_gain":0,"player_choice":"Fought Mushrooms","damage_taken":0,"max_hp_gain":0,"max_hp_loss":0,"event_name":"Mushrooms","floor":14,"gold_loss":0},{"damage_healed":0,"gold_gain":0,"player_choice":"Ignored","damage_taken":0,"max_hp_gain":0,"max_hp_loss":0,"event_name":"Ghosts","floor":20,"gold_loss":0},{"damage_healed":0,"gold_gain":99,"player_choice":"Stole From Cult","damage_taken":0,"max_hp_gain":0,"max_hp_loss":0,"event_name":"Nest","floor":28,"gold_loss":0},{"damage_healed":0,"gold_gain":0,"player_choice":"Memory 1","damage_taken":0,"max_hp_gain":0,"max_hp_loss":0,"event_name":"SensoryStone","floor":37,"gold_loss":0},{"damage_healed":0,"gold_gain":0,"player_choice":"Bought 1 Potion","damage_taken":0,"max_hp_gain":0,"max_hp_loss":0,"event_name":"The Woman in Blue","floor":38,"gold_loss":0}],"is_beta":false,"boss_relics":[{"not_picked":["Orrery","Eternal Feather"],"picked":"Philosopher\u0027s Stone"},{"not_picked":["Lizard Tail","Snecko Eye"],"picked":"Runic Pyramid"}],"items_purged_floors":[7,53],"is_endless":false,"potions_floor_spawned":[4,12,14,16,23,25,33,35],"killed_by":"The Heart","ascension_level":2}