{"gold_per_floor":[360,360,310,9,29,29,62,87,136,136,136,136,154,170,170,295,295,316,335,69,69,85,85],"floor_reached":23,"playtime":1747,"items_purged":["Strike_B","Strike_B"],"score":220,"play_id":"a221ce43-e6d7-4b34-ba05-86df235cde08","local_time":"20190403105544","is_ascension_mode":true,"campfire_choices":[{"data":"Zap","floor":6,"key":"SMITH"},{"data":"Dualcast","floor":10,"key":"SMITH"},{"data":"Beam Cell","floor":12,"key":"SMITH"},{"data":"Secret Technique","floor":15,"key":"SMITH"}],"neow_cost":"CURSE","seed_source_timestamp":108735542791758,"circlet_count":0,"master_deck":["Strike_B+1","Defend_B","Defend_B","Defend_B","Defend_B","Zap+1","Dualcast+1","Streamline","Secret Technique+1","Auto Shields","Beam Cell+1","Glacier","Steam","All For One","Biased Cognition","Gash","Scrape","Flash of Steel","RitualDagger","Redo+1"],"relics":["Cracked Core","Golden Idol","Whetstone","Bronze Scales","Runic Pyramid"],"potions_floor_usage":[13,23,23],"damage_taken":[{"damage":0,"enemies":"2 Louse","floor":1,"turns":2},{"damage":1,"enemies":"Cultist","floor":5,"turns":3},{"damage":16,"enemies":"Lagavulin","floor":7,"turns":6},{"damage":0,"enemies":"Jaw Worm","floor":8,"turns":3},{"damage":0,"enemies":"Gremlin Gang","floor":13,"turns":3},{"damage":0,"enemies":"Blue Slaver","floor":14,"turns":3},{"damage":2,"enemies":"The Guardian","floor":16,"turns":9},{"damage":0,"enemies":"Shell Parasite","floor":18,"turns":4},{"damage":0,"enemies":"Spheric Guardian","floor":19,"turns":3},{"damage":1,"enemies":"Snake Plant","floor":22,"turns":4},{"damage":63,"enemies":"Slavers","floor":23,"turns":3}],"seed_played":"-3047759580632566871","potions_obtained":[{"floor":1,"key":"Ancient Potion"},{"floor":5,"key":"GamblersBrew"},{"floor":16,"key":"SteroidPotion"},{"floor":18,"key":"EssenceOfSteel"},{"floor":22,"key":"SkillPotion"}],"is_trial":false,"path_per_floor":["M","?","?","$","M","R","E","M","T","R","?","R","M","M","R","B",null,"M","M","$","?","M","E"],"character_chosen":"DEFECT","items_purchased":["Secret Technique","Fire Potion","Scrape","Flash of Steel"],"campfire_rested":0,"item_purchase_floors":[4,4,20,20],"current_hp_per_floor":[75,69,69,69,68,68,52,52,52,52,52,52,52,52,52,50,69,69,69,69,63,62,0],"gold":85,"neow_bonus":"TWO_FIFTY_GOLD","is_prod":false,"is_daily":false,"chose_seed":false,"campfire_upgraded":4,"win_rate":0,"timestamp":1554314144,"path_taken":["M","?","?","$","M","R","E","M","T","R","?","R","M","M","R","BOSS","M","M","$","?","M","E"],"build_version":"2019-01-23","purchased_purges":2,"victory":false,"max_hp_per_floor":[75,69,69,69,69,69,69,69,69,69,69,69,69,69,69,69,69,69,69,69,69,69,69],"card_choices":[{"not_picked":["Skim","Melter"],"picked":"Streamline","floor":1},{"not_picked":["Melter","Streamline"],"picked":"Auto Shields","floor":5},{"not_picked":["Chaos","Heatsinks"],"picked":"Beam Cell","floor":7},{"not_picked":["FTL","Coolheaded"],"picked":"Glacier","floor":8},{"not_picked":["Lockon","Stack"],"picked":"Steam","floor":13},{"not_picked":["Ball Lightning","Sweeping Beam"],"picked":"All For One","floor":14},{"not_picked":["Meteor Strike","Echo Form"],"picked":"Biased Cognition","floor":16},{"not_picked":["Coolheaded","Loop"],"picked":"Gash","floor":18},{"not_picked":["Loop","Ball Lightning","Barrage"],"picked":"SKIP","floor":19},{"not_picked":["Go for the Eyes","Glacier"],"picked":"Redo+1","floor":22}],"player_experience":830717,"relics_obtained":[{"floor":7,"key":"Whetstone"},{"floor":9,"key":"Bronze Scales"}],"event_choices":[{"damage_healed":0,"gold_gain":0,"player_choice":"Lose Max HP","damage_taken":0,"relics_obtained":["Golden Idol"],"max_hp_gain":0,"max_hp_loss":6,"event_name":"Golden Idol","floor":2,"gold_loss":0},{"cards_removed":["Pain"],"damage_healed":0,"gold_gain":0,"player_choice":"Card Removal","damage_taken":0,"max_hp_gain":0,"max_hp_loss":0,"event_name":"The Cleric","floor":3,"gold_loss":50},{"cards_removed":["Strike_B"],"damage_healed":0,"gold_gain":0,"player_choice":"Offered Basic","damage_taken":0,"max_hp_gain":0,"max_hp_loss":0,"event_name":"Bonfire Elementals","floor":11,"gold_loss":0},{"damage_healed":0,"gold_gain":0,"player_choice":"Joined the Cult","damage_taken":6,"max_hp_gain":0,"max_hp_loss":0,"event_name":"Nest","floor":21,"gold_loss":0,"cards_obtained":["RitualDagger"]}],"is_beta":false,"boss_relics":[{"not_picked":["Velvet Choker","Busted Crown"],"picked":"Runic Pyramid"}],"items_purged_floors":[4,20],"is_endless":false,"potions_floor_spawned":[1,5,8,16,18,22],"killed_by":"Slavers","ascension_level":3}