{"gold_per_floor":[118,129,129,48,59,88,88,88,88,106,59,59,73,92,92,92],"floor_reached":16,"playtime":1587,"items_purged":[],"score":102,"play_id":"b976ef21-f1d1-4e6d-9cdf-81c5d44b99a5","local_time":"20190609214034","is_ascension_mode":false,"campfire_choices":[{"floor":7,"key":"REST"},{"floor":15,"key":"REST"}],"neow_cost":"NONE","seed_source_timestamp":112917920247375,"circlet_count":0,"master_deck":["Defend_G","Defend_G","Defend_G","Defend_G","Defend_G","Strike_G","Strike_G","Strike_G","Strike_G","Strike_G","Survivor","Neutralize","Blade Dance","Deflect","Infinite Blades","Dagger Spray","Dagger Spray","Poisoned Stab","Outmaneuver","Parasite","Poisoned Stab","Flying Knee"],"relics":["Ring of the Snake","Happy Flower","Orichalcum","Gremlin Horn"],"potions_floor_usage":[6,16,16,16],"damage_taken":[{"damage":0,"enemies":"Small Slimes","floor":1,"turns":6},{"damage":14,"enemies":"Jaw Worm","floor":2,"turns":7},{"damage":2,"enemies":"2 Louse","floor":5,"turns":3},{"damage":46,"enemies":"Gremlin Nob","floor":6,"turns":5},{"damage":3,"enemies":"Lots of Slimes","floor":10,"turns":2},{"damage":3,"enemies":"Exordium Thugs","floor":13,"turns":4},{"damage":4,"enemies":"Large Slime","floor":14,"turns":5},{"damage":58,"enemies":"The Guardian","floor":16,"turns":13}],"seed_played":"1822776830188194267","potions_obtained":[{"floor":1,"key":"Swift Potion"},{"floor":6,"key":"SkillPotion"},{"floor":10,"key":"SteroidPotion"},{"floor":14,"key":"Strength Potion"}],"is_trial":false,"path_per_floor":["M","M","?","$","M","E","R","?","T","M","$","?","M","M","R","B"],"character_chosen":"THE_SILENT","items_purchased":["Infinite Blades","Outmaneuver"],"campfire_rested":2,"item_purchase_floors":[4,11],"current_hp_per_floor":[77,63,63,63,61,15,38,26,26,23,23,42,39,35,58,0],"gold":92,"neow_bonus":"TEN_PERCENT_HP_BONUS","is_prod":false,"is_daily":false,"chose_seed":false,"campfire_upgraded":0,"win_rate":0.0,"timestamp":1560134434,"path_taken":["M","M","?","$","M","E","R","?","T","M","$","?","M","M","R","BOSS"],"build_version":"2019-01-23","purchased_purges":0,"victory":false,"max_hp_per_floor":[77,77,77,77,77,77,77,77,77,77,77,77,77,77,77,77],"card_choices":[{"not_picked":["Quick Slash","Deadly Poison"],"picked":"Blade Dance","floor":1},{"not_picked":["Prepared","Outmaneuver"],"picked":"Deflect","floor":2},{"not_picked":["Poisoned Stab","Distraction"],"picked":"Dagger Spray","floor":5},{"not_picked":["Adrenaline","Blade Dance"],"picked":"Dagger Spray","floor":6},{"not_picked":["Backflip","Reflex"],"picked":"Poisoned Stab","floor":10},{"not_picked":["Quick Slash","Well Laid Plans"],"picked":"Poisoned Stab","floor":13},{"not_picked":["Outmaneuver","Deflect"],"picked":"Flying Knee","floor":14}],"player_experience":106074,"relics_obtained":[{"floor":6,"key":"Happy Flower"},{"floor":9,"key":"Gremlin Horn"}],"event_choices":[{"damage_healed":0,"gold_gain":0,"player_choice":"Leave","damage_taken":0,"max_hp_gain":0,"max_hp_loss":0,"event_name":"The Cleric","floor":3,"gold_loss":0},{"damage_healed":0,"gold_gain":0,"player_choice":"Success","damage_taken":12,"relics_obtained":["Orichalcum"],"max_hp_gain":0,"max_hp_loss":0,"event_name":"Scrap Ooze","floor":8,"gold_loss":0},{"damage_healed":19,"gold_gain":0,"player_choice":"Healed and dodged fight","damage_taken":0,"max_hp_gain":0,"max_hp_loss":0,"event_name":"Mushrooms","floor":12,"gold_loss":0,"cards_obtained":["Parasite"]}],"is_beta":false,"boss_relics":[],"items_purged_floors":[],"is_endless":false,"potions_floor_spawned":[1,6,10,14],"killed_by":"The Guardian","ascension_level":0}