{"gold_per_floor":[118,135,154,154,154,165,165,115,138,155,176,188,34,34,34,132,132,149,162,162,174,186,211,310,310,310,327,327,9,20,20,20,125,125,145,163,179,179],"floor_reached":38,"playtime":2556,"items_purged":["Strike_B"],"score":410,"play_id":"276d1244-f8da-41a1-9668-81654d936e52","local_time":"20190323134709","is_ascension_mode":true,"campfire_choices":[{"data":"Self Repair","floor":7,"key":"SMITH"},{"data":"Force Field","floor":15,"key":"SMITH"},{"data":"Creative AI","floor":25,"key":"SMITH"},{"data":"Double Energy","floor":28,"key":"SMITH"},{"data":"Static Discharge","floor":32,"key":"SMITH"}],"neow_cost":"NONE","seed_source_timestamp":294911197541635,"circlet_count":0,"master_deck":["Defend_B","Zap","Dualcast+1","Heatsinks","Force Field+1","Self Repair+1","Thunder Strike","Double Energy+1","Lockon","Static Discharge","Creative AI+1","Sweeping Beam+1","Streamline+1","Reinforced Body+1","Tempest+1","Force Field+1","Capacitor","Static Discharge+1","Machine Learning","Force Field"],"relics":["Coffee Dripper","PreservedInsect","Boot","Odd Mushroom","Astrolabe","Mango","Mercury Hourglass","Sundial","Gremlin Horn","Black Star"],"potions_floor_usage":[16,16,33,33,38],"damage_taken":[{"damage":1,"enemies":"Jaw Worm","floor":1,"turns":4},{"damage":2,"enemies":"Small Slimes","floor":2,"turns":4},{"damage":2,"enemies":"2 Louse","floor":3,"turns":4},{"damage":13,"enemies":"Exordium Thugs","floor":6,"turns":6},{"damage":14,"enemies":"3 Louse","floor":10,"turns":5},{"damage":16,"enemies":"The Mushroom Lair","floor":11,"turns":6},{"damage":12,"enemies":"Red Slaver","floor":12,"turns":5},{"damage":13,"enemies":"Hexaghost","floor":16,"turns":10},{"damage":17,"enemies":"Shell Parasite","floor":18,"turns":5},{"damage":7,"enemies":"Chosen","floor":19,"turns":5},{"damage":38,"enemies":"3 Cultists","floor":21,"turns":5},{"damage":18,"enemies":"Snake Plant","floor":22,"turns":3},{"damage":27,"enemies":"Gremlin Leader","floor":23,"turns":5},{"damage":9,"enemies":"Centurion and Healer","floor":27,"turns":5},{"damage":2,"enemies":"3 Cultists","floor":30,"turns":5},{"damage":37,"enemies":"Automaton","floor":33,"turns":6},{"damage":30,"enemies":"Orb Walker","floor":35,"turns":4},{"damage":21,"enemies":"3 Darklings","floor":36,"turns":4},{"damage":48,"enemies":"Sphere and 2 Shapes","floor":37,"turns":4},{"damage":25,"enemies":"2 Orb Walkers","floor":38,"turns":1}],"seed_played":"1157832435553663097","potions_obtained":[{"floor":2,"key":"EssenceOfSteel"},{"floor":3,"key":"Weak Potion"},{"floor":6,"key":"FairyPotion"},{"floor":18,"key":"Dexterity Potion"},{"floor":22,"key":"Explosive Potion"},{"floor":27,"key":"SpeedPotion"},{"floor":33,"key":"LiquidBronze"},{"floor":37,"key":"Regen Potion"}],"is_trial":false,"path_per_floor":["M","M","M","?","?","M","R","?","T","M","?","M","$","?","R","B",null,"M","M","?","M","M","E","?","R","T","M","R","$","M","T","R","B",null,"M","M","M","?"],"character_chosen":"DEFECT","items_purchased":["Static Discharge","Sundial","Capacitor"],"campfire_rested":0,"item_purchase_floors":[13,29,29],"current_hp_per_floor":[74,72,70,55,43,37,37,37,37,33,27,25,25,25,25,22,75,68,71,71,43,25,31,31,31,31,32,32,32,40,40,40,13,89,69,58,20,0],"gold":179,"neow_bonus":"BOSS_RELIC","is_prod":false,"is_daily":false,"chose_seed":false,"campfire_upgraded":5,"win_rate":0,"timestamp":1553374029,"path_taken":["M","M","M","?","?","M","R","?","T","?","?","M","$","?","R","BOSS","M","M","?","?","M","E","?","R","T","M","R","$","M","?","R","BOSS","M","M","?","?"],"build_version":"2019-01-23","purchased_purges":1,"victory":false,"max_hp_per_floor":[75,75,75,75,75,75,75,75,75,75,75,75,75,75,75,75,75,75,75,75,75,75,89,89,89,89,89,89,89,89,89,89,89,89,89,89,89,89],"card_choices":[{"not_picked":["Beam Cell","Leap"],"picked":"Heatsinks","floor":1},{"not_picked":["BootSequence","Gash"],"picked":"Force Field","floor":2},{"not_picked":["Streamline","Storm"],"picked":"Self Repair","floor":3},{"not_picked":["Turbo","Steam"],"picked":"Thunder Strike","floor":6},{"not_picked":["Cold Snap","Sweeping Beam"],"picked":"Double Energy","floor":10},{"not_picked":["Conserve Battery","Steam"],"picked":"Lockon","floor":12},{"not_picked":["Electrodynamics","Amplify"],"picked":"Creative AI","floor":16},{"not_picked":["Coolheaded+1","Consume","Leap"],"picked":"SKIP","floor":18},{"not_picked":["Gash","Melter"],"picked":"Tempest+1","floor":19},{"not_picked":["Tempest+1","Coolheaded"],"picked":"Force Field+1","floor":21},{"not_picked":["Conserve Battery","Hyperbeam","Steam"],"picked":"SKIP","floor":22},{"not_picked":["Go for the Eyes","Darkness","Streamline"],"picked":"SKIP","floor":23},{"not_picked":["Sweeping Beam","Barrage","Hologram"],"picked":"SKIP","floor":27},{"not_picked":["Sweeping Beam","Scrape"],"picked":"Static Discharge","floor":30},{"not_picked":["Core Surge","Thunder Strike"],"picked":"Machine Learning","floor":33},{"not_picked":["Lockon+1","Redo+1","Leap+1"],"picked":"SKIP","floor":35},{"not_picked":["Stack+1","Cold Snap"],"picked":"Force Field","floor":36},{"not_picked":["Sweeping Beam","Steam","Go for the Eyes"],"picked":"SKIP","floor":37}],"player_experience":114446,"relics_obtained":[{"floor":9,"key":"Boot"},{"floor":11,"key":"Odd Mushroom"},{"floor":23,"key":"Mango"},{"floor":26,"key":"Mercury Hourglass"},{"floor":31,"key":"Gremlin Horn"}],"event_choices":[{"damage_healed":0,"gold_gain":0,"player_choice":"Entered Light","damage_taken":15,"max_hp_gain":0,"max_hp_loss":0,"event_name":"Shining Light","floor":4,"gold_loss":0,"cards_upgraded":["Dualcast","Strike_B"]},{"damage_healed":0,"gold_gain":0,"player_choice":"Success","damage_taken":12,"relics_obtained":["PreservedInsect"],"max_hp_gain":0,"max_hp_loss":0,"event_name":"Scrap Ooze","floor":5,"gold_loss":0},{"cards_removed":["Strike_B"],"damage_healed":0,"gold_gain":0,"player_choice":"Card Removal","damage_taken":0,"max_hp_gain":0,"max_hp_loss":0,"event_name":"The Cleric","floor":8,"gold_loss":50},{"damage_healed":0,"gold_gain":0,"player_choice":"Fought Mushrooms","damage_taken":0,"max_hp_gain":0,"max_hp_loss":0,"event_name":"Mushrooms","floor":11,"gold_loss":0},{"cards_removed":["Strike_B"],"damage_healed":0,"gold_gain":0,"player_choice":"Offered Basic","damage_taken":0,"max_hp_gain":0,"max_hp_loss":0,"event_name":"Bonfire Elementals","floor":14,"gold_loss":0},{"cards_removed":["Defend_B"],"damage_healed":0,"gold_gain":0,"player_choice":"Purged","damage_taken":0,"max_hp_gain":0,"max_hp_loss":0,"event_name":"Purifier","floor":20,"gold_loss":0},{"damage_healed":0,"gold_gain":99,"player_choice":"Stole From Cult","damage_taken":0,"max_hp_gain":0,"max_hp_loss":0,"event_name":"Nest","floor":24,"gold_loss":0},{"damage_healed":0,"gold_gain":0,"player_choice":"Fight","damage_taken":0,"max_hp_gain":0,"max_hp_loss":0,"event_name":"Mysterious Sphere","floor":38,"gold_loss":0}],"is_beta":false,"boss_relics":[{"not_picked":["Empty Cage","Snecko Eye"],"picked":"Astrolabe"},{"not_picked":["Philosopher\u0027s Stone","Nuclear Battery"],"picked":"Black Star"}],"items_purged_floors":[13],"is_endless":false,"potions_floor_spawned":[2,3,6,10,18,22,27,33,37],"killed_by":"2 Orb Walkers","ascension_level":1}