{"gold_per_floor":[109,128,143,162,175,350,376,376],"floor_reached":8,"playtime":397,"items_purged":[],"score":66,"play_id":"98ae2501-f17d-4776-ad06-369c997c0c7c","local_time":"20190617211843","is_ascension_mode":true,"campfire_choices":[],"neow_cost":"NONE","seed_source_timestamp":7417441801209,"circlet_count":0,"master_deck":["Defend_G","Defend_G","Defend_G","Defend_G","Defend_G","Strike_G","Strike_G","Strike_G","Strike_G","Strike_G","Survivor","Neutralize+1","Poisoned Stab","Blade Dance","Bouncing Flask","Bane","Envenom","Doubt"],"relics":["Ring of the Snake","Potion Belt"],"potions_floor_usage":[7,8,8],"damage_taken":[{"damage":5,"enemies":"Small Slimes","floor":1,"turns":4},{"damage":4,"enemies":"2 Louse","floor":2,"turns":2},{"damage":0,"enemies":"Cultist","floor":3,"turns":3},{"damage":31,"enemies":"Exordium Thugs","floor":4,"turns":5},{"damage":14,"enemies":"Lots of Slimes","floor":5,"turns":4},{"damage":14,"enemies":"Lagavulin","floor":7,"turns":7},{"damage":3,"enemies":"Blue Slaver","floor":8,"turns":1}],"seed_played":"-6269445288243958796","potions_obtained":[{"floor":2,"key":"SkillPotion"},{"floor":4,"key":"GhostInAJar"},{"floor":5,"key":"Swift Potion"}],"is_trial":false,"path_per_floor":["M","M","M","M","M","?","E","M"],"character_chosen":"THE_SILENT","items_purchased":[],"campfire_rested":0,"item_purchase_floors":[],"current_hp_per_floor":[65,61,61,30,16,16,2,0],"gold":376,"neow_bonus":"UPGRADE_CARD","is_prod":false,"is_daily":false,"chose_seed":false,"campfire_upgraded":0,"win_rate":0,"timestamp":1560831523,"path_taken":["M","M","M","M","M","?","E","M"],"build_version":"2019-01-23","purchased_purges":0,"victory":false,"max_hp_per_floor":[70,70,70,70,70,70,70,70],"card_choices":[{"not_picked":["Bane","Prepared"],"picked":"Poisoned Stab","floor":1},{"not_picked":["Underhanded Strike","Escape Plan"],"picked":"Blade Dance","floor":2},{"not_picked":["Dodge and Roll","Slice"],"picked":"Bouncing Flask","floor":3},{"not_picked":["Distraction","Slice"],"picked":"Bane","floor":4},{"not_picked":["Deflect","Sucker Punch"],"picked":"Envenom","floor":5},{"not_picked":["Riddle With Holes","Storm of Steel","Distraction"],"picked":"SKIP","floor":7}],"player_experience":198581,"relics_obtained":[{"floor":7,"key":"Potion Belt"}],"event_choices":[{"damage_healed":0,"gold_gain":175,"player_choice":"AGREE","damage_taken":0,"max_hp_gain":0,"max_hp_loss":0,"event_name":"Liars Game","floor":6,"gold_loss":0,"cards_obtained":["Doubt"]}],"is_beta":false,"boss_relics":[],"items_purged_floors":[],"is_endless":false,"potions_floor_spawned":[2,4,5],"killed_by":"Blue Slaver","ascension_level":2}