{"gold_per_floor":[112,112,112,112,129,162,162,162,209,242,242,257,100,112,112,210,210,220,220,220,236,84,117,117,134,134,184,210,221,231,262,262,366,366,386,386,386,25,42,101,113,113,162,187,205,205,273,285,285,285],"floor_reached":51,"playtime":2911,"items_purged":[],"score":830,"play_id":"bbd2270f-7fb8-4375-a8ae-b928963b3023","local_time":"20190624205544","is_ascension_mode":true,"campfire_choices":[{"data":"Whirlwind","floor":7,"key":"SMITH"},{"floor":11,"key":"REST"},{"data":"Shrug It Off","floor":15,"key":"SMITH"},{"data":"Barricade","floor":24,"key":"SMITH"},{"floor":32,"key":"REST"},{"data":"PanicButton","floor":46,"key":"SMITH"},{"data":"Immolate","floor":49,"key":"SMITH"}],"neow_cost":"NONE","seed_source_timestamp":564453289731009,"circlet_count":0,"master_deck":["Strike_R","Strike_R","Strike_R+1","Strike_R","Strike_R","Defend_R","Defend_R","Defend_R+1","Defend_R+1","Bash","Anger+1","Iron Wave+1","Metallicize","Whirlwind+1","Shrug It Off+1","Flex","Impervious","Twin Strike+1","Necronomicurse","Writhe","Barricade+1","Anger","Whirlwind","Flex+1","Immolate+1","Anger","PanicButton+1","Mind Blast","Master of Strategy","Thunderclap+1","Cleave+1","Madness","Madness","Whirlwind+1"],"relics":["Black Blood","Pantograph","Sundial","War Paint","Ancient Tea Set","Ornamental Fan","Bronze Scales","Lizard Tail","Necronomicon","Anchor","PreservedInsect","Oddly Smooth Stone","Pen Nib","Strawberry","Bag of Marbles","Lee\u0027s Waffle","Vajra","Tiny Chest","Potion Belt","Blood Vial","Pear"],"potions_floor_usage":[6,16,16,45,45],"damage_taken":[{"damage":4,"enemies":"Cultist","floor":1,"turns":4},{"damage":0,"enemies":"Jaw Worm","floor":5,"turns":2},{"damage":7,"enemies":"Gremlin Nob","floor":6,"turns":3},{"damage":10,"enemies":"Lagavulin","floor":10,"turns":6},{"damage":0,"enemies":"2 Louse","floor":12,"turns":2},{"damage":0,"enemies":"2 Fungi Beasts","floor":14,"turns":3},{"damage":34,"enemies":"The Guardian","floor":16,"turns":10},{"damage":8,"enemies":"Spheric Guardian","floor":18,"turns":5},{"damage":0,"enemies":"3 Byrds","floor":21,"turns":2},{"damage":8,"enemies":"Gremlin Leader","floor":23,"turns":4},{"damage":0,"enemies":"Snecko","floor":25,"turns":3},{"damage":26,"enemies":"Book of Stabbing","floor":28,"turns":4},{"damage":0,"enemies":"3 Cultists","floor":29,"turns":2},{"damage":17,"enemies":"Snake Plant","floor":30,"turns":4},{"damage":4,"enemies":"Slavers","floor":31,"turns":2},{"damage":0,"enemies":"Automaton","floor":33,"turns":8},{"damage":0,"enemies":"Orb Walker","floor":35,"turns":2},{"damage":10,"enemies":"3 Darklings","floor":39,"turns":5},{"damage":10,"enemies":"Giant Head","floor":40,"turns":7},{"damage":0,"enemies":"Jaw Worm Horde","floor":41,"turns":1},{"damage":0,"enemies":"Maw","floor":45,"turns":7},{"damage":0,"enemies":"3 Darklings","floor":48,"turns":2},{"damage":83,"enemies":"Time Eater","floor":50,"turns":8}],"seed_played":"-6724293007021643378","potions_obtained":[{"floor":1,"key":"LiquidBronze"},{"floor":5,"key":"SteroidPotion"},{"floor":6,"key":"Energy Potion"},{"floor":12,"key":"FearPotion"},{"floor":18,"key":"SkillPotion"},{"floor":25,"key":"Dexterity Potion"},{"floor":48,"key":"SpeedPotion"}],"is_trial":false,"path_per_floor":["M","?","T","?","M","E","R","?","T","E","R","M","$","M","R","B",null,"M","?","?","M","$","E","R","M","T","?","E","M","M","E","R","B",null,"M","?","?","$","M","E","M","?","T","T","M","R","T","M","R","B",null],"character_chosen":"IRONCLAD","items_purchased":["Bronze Scales","PreservedInsect","Lee\u0027s Waffle","Vajra"],"campfire_rested":2,"item_purchase_floors":[13,22,38,38],"current_hp_per_floor":[80,80,80,64,70,69,69,51,51,47,71,77,77,80,80,52,80,78,62,62,68,68,66,66,72,72,72,59,65,54,56,82,87,87,87,87,77,94,94,94,94,82,82,82,94,94,104,104,104,31],"gold":285,"neow_bonus":"THREE_CARDS","is_prod":false,"is_daily":false,"chose_seed":false,"campfire_upgraded":5,"win_rate":0,"timestamp":1561427744,"path_taken":["M","?","?","?","M","E","R","?","T","E","R","M","$","M","R","BOSS","M","?","?","M","$","E","R","M","T","?","E","?","M","E","R","BOSS","M","?","?","$","M","E","M","?","T","?","M","R","?","M","R","BOSS"],"build_version":"2019-01-23","purchased_purges":0,"victory":true,"max_hp_per_floor":[80,80,80,80,80,80,80,80,80,80,80,80,80,80,80,80,80,80,80,80,80,80,80,80,80,80,80,87,87,87,87,87,87,87,87,87,87,94,94,94,94,94,94,94,94,94,104,104,104,104],"card_choices":[{"not_picked":["Rupture","Ghostly Armor"],"picked":"Anger","floor":0},{"not_picked":["Rampage","True Grit"],"picked":"Iron Wave","floor":1},{"not_picked":["Disarm","Heavy Blade"],"picked":"Metallicize","floor":5},{"not_picked":["Corruption","Burning Pact"],"picked":"Whirlwind","floor":6},{"not_picked":["Sentinel","Hemokinesis","Pommel Strike"],"picked":"SKIP","floor":10},{"not_picked":["Rupture","Evolve"],"picked":"Shrug It Off","floor":12},{"not_picked":["Evolve","Shrug It Off"],"picked":"Flex","floor":14},{"not_picked":["Feed","Dark Embrace"],"picked":"Impervious","floor":16},{"not_picked":["Anger","Clothesline+1"],"picked":"Twin Strike+1","floor":18},{"not_picked":["True Grit+1","Dropkick+1","Thunderclap"],"picked":"SKIP","floor":21},{"not_picked":["Armaments","True Grit"],"picked":"Barricade","floor":23},{"not_picked":["Iron Wave","Intimidate"],"picked":"Anger","floor":25},{"not_picked":["Thunderclap","Pommel Strike"],"picked":"Whirlwind","floor":28},{"not_picked":["Heavy Blade","Armaments","Headbutt+1"],"picked":"SKIP","floor":29},{"not_picked":["True Grit","Wild Strike"],"picked":"Fire Breathing+1","floor":30},{"not_picked":["Hemokinesis","Clothesline"],"picked":"Flex+1","floor":31},{"not_picked":["Impervious","Fiend Fire"],"picked":"Immolate","floor":33},{"not_picked":["Whirlwind","Power Through+1"],"picked":"Anger","floor":35},{"not_picked":["Swift Strike","Impatience"],"picked":"PanicButton","floor":37},{"not_picked":["Flash of Steel","Apotheosis"],"picked":"Mind Blast","floor":37},{"not_picked":["Secret Technique","Dark Shackles"],"picked":"Master of Strategy","floor":37},{"not_picked":["Blood for Blood","Headbutt"],"picked":"Thunderclap+1","floor":39},{"not_picked":["Infernal Blade+1","Whirlwind","Warcry+1"],"picked":"SKIP","floor":40},{"not_picked":["Clash","Battle Trance"],"picked":"Cleave+1","floor":41},{"not_picked":["Cleave","Wild Strike","Twin Strike+1"],"picked":"SKIP","floor":45},{"not_picked":["Body Slam","Shrug It Off+1"],"picked":"Whirlwind+1","floor":48}],"player_experience":180222,"relics_obtained":[{"floor":3,"key":"Pantograph"},{"floor":6,"key":"Sundial"},{"floor":9,"key":"Ancient Tea Set"},{"floor":10,"key":"Ornamental Fan"},{"floor":19,"key":"Necronomicon"},{"floor":23,"key":"Oddly Smooth Stone"},{"floor":26,"key":"Pen Nib"},{"floor":28,"key":"Strawberry"},{"floor":31,"key":"Bag of Marbles"},{"floor":40,"key":"Tiny Chest"},{"floor":43,"key":"Potion Belt"},{"floor":44,"key":"Blood Vial"},{"floor":47,"key":"Pear"}],"event_choices":[{"damage_healed":0,"gold_gain":0,"player_choice":"Grow","damage_taken":0,"max_hp_gain":0,"max_hp_loss":0,"event_name":"Living Wall","floor":2,"gold_loss":0,"cards_upgraded":["Iron Wave"]},{"damage_healed":0,"gold_gain":0,"player_choice":"Entered Light","damage_taken":16,"max_hp_gain":0,"max_hp_loss":0,"event_name":"Shining Light","floor":4,"gold_loss":0,"cards_upgraded":["Anger","Strike_R"]},{"damage_healed":0,"gold_gain":0,"player_choice":"Success","damage_taken":18,"relics_obtained":["War Paint"],"max_hp_gain":0,"max_hp_loss":0,"event_name":"Scrap Ooze","floor":8,"gold_loss":0},{"damage_healed":0,"gold_gain":0,"player_choice":"Obtained Book","damage_taken":16,"max_hp_gain":0,"max_hp_loss":0,"event_name":"Cursed Tome","floor":19,"gold_loss":0},{"damage_healed":0,"gold_gain":0,"player_choice":"Opened","damage_taken":0,"relics_obtained":["Anchor"],"max_hp_gain":0,"max_hp_loss":0,"event_name":"The Mausoleum","floor":20,"gold_loss":0,"cards_obtained":["Writhe"]},{"damage_healed":0,"gold_gain":100,"player_choice":"Bet on Murderer","damage_taken":0,"max_hp_gain":0,"max_hp_loss":0,"event_name":"The Joust","floor":27,"gold_loss":50},{"cards_removed":["Fire Breathing"],"damage_healed":0,"gold_gain":0,"player_choice":"Removed Power","damage_taken":0,"max_hp_gain":0,"max_hp_loss":0,"event_name":"Falling","floor":36,"gold_loss":0},{"damage_healed":0,"gold_gain":0,"player_choice":"Memory 3","damage_taken":10,"max_hp_gain":0,"max_hp_loss":0,"event_name":"SensoryStone","floor":37,"gold_loss":0},{"damage_healed":0,"gold_gain":0,"player_choice":"Embrace Madness","damage_taken":12,"max_hp_gain":0,"max_hp_loss":0,"event_name":"Winding Halls","floor":42,"gold_loss":0,"cards_obtained":["Madness","Madness"]}],"is_beta":false,"boss_relics":[{"not_picked":["Tiny House","Fusion Hammer"],"picked":"Lizard Tail"},{"not_picked":["Empty Cage","Velvet Choker"],"picked":"Black Blood"}],"items_purged_floors":[],"is_endless":false,"potions_floor_spawned":[1,5,6,12,18,25,29,31,41,48],"ascension_level":1}