{"gold_per_floor":[99,99,99,99,99,99,99,99,99,99,69,69,69,69,69,69,69,69,69,69,69,69,69,69,69,69,69,69,69,69,69,69,69,69,69,69,69,69,69,69,69,69,69,69,69,69,69,20,20,20],"floor_reached":50,"playtime":5143,"items_purged":[],"score":920,"play_id":"8d5351db-c72d-4cce-8c32-c101d9479ec8","local_time":"20190403223508","is_ascension_mode":true,"campfire_choices":[{"data":"Choke","floor":6,"key":"SMITH"},{"data":"Neutralize","floor":8,"key":"SMITH"},{"floor":15,"key":"REST"},{"data":"Well Laid Plans","floor":23,"key":"SMITH"},{"floor":29,"key":"REST"},{"floor":32,"key":"REST"},{"data":"Noxious Fumes","floor":41,"key":"SMITH"},{"data":"Burst","floor":44,"key":"SMITH"},{"data":"Burst","floor":47,"key":"SMITH"},{"floor":49,"key":"RECALL"}],"neow_cost":"NONE","seed_source_timestamp":147294663123260,"circlet_count":0,"master_deck":["Defend_G+1","Defend_G+1","Defend_G+1","Defend_G+1","Defend_G+1","Strike_G+1","Strike_G+1","Strike_G+1","Survivor","Neutralize+1","Backflip","Choke+1","Dagger Throw","Predator","Leg Sweep","Footwork","Dodge and Roll","Poisoned Stab","PiercingWail","PiercingWail","Glass Knife","Deadly Poison","Backflip","Backstab","Backflip","Well Laid Plans+1","Catalyst","Deadly Poison","Noxious Fumes+1","PiercingWail","Footwork","Writhe","Burst+1","Adrenaline","Escape Plan","Backstab+1","Dodge and Roll+1","Burst+1"],"relics":["Ectoplasm","Bottled Tornado","Turnip","Boot","Mercury Hourglass","Orrery","Centennial Puzzle","Vajra","Ornamental Fan","Ancient Tea Set","Cursed Key","FossilizedHelix","Omamori","Bag of Marbles"],"potions_floor_usage":[10,12,13,14,16,25,25,25,30,33,33,33,36,45,50,50],"damage_taken":[{"damage":0,"enemies":"2 Louse","floor":1,"turns":4},{"damage":7,"enemies":"Small Slimes","floor":3,"turns":4},{"damage":0,"enemies":"Cultist","floor":4,"turns":3},{"damage":0,"enemies":"Large Slime","floor":5,"turns":4},{"damage":0,"enemies":"3 Louse","floor":7,"turns":3},{"damage":8,"enemies":"Gremlin Nob","floor":10,"turns":3},{"damage":7,"enemies":"Exordium Thugs","floor":11,"turns":5},{"damage":4,"enemies":"Lagavulin","floor":12,"turns":6},{"damage":0,"enemies":"2 Fungi Beasts","floor":13,"turns":3},{"damage":3,"enemies":"3 Sentries","floor":14,"turns":7},{"damage":0,"enemies":"Slime Boss","floor":16,"turns":8},{"damage":4,"enemies":"Spheric Guardian","floor":18,"turns":4},{"damage":10,"enemies":"3 Byrds","floor":19,"turns":4},{"damage":4,"enemies":"Cultist and Chosen","floor":21,"turns":6},{"damage":9,"enemies":"Sentry and Sphere","floor":22,"turns":5},{"damage":3,"enemies":"3 Cultists","floor":24,"turns":5},{"damage":8,"enemies":"Chosen and Byrds","floor":25,"turns":5},{"damage":5,"enemies":"Book of Stabbing","floor":27,"turns":7},{"damage":15,"enemies":"Slavers","floor":30,"turns":6},{"damage":10,"enemies":"Champ","floor":33,"turns":15},{"damage":7,"enemies":"Orb Walker","floor":35,"turns":3},{"damage":27,"enemies":"2 Orb Walkers","floor":36,"turns":7},{"damage":0,"enemies":"3 Shapes","floor":37,"turns":4},{"damage":3,"enemies":"Spire Growth","floor":38,"turns":7},{"damage":20,"enemies":"Nemesis","floor":40,"turns":9},{"damage":1,"enemies":"Reptomancer","floor":45,"turns":7},{"damage":0,"enemies":"4 Shapes","floor":46,"turns":5},{"damage":67,"enemies":"Time Eater","floor":50,"turns":14}],"seed_played":"-7367627710658973463","potions_obtained":[{"floor":1,"key":"SneckoOil"},{"floor":4,"key":"Poison Potion"},{"floor":7,"key":"Block Potion"},{"floor":10,"key":"Swift Potion"},{"floor":12,"key":"Strength Potion"},{"floor":14,"key":"Fruit Juice"},{"floor":16,"key":"SpeedPotion"},{"floor":22,"key":"EntropicBrew"},{"floor":25,"key":"GamblersBrew"},{"floor":30,"key":"Block Potion"},{"floor":35,"key":"Regen Potion"},{"floor":38,"key":"Fire Potion"},{"floor":40,"key":"Swift Potion"},{"floor":45,"key":"Weak Potion"}],"is_trial":false,"path_per_floor":["M","?","M","M","M","R","M","R","T","E","M","E","M","E","R","B",null,"M","M","?","M","M","R","M","M","T","E","?","R","E","?","R","B",null,"M","?","M","M","?","E","R","?","T","R","E","M","R","$","R","B"],"character_chosen":"THE_SILENT","items_purchased":["Strength Potion"],"campfire_rested":3,"item_purchase_floors":[48],"current_hp_per_floor":[63,63,56,56,56,56,56,56,56,48,41,37,37,34,55,55,66,62,52,52,48,39,39,36,33,33,28,28,50,35,35,57,47,68,61,49,49,46,46,26,26,66,66,66,65,65,65,65,65,0],"gold":20,"neow_bonus":"BOSS_RELIC","is_prod":false,"is_daily":false,"chose_seed":false,"campfire_upgraded":6,"win_rate":0,"timestamp":1554356108,"path_taken":["M","?","M","M","M","R","M","R","T","E","M","E","M","E","R","BOSS","M","M","?","?","M","R","M","M","T","E","?","R","E","?","R","BOSS","M","?","M","M","?","E","R","?","T","R","E","M","R","?","R","BOSS"],"build_version":"2019-01-23","purchased_purges":0,"victory":false,"max_hp_per_floor":[70,70,70,70,70,70,70,70,70,70,70,70,70,70,70,70,70,70,70,70,70,70,70,70,75,75,75,75,75,75,75,75,75,75,75,75,75,75,75,75,75,66,66,66,66,66,66,66,66,66],"card_choices":[{"not_picked":["Caltrops","Catalyst"],"picked":"Backflip","floor":1},{"not_picked":["Cloak And Dagger","Outmaneuver"],"picked":"Dagger Throw","floor":3},{"not_picked":["Blur","Cloak And Dagger"],"picked":"Predator","floor":4},{"not_picked":["Quick Slash","Expertise"],"picked":"Leg Sweep","floor":5},{"not_picked":["Blade Dance","Dagger Throw"],"picked":"Footwork","floor":7},{"not_picked":["Blade Dance","Flechettes"],"picked":"Dodge and Roll","floor":10},{"not_picked":["Catalyst","Quick Slash"],"picked":"All Out Attack","floor":11},{"not_picked":["Outmaneuver","Dagger Spray"],"picked":"Poisoned Stab","floor":12},{"not_picked":["Deflect","Dagger Spray"],"picked":"PiercingWail","floor":13},{"not_picked":["Predator","Tactician"],"picked":"PiercingWail","floor":14},{"not_picked":["Phantasmal Killer","A Thousand Cuts"],"picked":"Glass Knife","floor":16},{"not_picked":["Crippling Poison","Flechettes"],"picked":"Deadly Poison","floor":17},{"not_picked":["Catalyst","Underhanded Strike"],"picked":"Backflip","floor":17},{"not_picked":["Bane","Underhanded Strike"],"picked":"Backstab","floor":17},{"not_picked":["Bane","Underhanded Strike"],"picked":"Backflip","floor":17},{"not_picked":["Deadly Poison","Tools of the Trade"],"picked":"Well Laid Plans","floor":18},{"not_picked":["Setup+1","Prepared+1"],"picked":"Catalyst","floor":19},{"not_picked":["Outmaneuver","Poisoned Stab"],"picked":"Deadly Poison","floor":21},{"not_picked":["Prepared","Deadly Poison"],"picked":"Noxious Fumes","floor":22},{"not_picked":["Outmaneuver","Dagger Throw+1","Dagger Spray"],"picked":"SKIP","floor":24},{"not_picked":["Choke","Deflect"],"picked":"PiercingWail","floor":25},{"not_picked":["Catalyst","Dagger Throw+1"],"picked":"Footwork","floor":27},{"not_picked":["Outmaneuver","Escape Plan+1"],"picked":"Burst","floor":30},{"not_picked":["Storm of Steel","Glass Knife"],"picked":"Adrenaline","floor":33},{"not_picked":["Prepared","Deadly Poison+1","Deflect"],"picked":"SKIP","floor":35},{"not_picked":["Heel Hook","Phantasmal Killer"],"picked":"Escape Plan","floor":36},{"not_picked":["PiercingWail+1","Deflect"],"picked":"Backstab+1","floor":37},{"not_picked":["Accuracy","Prepared"],"picked":"Dodge and Roll+1","floor":38},{"not_picked":["Poisoned Stab+1","Slice+1"],"picked":"Burst","floor":40},{"not_picked":["Blade Dance","Sucker Punch","Flechettes+1"],"picked":"SKIP","floor":45},{"not_picked":["Poisoned Stab","Endless Agony+1","Quick Slash+1"],"picked":"SKIP","floor":46}],"player_experience":842035,"relics_obtained":[{"floor":9,"key":"Bottled Tornado"},{"floor":10,"key":"Turnip"},{"floor":12,"key":"Boot"},{"floor":14,"key":"Mercury Hourglass"},{"floor":26,"key":"Centennial Puzzle"},{"floor":27,"key":"Vajra"},{"floor":30,"key":"Ancient Tea Set"},{"floor":36,"key":"FossilizedHelix"},{"floor":40,"key":"Omamori"},{"floor":45,"key":"Bag of Marbles"}],"event_choices":[{"damage_healed":0,"gold_gain":0,"cards_transformed":["Strike_G"],"player_choice":"Change","damage_taken":0,"max_hp_gain":0,"max_hp_loss":0,"event_name":"Living Wall","floor":2,"gold_loss":0,"cards_obtained":["Choke"]},{"cards_removed":["Strike_G"],"damage_healed":0,"gold_gain":0,"player_choice":"Purged","damage_taken":0,"max_hp_gain":0,"max_hp_loss":0,"event_name":"Purifier","floor":20,"gold_loss":0},{"damage_healed":0,"gold_gain":0,"player_choice":"Opened","damage_taken":0,"relics_obtained":["Ornamental Fan"],"max_hp_gain":0,"max_hp_loss":0,"event_name":"The Mausoleum","floor":28,"gold_loss":0,"cards_obtained":["Writhe"]},{"damage_healed":0,"gold_gain":0,"player_choice":"Simplicity","damage_taken":0,"max_hp_gain":0,"max_hp_loss":0,"event_name":"Back to Basics","floor":31,"gold_loss":0,"cards_upgraded":["Defend_G","Defend_G","Defend_G","Defend_G","Defend_G","Strike_G","Strike_G","Strike_G"]},{"damage_healed":0,"gold_gain":0,"player_choice":"Fight","damage_taken":0,"max_hp_gain":0,"max_hp_loss":0,"event_name":"Mysterious Sphere","floor":36,"gold_loss":0},{"cards_removed":["All Out Attack"],"damage_healed":0,"gold_gain":0,"player_choice":"Removed Attack","damage_taken":0,"max_hp_gain":0,"max_hp_loss":0,"event_name":"Falling","floor":39,"gold_loss":0},{"damage_healed":66,"gold_gain":0,"player_choice":"Heal","damage_taken":0,"max_hp_gain":0,"max_hp_loss":9,"event_name":"The Moai Head","floor":42,"gold_loss":0}],"is_beta":false,"boss_relics":[{"not_picked":["Lizard Tail","Busted Crown"],"picked":"Orrery"},{"not_picked":["Fusion Hammer","Calling Bell"],"picked":"Cursed Key"}],"items_purged_floors":[],"is_endless":false,"potions_floor_spawned":[1,4,7,10,12,14,16,22,25,30,35,38,40,45],"killed_by":"Time Eater","ascension_level":8}