{"gold_per_floor":[118,132,52,66,82,82,82,82,82,97,110,110,130,230,230,325,325,339,356,367,367,147,147,47,47,93,107,124,124,124,142,142,142],"floor_reached":33,"playtime":2659,"items_purged":["Defend_G","Strike_G"],"score":241,"play_id":"61064487-6574-4055-8714-b9ac642ed0e1","local_time":"20180630111910","is_ascension_mode":false,"campfire_choices":[{"data":"Well Laid Plans","floor":6,"key":"SMITH"},{"data":"Neutralize","floor":12,"key":"SMITH"},{"data":"Survivor","floor":15,"key":"SMITH"},{"floor":23,"key":"REST"},{"data":"Dagger Spray","floor":25,"key":"SMITH"},{"floor":30,"key":"REST"},{"floor":32,"key":"REST"}],"neow_cost":"NONE","seed_source_timestamp":996991292647083,"circlet_count":0,"master_deck":["Defend_G","Defend_G","Strike_G","Strike_G","Survivor+1","Neutralize+1","Dagger Throw","Well Laid Plans+1","Dagger Throw","Well Laid Plans+1","Dagger Spray+1","Acrobatics+1"],"special_seed":17712,"relics":["Ring of the Snake","Frozen Egg 2","Mercury Hourglass","Mango","Empty Cage","Omamori","Happy Flower"],"potions_floor_usage":[31,33,33],"damage_taken":[{"damage":4,"enemies":"Cultist","floor":1,"turns":5},{"damage":0,"enemies":"2 Louse","floor":2,"turns":2},{"damage":0,"enemies":"Small Slimes","floor":4,"turns":4},{"damage":2,"enemies":"Exordium Thugs","floor":5,"turns":6},{"damage":0,"enemies":"2 Fungi Beasts","floor":10,"turns":2},{"damage":1,"enemies":"Red Slaver","floor":11,"turns":3},{"damage":2,"enemies":"Lots of Slimes","floor":13,"turns":3},{"damage":21,"enemies":"The Guardian","floor":16,"turns":16},{"damage":10,"enemies":"Chosen","floor":18,"turns":5},{"damage":13,"enemies":"3 Byrds","floor":19,"turns":5},{"damage":48,"enemies":"Centurion and Healer","floor":20,"turns":12},{"damage":14,"enemies":"Snake Plant","floor":27,"turns":6},{"damage":22,"enemies":"Snecko","floor":28,"turns":9},{"damage":9,"enemies":"Cultist and Chosen","floor":31,"turns":5},{"damage":54,"enemies":"Collector","floor":33,"turns":7}],"seed_played":"-5713923445419980127","potions_obtained":[{"floor":1,"key":"Fire Potion"},{"floor":2,"key":"Block Potion"},{"floor":13,"key":"Ancient Potion"},{"floor":16,"key":"Energy Potion"}],"is_trial":false,"path_per_floor":["M","M","$","M","M","R","T","?","T","M","M","R","M","?","R","B",null,"M","M","M","?","$","R","$","R","T","M","M","?","R","M","R"],"character_chosen":"THE_SILENT","items_purchased":["Well Laid Plans","Omamori"],"campfire_rested":3,"item_purchase_floors":[3,22],"current_hp_per_floor":[66,66,66,66,64,64,64,57,71,71,70,70,68,68,68,47,84,74,61,13,13,13,38,38,38,38,24,2,2,27,18,43,0],"gold":142,"neow_bonus":"REMOVE_CARD","is_prod":false,"is_daily":false,"chose_seed":false,"campfire_upgraded":4,"win_rate":0.0,"timestamp":1530382750,"path_taken":["M","M","$","?","M","R","?","?","T","M","M","R","?","?","R","BOSS","M","M","M","?","?","R","$","R","T","M","M","?","R","?","R","BOSS"],"build_version":"2018-06-28","purchased_purges":2,"victory":false,"max_hp_per_floor":[70,70,70,70,70,70,70,70,84,84,84,84,84,84,84,84,84,84,84,84,84,84,84,84,84,84,84,84,84,84,84,84,84],"card_choices":[{"not_picked":["All Out Attack","Backstab","Calculated Gamble"],"picked":"SKIP","floor":1},{"not_picked":["PiercingWail","Slice"],"picked":"Dagger Throw","floor":2},{"not_picked":["Distraction","Choke"],"picked":"Dagger Throw","floor":4},{"not_picked":["Acrobatics","Bane","Venomology"],"picked":"SKIP","floor":5},{"not_picked":["Backflip","Deadly Poison","Bane"],"picked":"SKIP","floor":10},{"not_picked":["All Out Attack","Sucker Punch"],"picked":"Well Laid Plans+1","floor":11},{"not_picked":["Acrobatics","Dash","Outmaneuver"],"picked":"SKIP","floor":13},{"not_picked":["Outmaneuver","Catalyst","Flying Knee"],"picked":"SKIP","floor":18},{"not_picked":["Skewer","Sucker Punch","PiercingWail"],"picked":"SKIP","floor":19},{"not_picked":["Eviscerate","All Out Attack","PiercingWail"],"picked":"SKIP","floor":20},{"not_picked":["Dash","Crippling Poison","Predator"],"picked":"SKIP","floor":27},{"not_picked":["Crippling Poison","Dodge and Roll"],"picked":"Acrobatics+1","floor":28},{"not_picked":["Well Laid Plans+1","Bane","A Thousand Cuts+1"],"picked":"SKIP","floor":31}],"player_experience":24255,"relics_obtained":[{"floor":7,"key":"Frozen Egg 2"},{"floor":9,"key":"Mango"},{"floor":26,"key":"Happy Flower"}],"event_choices":[{"event_name":"Scrap Ooze","player_choice":"success","floor":8,"damage_taken":7},{"event_name":"Golden Shrine","player_choice":"Pray","floor":14,"damage_taken":0},{"event_name":"The Library","player_choice":"Read","floor":21,"damage_taken":0},{"event_name":"Bonfire Elementals","player_choice":"BASIC","floor":29,"damage_taken":0}],"boss_relics":[{"not_picked":["Ectoplasm","Busted Crown"],"picked":"Empty Cage"}],"items_purged_floors":[22,24],"is_endless":false,"potions_floor_spawned":[1,2,13,16,19,20],"killed_by":"Collector","ascension_level":0}