{"gold_per_floor":[112,129,142,142,156,156,200,200,200,225,264,264,264,304,304,435,435,459,483,214,214,214,248,248,289,289,289,289,303,328,328,328,426,426,438,450,466,466,162,162,189,189,214,224,256,266,294,394,394,394],"floor_reached":51,"playtime":3290,"items_purged":["Strike_G","Strike_G"],"score":1062,"play_id":"6f3d4b91-8e63-4f91-8ddb-ae2cb3a7d1c7","local_time":"20190711143804","is_ascension_mode":true,"campfire_choices":[{"data":"Dagger Spray","floor":6.0,"key":"SMITH"},{"floor":8.0,"key":"REST"},{"floor":13.0,"key":"REST"},{"data":"Neutralize","floor":15.0,"key":"SMITH"},{"data":"Wraith Form v2","floor":24.0,"key":"SMITH"},{"data":"Wraith Form v2","floor":27.0,"key":"SMITH"},{"floor":32.0,"key":"REST"},{"data":"Burst","floor":40.0,"key":"SMITH"},{"data":"Catalyst","floor":42.0,"key":"SMITH"},{"data":"Catalyst","floor":49.0,"key":"SMITH"}],"neow_cost":"NONE","seed_source_timestamp":0,"circlet_count":0,"master_deck":["Strike_G","Strike_G","Strike_G","Defend_G","Defend_G","Defend_G","Defend_G","Defend_G","Survivor","Neutralize+1","Dagger Spray+1","Endless Agony","Glass Knife+1","Corpse Explosion","Crippling Poison","Wraith Form v2+1","Poisoned Stab+1","Catalyst+1","Wraith Form v2+1","Noxious Fumes","Crippling Poison","Acrobatics","Burst+1","Catalyst+1","Madness","Madness","Shame","Wraith Form v2","Deflect+1","Backflip+1"],"special_seed":0,"relics":["Ring of the Snake","NeowsBlessing","Bloody Idol","Snake Skull","Molten Egg 2","Pocketwatch","Paper Crane","Cursed Key","DollysMirror","Bottled Tornado","Bag of Marbles","Runic Pyramid","ClockworkSouvenir","Toxic Egg 2","Dodecahedron","Letter Opener","Mango"],"potions_floor_usage":[50],"damage_taken":[{"damage":0.0,"enemies":"2 Louse","floor":1.0,"turns":1.0},{"damage":0.0,"enemies":"Small Slimes","floor":2.0,"turns":1.0},{"damage":0.0,"enemies":"Jaw Worm","floor":3.0,"turns":1.0},{"damage":10.0,"enemies":"Lots of Slimes","floor":5.0,"turns":4.0},{"damage":35.0,"enemies":"Lagavulin","floor":7.0,"turns":5.0},{"damage":0.0,"enemies":"2 Fungi Beasts","floor":10.0,"turns":2.0},{"damage":5.0,"enemies":"3 Sentries","floor":11.0,"turns":6.0},{"damage":6.0,"enemies":"Gremlin Nob","floor":14.0,"turns":3.0},{"damage":14.0,"enemies":"Slime Boss","floor":16.0,"turns":11.0},{"damage":7.0,"enemies":"Chosen","floor":18.0,"turns":4.0},{"damage":14.0,"enemies":"2 Thieves","floor":19.0,"turns":3.0},{"damage":2.0,"enemies":"Book of Stabbing","floor":23.0,"turns":5.0},{"damage":30.0,"enemies":"Slavers","floor":25.0,"turns":3.0},{"damage":2.0,"enemies":"Snake Plant","floor":29.0,"turns":5.0},{"damage":6.0,"enemies":"Snecko","floor":30.0,"turns":4.0},{"damage":18.0,"enemies":"Collector","floor":33.0,"turns":9.0},{"damage":9.0,"enemies":"Orb Walker","floor":35.0,"turns":3.0},{"damage":1.0,"enemies":"3 Darklings","floor":36.0,"turns":2.0},{"damage":3.0,"enemies":"Spire Growth","floor":37.0,"turns":4.0},{"damage":1.0,"enemies":"Giant Head","floor":41.0,"turns":8.0},{"damage":4.0,"enemies":"4 Shapes","floor":44.0,"turns":4.0},{"damage":5.0,"enemies":"Reptomancer","floor":45.0,"turns":5.0},{"damage":0.0,"enemies":"Maw","floor":46.0,"turns":4.0},{"damage":0.0,"enemies":"Giant Head","floor":47.0,"turns":5.0},{"damage":0.0,"enemies":"Mind Bloom Boss Battle","floor":48.0,"turns":5.0},{"damage":0,"enemies":"Awakened One","floor":50,"turns":11}],"seed_played":"6672784367983079799","potions_obtained":[{"floor":5.0,"key":"Strength Potion"},{"floor":11.0,"key":"Poison Potion"},{"floor":14.0,"key":"Weak Potion"},{"floor":16.0,"key":"GamblersBrew"},{"floor":25.0,"key":"Dexterity Potion"},{"floor":29.0,"key":"SpeedPotion"},{"floor":33.0,"key":"Block Potion"},{"floor":35.0,"key":"Swift Potion"},{"floor":45.0,"key":"Energy Potion"},{"floor":46.0,"key":"Poison Potion"}],"is_trial":false,"path_per_floor":["M","M","M","?","M","R","E","R","T","M","E","?","R","E","R","B",null,"M","M","$","?","?","E","R","E","T","R","T","M","M","?","R","B",null,"M","M","M","?","$","R","E","R","T","M","E","M","E","?","R","B",null],"character_chosen":"THE_SILENT","items_purchased":["DollysMirror","ClockworkSouvenir"],"campfire_rested":3,"item_purchase_floors":[20,39],"current_hp_per_floor":[70,70,70,53,43,43,8,29,29,29,24,29,51,45,45,31,75,68,54,54,54,54,52,52,22,22,22,22,20,14,14,36,23,75,71,75,75,66,66,66,70,70,75,75,75,75,75,89,89,89],"gold":394,"neow_bonus":"THREE_ENEMY_KILL","is_prod":false,"is_daily":false,"chose_seed":false,"campfire_upgraded":7,"win_rate":0,"timestamp":1562870284,"path_taken":["M","M","M","?","M","R","E","R","T","M","E","?","R","E","R","BOSS","M","M","$","?","?","E","R","E","T","R","?","M","?","?","R","BOSS","M","M","M","?","$","R","E","R","T","M","E","M","E","?","R","BOSS"],"build_version":"2019-07-05","purchased_purges":2,"victory":true,"max_hp_per_floor":[70,70,70,70,70,70,70,70,70,70,70,75,75,75,75,75,75,75,75,75,75,75,75,75,75,75,75,75,75,75,75,75,75,75,75,75,75,75,75,75,75,75,75,75,75,75,75,89,89,89],"card_choices":[{"not_picked":["Sucker Punch","Deadly Poison"],"picked":"Dagger Spray","floor":1.0},{"not_picked":["Dagger Spray","Blade Dance","Predator"],"picked":"SKIP","floor":2.0},{"not_picked":["Dodge and Roll","Deadly Poison","Deflect"],"picked":"SKIP","floor":3.0},{"not_picked":["Dodge and Roll","Deflect","Flying Knee"],"picked":"SKIP","floor":5.0},{"not_picked":["Setup","Flechettes"],"picked":"Endless Agony","floor":7.0},{"not_picked":["Deadly Poison","Sucker Punch+1"],"picked":"Glass Knife+1","floor":10.0},{"not_picked":["Reflex","Terror"],"picked":"Corpse Explosion","floor":11.0},{"not_picked":["Finisher+1","Blur"],"picked":"Crippling Poison","floor":14.0},{"not_picked":["Venomology","Adrenaline"],"picked":"Wraith Form v2","floor":16.0},{"not_picked":["Backflip+1","Underhanded Strike+1"],"picked":"Poisoned Stab+1","floor":18.0},{"not_picked":["Caltrops","Bane+1"],"picked":"Catalyst","floor":19.0},{"not_picked":["Backstab+1","Sucker Punch+1","Blur"],"picked":"SKIP","floor":23.0},{"not_picked":["Leg Sweep","Dodge and Roll","Blur"],"picked":"SKIP","floor":25.0},{"not_picked":["Acrobatics","Deadly Poison"],"picked":"Crippling Poison","floor":29.0},{"not_picked":["Underhanded Strike+1","Footwork"],"picked":"Acrobatics","floor":30.0},{"not_picked":["Corpse Explosion","Wraith Form v2"],"picked":"Burst","floor":33.0},{"not_picked":["Flying Knee+1","Deflect"],"picked":"Catalyst","floor":35.0},{"not_picked":["Dodge and Roll","Bane+1","Reflex+1"],"picked":"SKIP","floor":36.0},{"not_picked":["Well Laid Plans+1","Eviscerate+1","Crippling Poison+1"],"picked":"SKIP","floor":37.0},{"not_picked":["Underhanded Strike+1","Sucker Punch+1","Endless Agony+1"],"picked":"SKIP","floor":41.0},{"not_picked":["Blade Dance+1","Dodge and Roll+1"],"picked":"Wraith Form v2","floor":44.0},{"not_picked":["Blade Dance+1","Dodge and Roll+1"],"picked":"Deflect+1","floor":45.0},{"not_picked":["Poisoned Stab+1","Crippling Poison+1"],"picked":"Backflip+1","floor":46.0},{"not_picked":["Masterful Stab+1","Flechettes+1","Quick Slash+1"],"picked":"SKIP","floor":47.0}],"player_experience":276607,"relics_obtained":[{"floor":7.0,"key":"Snake Skull"},{"floor":9.0,"key":"Molten Egg 2"},{"floor":11.0,"key":"Pocketwatch"},{"floor":14.0,"key":"Paper Crane"},{"floor":23.0,"key":"Bottled Tornado"},{"floor":25.0,"key":"Bag of Marbles"},{"floor":41.0,"key":"Toxic Egg 2"},{"floor":45.0,"key":"Dodecahedron"},{"floor":47.0,"key":"Letter Opener"},{"floor":48.0,"key":"Mango"}],"event_choices":[{"damage_healed":0.0,"max_hp_gain":0.0,"max_hp_loss":0.0,"gold_gain":0.0,"event_name":"Golden Idol","player_choice":"Take Damage","floor":4.0,"gold_loss":0.0,"damage_taken":17.0,"relics_obtained":["Golden Idol"]},{"damage_healed":0.0,"max_hp_gain":5.0,"max_hp_loss":0.0,"gold_gain":0.0,"event_name":"Big Fish","player_choice":"Donut","floor":12.0,"gold_loss":0.0,"damage_taken":0.0},{"damage_healed":0.0,"max_hp_gain":0.0,"max_hp_loss":0.0,"gold_gain":0.0,"event_name":"The Library","player_choice":"Read","floor":21.0,"gold_loss":0.0,"damage_taken":0.0,"cards_obtained":["Noxious Fumes"]},{"damage_healed":0.0,"max_hp_gain":0.0,"max_hp_loss":0.0,"gold_gain":0.0,"event_name":"Vampires","player_choice":"Ignored","floor":22.0,"gold_loss":0.0,"damage_taken":0.0},{"damage_healed":0.0,"max_hp_gain":0.0,"max_hp_loss":0.0,"gold_gain":0.0,"event_name":"Forgotten Altar","player_choice":"Gave Idol","floor":31.0,"relics_lost":["Golden Idol"],"gold_loss":0.0,"damage_taken":0.0,"relics_obtained":["Bloody Idol"]},{"damage_healed":0.0,"max_hp_gain":0.0,"max_hp_loss":0.0,"gold_gain":0.0,"event_name":"Winding Halls","player_choice":"Embrace Madness","floor":38.0,"gold_loss":0.0,"damage_taken":9.0,"cards_obtained":["Madness","Madness"]},{"damage_healed":0.0,"max_hp_gain":0.0,"max_hp_loss":0.0,"gold_gain":0.0,"event_name":"MindBloom","player_choice":"Fight","floor":48.0,"gold_loss":0.0,"damage_taken":0.0}],"is_beta":false,"boss_relics":[{"not_picked":["Runic Dome","Ectoplasm"],"picked":"Cursed Key"},{"not_picked":["HoveringKite","Lizard Tail"],"picked":"Runic Pyramid"}],"items_purged_floors":[20,39],"is_endless":false,"potions_floor_spawned":[5,11,14,16,25,29,33,35,45,46,47,48],"ascension_level":4}