{"gold_per_floor":[116,116,129,139,64,64,95,95,95,95,125,125,154,169,169,242,242,254,254,269,544,115,115,115],"floor_reached":24,"playtime":970,"items_purged":["Strike_B","Regret"],"score":371,"play_id":"02423d6d-4cc8-42dc-8126-df20db9104a0","local_time":"20190704153128","is_ascension_mode":true,"campfire_choices":[{"data":"Beam Cell","floor":6,"key":"SMITH"},{"floor":10,"key":"REST"},{"data":"Barrage","floor":15,"key":"SMITH"},{"data":"Electrodynamics","floor":23,"key":"SMITH"}],"neow_cost":"NONE","seed_source_timestamp":593455476101121,"circlet_count":0,"master_deck":["AscendersBane","Strike_B","Strike_B","Defend_B","Defend_B","Defend_B","Defend_B","Zap+1","Dualcast+1","Beam Cell+1","Rebound","Cold Snap","Ball Lightning","Doom and Gloom","Leap","Electrodynamics+1","Barrage+1","Seek","Force Field","Storm+1","Skim"],"relics":["Cracked Core","Mummified Hand","Vajra","Pantograph","FaceOfCleric","Juzu Bracelet","Cursed Key","Nilry\u0027s Codex","OrangePellets"],"potions_floor_usage":[7,13,13,24],"damage_taken":[{"damage":7,"enemies":"Jaw Worm","floor":1,"turns":3},{"damage":0,"enemies":"Cultist","floor":3,"turns":3},{"damage":4,"enemies":"2 Louse","floor":4,"turns":2},{"damage":18,"enemies":"Gremlin Nob","floor":7,"turns":3},{"damage":8,"enemies":"3 Sentries","floor":11,"turns":4},{"damage":22,"enemies":"Lagavulin","floor":13,"turns":5},{"damage":0,"enemies":"Looter","floor":14,"turns":2},{"damage":30,"enemies":"The Guardian","floor":16,"turns":9},{"damage":12,"enemies":"2 Thieves","floor":18,"turns":2},{"damage":0,"enemies":"Spheric Guardian","floor":20,"turns":3},{"damage":35,"enemies":"Book of Stabbing","floor":24,"turns":5}],"seed_played":"-8814907056460792093","potions_obtained":[{"floor":3,"key":"GamblersBrew"},{"floor":4,"key":"Poison Potion"},{"floor":7,"key":"PowerPotion"},{"floor":14,"key":"Poison Potion"},{"floor":18,"key":"Dexterity Potion"}],"is_trial":false,"path_per_floor":["M","?","M","M","$","R","E","?","T","R","E","?","E","M","R","B",null,"M","?","M","?","$","R","E"],"character_chosen":"DEFECT","items_purchased":["OrangePellets","Skim","Block Potion"],"campfire_rested":1,"item_purchase_floors":[22,22,22],"current_hp_per_floor":[57,57,57,53,53,53,35,35,35,56,48,48,27,28,28,24,62,51,30,31,31,31,31,0],"gold":115,"neow_bonus":"UPGRADE_CARD","is_prod":false,"is_daily":false,"chose_seed":false,"campfire_upgraded":3,"win_rate":0,"timestamp":1562279488,"path_taken":["M","?","M","?","$","R","E","?","T","R","E","?","E","M","R","BOSS","M","?","M","?","$","R","E"],"build_version":"2019-07-01","purchased_purges":2,"victory":false,"max_hp_per_floor":[71,71,71,71,71,71,71,71,71,71,71,71,72,73,73,74,74,75,75,76,76,76,76,76],"card_choices":[{"not_picked":["Streamline","Consume"],"picked":"Beam Cell","floor":1},{"not_picked":["Reprogram","Beam Cell"],"picked":"Cold Snap","floor":3},{"not_picked":["Buffer","Hologram"],"picked":"Ball Lightning","floor":4},{"not_picked":["Streamline","Consume"],"picked":"Doom and Gloom","floor":7},{"not_picked":["Hello World","Steam Power"],"picked":"Leap","floor":11},{"not_picked":["Scrape","Chaos"],"picked":"Electrodynamics","floor":13},{"not_picked":["Blizzard","Beam Cell"],"picked":"Barrage","floor":14},{"not_picked":["Machine Learning","Core Surge"],"picked":"Seek","floor":16},{"not_picked":["Consume","Go for the Eyes"],"picked":"Force Field","floor":18},{"not_picked":["Chill","Compile Driver"],"picked":"Storm+1","floor":20}],"player_experience":1410486,"relics_obtained":[{"floor":7,"key":"Mummified Hand"},{"floor":9,"key":"Vajra"},{"floor":11,"key":"Pantograph"},{"floor":13,"key":"Juzu Bracelet"},{"floor":19,"key":"Nilry\u0027s Codex"}],"event_choices":[{"damage_healed":0,"gold_gain":0,"cards_transformed":["Strike_B"],"player_choice":"Transformed","damage_taken":0,"max_hp_gain":0,"max_hp_loss":0,"event_name":"Transmorgrifier","floor":2,"gold_loss":0,"cards_obtained":["Rebound"]},{"damage_healed":0,"gold_gain":0,"player_choice":"Grow","damage_taken":0,"max_hp_gain":0,"max_hp_loss":0,"event_name":"Living Wall","floor":8,"gold_loss":0,"cards_upgraded":["Dualcast"]},{"damage_healed":0,"gold_gain":0,"player_choice":"Trade","damage_taken":0,"relics_obtained":["FaceOfCleric"],"max_hp_gain":0,"max_hp_loss":0,"event_name":"FaceTrader","floor":12,"gold_loss":0},{"damage_healed":0,"gold_gain":0,"player_choice":"Obtained Book","damage_taken":21,"max_hp_gain":0,"max_hp_loss":0,"event_name":"Cursed Tome","floor":19,"gold_loss":0},{"damage_healed":0,"gold_gain":275,"player_choice":"Desecrate","damage_taken":0,"max_hp_gain":0,"max_hp_loss":0,"event_name":"Golden Shrine","floor":21,"gold_loss":0,"cards_obtained":["Regret"]}],"is_beta":false,"boss_relics":[{"not_picked":["Lizard Tail","Snecko Eye"],"picked":"Cursed Key"}],"items_purged_floors":[5,22],"is_endless":false,"potions_floor_spawned":[3,4,7,14,18],"killed_by":"Book of Stabbing","ascension_level":15}