{"gold_per_floor":[114,134,150,150,150,182,182,207,207,233,245,272,310,322,334,448,460,488,512,536,548,141,141,141],"floor_reached":24,"playtime":1960,"items_purged":["Writhe"],"score":281,"play_id":"5d6e1ae7-8ada-44aa-a598-efeba7dfc635","local_time":"20190503084131","is_ascension_mode":true,"campfire_choices":[{"data":"Dualcast","floor":7,"key":"SMITH"},{"data":"Zap","floor":11,"key":"SMITH"},{"data":"Beam Cell","floor":15,"key":"SMITH"},{"data":"Barrage","floor":23,"key":"SMITH"}],"neow_cost":"NONE","seed_source_timestamp":1546356667355112,"circlet_count":0,"master_deck":["Strike_B","Strike_B","Defend_B","Defend_B","Defend_B","Defend_B","Zap+1","Dualcast+1","FTL","Ball Lightning","Ball Lightning","Reinforced Body","Glacier","Barrage+1","Beam Cell+1","Skim","Hyperbeam","Darkness+1","Leap","Sweeping Beam"],"relics":["Cracked Core","Art of War","Potion Belt","Ornamental Fan","MawBank","Dead Branch","Inserter","Peace Pipe","Incense Burner"],"potions_floor_usage":[6,12,18],"damage_taken":[{"damage":0,"enemies":"Cultist","floor":1,"turns":4},{"damage":5,"enemies":"Small Slimes","floor":2,"turns":4},{"damage":6,"enemies":"2 Louse","floor":3,"turns":2},{"damage":30,"enemies":"Lagavulin","floor":6,"turns":4},{"damage":10,"enemies":"Gremlin Nob","floor":8,"turns":3},{"damage":9,"enemies":"Large Slime","floor":10,"turns":6},{"damage":0,"enemies":"Lots of Slimes","floor":12,"turns":3},{"damage":16,"enemies":"Lagavulin","floor":13,"turns":4},{"damage":1,"enemies":"Hexaghost","floor":16,"turns":9},{"damage":4,"enemies":"Shell Parasite","floor":18,"turns":5},{"damage":9,"enemies":"Chosen","floor":19,"turns":5},{"damage":5,"enemies":"Centurion and Healer","floor":20,"turns":6},{"damage":44,"enemies":"Gremlin Leader","floor":24,"turns":7}],"seed_played":"-544658343992935249","potions_obtained":[{"floor":1,"key":"SteroidPotion"},{"floor":10,"key":"Fire Potion"},{"floor":16,"key":"PowerPotion"},{"floor":19,"key":"SpeedPotion"}],"is_trial":false,"path_per_floor":["M","M","M","?","?","E","R","E","T","M","R","M","E","?","R","B",null,"M","M","M","?","$","R","E"],"character_chosen":"DEFECT","items_purchased":["Incense Burner","PowerPotion"],"campfire_rested":0,"item_purchase_floors":[22,22],"current_hp_per_floor":[68,63,57,50,75,45,45,35,35,26,26,26,10,10,10,9,59,55,46,41,41,41,41,0],"gold":141,"neow_bonus":"RANDOM_COMMON_RELIC","is_prod":false,"is_daily":false,"chose_seed":false,"campfire_upgraded":4,"win_rate":0,"timestamp":1556898091,"path_taken":["M","M","M","?","?","E","R","E","T","M","R","M","E","?","R","BOSS","M","?","M","?","$","R","E"],"build_version":"2019-01-23","purchased_purges":1,"victory":false,"max_hp_per_floor":[75,75,75,75,75,75,75,75,75,75,75,75,75,75,75,75,75,75,75,75,75,75,75,75],"card_choices":[{"not_picked":["Heatsinks","Conserve Battery"],"picked":"FTL","floor":1},{"not_picked":["Rebound","Tempest"],"picked":"Ball Lightning","floor":2},{"not_picked":["Thunder Strike","Undo"],"picked":"Ball Lightning","floor":3},{"not_picked":["Self Repair","Ball Lightning"],"picked":"Reinforced Body","floor":6},{"not_picked":["Rainbow","Hologram"],"picked":"Glacier","floor":8},{"not_picked":["Beam Cell","Steam"],"picked":"Barrage","floor":10},{"not_picked":["Cold Snap","Steam"],"picked":"Beam Cell","floor":12},{"not_picked":["Turbo","Force Field","Barrage"],"picked":"SKIP","floor":13},{"not_picked":["Seek","Fission"],"picked":"Hyperbeam","floor":16},{"not_picked":["Loop","Steam Power+1"],"picked":"Darkness+1","floor":18},{"not_picked":["Hello World","Ball Lightning+1"],"picked":"Leap","floor":19},{"not_picked":["Double Energy","Storm"],"picked":"Sweeping Beam","floor":20}],"player_experience":1109673,"relics_obtained":[{"floor":6,"key":"Potion Belt"},{"floor":8,"key":"Ornamental Fan"},{"floor":9,"key":"MawBank"},{"floor":13,"key":"Dead Branch"}],"event_choices":[{"cards_removed":["Strike_B"],"damage_healed":0,"gold_gain":0,"player_choice":"Card Removal","damage_taken":7,"max_hp_gain":0,"max_hp_loss":0,"event_name":"Golden Wing","floor":4,"gold_loss":0},{"damage_healed":25,"gold_gain":0,"player_choice":"Banana","damage_taken":0,"max_hp_gain":0,"max_hp_loss":0,"event_name":"Big Fish","floor":5,"gold_loss":0},{"damage_healed":0,"gold_gain":0,"cards_transformed":["Strike_B"],"player_choice":"Transformed","damage_taken":0,"max_hp_gain":0,"max_hp_loss":0,"event_name":"Transmorgrifier","floor":14,"gold_loss":0,"cards_obtained":["Skim"]},{"damage_healed":0,"gold_gain":0,"player_choice":"Opened","damage_taken":0,"relics_obtained":["Peace Pipe"],"max_hp_gain":0,"max_hp_loss":0,"event_name":"The Mausoleum","floor":21,"gold_loss":0,"cards_obtained":["Writhe"]}],"is_beta":false,"boss_relics":[{"not_picked":["Runic Dome","Pandora\u0027s Box"],"picked":"Inserter"}],"items_purged_floors":[22],"is_endless":false,"potions_floor_spawned":[1,10,16,19],"killed_by":"Gremlin Leader","ascension_level":6}