{"gold_per_floor":[113,129,149,163,177,205,205,205,205,224,224,240,240,240,252,264],"floor_reached":16,"playtime":1028,"items_purged":[],"score":120,"play_id":"6dab58bd-ee26-4b9c-a1c5-e46d8c076911","local_time":"20190702230740","is_ascension_mode":true,"campfire_choices":[{"data":"True Grit","floor":7,"key":"SMITH"},{"data":"Corruption","floor":11,"key":"SMITH"},{"data":"Metallicize","floor":13,"key":"SMITH"},{"data":"Metallicize","floor":15,"key":"SMITH"}],"neow_cost":"NONE","seed_source_timestamp":1201235759717776,"circlet_count":0,"master_deck":["Strike_R+1","Strike_R","Strike_R","Strike_R","Strike_R","Defend_R","Defend_R","Defend_R","Defend_R","Bash","Metallicize+1","Pommel Strike","Seeing Red+1","Metallicize+1","Corruption+1","Ghostly Armor","True Grit+1","Clothesline","Regret"],"relics":["Burning Blood","Vajra","Blood Vial","MawBank"],"potions_floor_usage":[16],"damage_taken":[{"damage":6,"enemies":"Jaw Worm","floor":1,"turns":6},{"damage":4,"enemies":"Small Slimes","floor":2,"turns":3},{"damage":4,"enemies":"2 Louse","floor":3,"turns":3},{"damage":8,"enemies":"Looter","floor":4,"turns":4},{"damage":7,"enemies":"3 Louse","floor":5,"turns":5},{"damage":39,"enemies":"3 Sentries","floor":6,"turns":18},{"damage":14,"enemies":"Exordium Wildlife","floor":10,"turns":5},{"damage":11,"enemies":"Lots of Slimes","floor":12,"turns":5},{"damage":21,"enemies":"The Guardian","floor":16,"turns":2}],"seed_played":"7696972803480793842","potions_obtained":[{"floor":1,"key":"AttackPotion"},{"floor":3,"key":"PowerPotion"},{"floor":6,"key":"Poison Potion"},{"floor":12,"key":"Explosive Potion"}],"is_trial":false,"path_per_floor":["M","M","M","M","M","E","R","?","T","M","R","M","R","?","R","B"],"character_chosen":"IRONCLAD","items_purchased":[],"campfire_rested":0,"item_purchase_floors":[],"current_hp_per_floor":[80,80,80,78,77,44,44,28,28,22,22,19,19,19,19,0],"gold":264,"neow_bonus":"THREE_CARDS","is_prod":false,"is_daily":false,"chose_seed":false,"campfire_upgraded":4,"win_rate":0,"timestamp":1562134060,"path_taken":["M","M","M","M","M","E","R","?","T","M","R","M","R","?","R","BOSS"],"build_version":"2019-07-01","purchased_purges":0,"victory":false,"max_hp_per_floor":[80,80,80,80,80,80,80,80,80,80,80,80,80,80,80,80],"card_choices":[{"not_picked":["Whirlwind","Inflame"],"picked":"Metallicize","floor":0},{"not_picked":["Searing Blow","Heavy Blade"],"picked":"Pommel Strike","floor":1},{"not_picked":["Cleave","Intimidate"],"picked":"Seeing Red","floor":2},{"not_picked":["Wild Strike","Clash"],"picked":"Metallicize","floor":3},{"not_picked":["Limit Break","Iron Wave"],"picked":"Corruption","floor":4},{"not_picked":["Heavy Blade","Whirlwind"],"picked":"Ghostly Armor","floor":5},{"not_picked":["Inflame","Limit Break"],"picked":"True Grit","floor":6},{"not_picked":["Heavy Blade","Pommel Strike"],"picked":"Clothesline","floor":10},{"not_picked":["Anger","Rage","Sever Soul"],"picked":"SKIP","floor":12}],"player_experience":230963,"relics_obtained":[{"floor":6,"key":"Vajra"},{"floor":9,"key":"Blood Vial"}],"event_choices":[{"damage_healed":0,"gold_gain":0,"player_choice":"Entered Light","damage_taken":16,"max_hp_gain":0,"max_hp_loss":0,"event_name":"Shining Light","floor":8,"gold_loss":0,"cards_upgraded":["Seeing Red","Strike_R"]},{"damage_healed":0,"gold_gain":0,"player_choice":"Box","damage_taken":0,"relics_obtained":["MawBank"],"max_hp_gain":0,"max_hp_loss":0,"event_name":"Big Fish","floor":14,"gold_loss":0,"cards_obtained":["Regret"]}],"is_beta":false,"boss_relics":[],"items_purged_floors":[],"is_endless":false,"potions_floor_spawned":[1,3,6,10,12],"killed_by":"The Guardian","ascension_level":3}