{"gold_per_floor":[115,68,68,80,80,110,110,120,120,134,164,164,176,206,206,307,357,367,367,367,223,239,239,253,253,253,266,325,325,325,325],"floor_reached":31,"playtime":1659,"items_purged":["Strike_G"],"score":328,"play_id":"35699388-f15c-4f8d-acb7-2a68f503eaae","local_time":"20190711020850","is_ascension_mode":true,"campfire_choices":[{"data":"Bouncing Flask","floor":7,"key":"SMITH"},{"floor":12,"key":"REST"},{"floor":15,"key":"REST"},{"floor":23,"key":"REST"},{"floor":25,"key":"RECALL"},{"floor":29,"key":"REST"}],"neow_cost":"NONE","seed_source_timestamp":1966910846071895,"circlet_count":0,"master_deck":["Strike_G+1","Strike_G","Strike_G+1","Strike_G+1","Defend_G","Defend_G+1","Defend_G+1","Defend_G","Defend_G","Survivor","Neutralize","Backflip","Bouncing Flask+1","Backflip","Deadly Poison","Crippling Poison","Envenom","Noxious Fumes","Catalyst","Deadly Poison","Deadly Poison"],"relics":["Ring of the Snake","NeowsBlessing","Question Card","Meat on the Bone","Letter Opener","Tiny House","War Paint","Ninja Scroll","Tiny Chest","Enchiridion"],"potions_floor_usage":[13,14,22,28,31],"damage_taken":[{"damage":0,"enemies":"Small Slimes","floor":1,"turns":1},{"damage":0,"enemies":"Jaw Worm","floor":4,"turns":1},{"damage":0,"enemies":"3 Sentries","floor":6,"turns":1},{"damage":1,"enemies":"Cultist","floor":8,"turns":3},{"damage":1,"enemies":"Blue Slaver","floor":10,"turns":4},{"damage":17,"enemies":"Gremlin Nob","floor":11,"turns":4},{"damage":25,"enemies":"Lots of Slimes","floor":13,"turns":4},{"damage":39,"enemies":"3 Sentries","floor":14,"turns":7},{"damage":23,"enemies":"The Guardian","floor":16,"turns":9},{"damage":22,"enemies":"Spheric Guardian","floor":18,"turns":5},{"damage":0,"enemies":"Chosen","floor":22,"turns":4},{"damage":8,"enemies":"Snecko","floor":24,"turns":4},{"damage":16,"enemies":"Snake Plant","floor":27,"turns":3},{"damage":29,"enemies":"Book of Stabbing","floor":28,"turns":5},{"damage":44,"enemies":"3 Cultists","floor":31,"turns":5}],"seed_played":"8598084640617384084","potions_obtained":[{"floor":4,"key":"SteroidPotion"},{"floor":11,"key":"PowerPotion"},{"floor":13,"key":"Explosive Potion"},{"floor":17,"key":"Fire Potion"},{"floor":24,"key":"Fire Potion"},{"floor":28,"key":"EssenceOfSteel"}],"is_trial":false,"path_per_floor":["M","$","?","M","?","E","R","M","T","M","E","R","M","E","R","B",null,"M","?","?","$","M","R","M","R","T","M","E","R","?","M"],"character_chosen":"THE_SILENT","items_purchased":["Backflip","Catalyst"],"campfire_rested":4,"item_purchase_floors":[2,21],"current_hp_per_floor":[70,70,70,70,56,56,56,55,55,54,37,58,45,18,39,28,75,53,39,39,39,51,75,67,67,67,51,34,58,42,0],"gold":325,"neow_bonus":"THREE_ENEMY_KILL","is_prod":false,"is_daily":false,"chose_seed":false,"campfire_upgraded":1,"win_rate":0,"timestamp":1562828930,"path_taken":["M","$","?","M","?","E","R","?","T","M","E","R","M","E","R","BOSS","M","?","?","$","M","R","?","R","T","M","E","R","?","M"],"build_version":"2019-07-05","purchased_purges":1,"victory":false,"max_hp_per_floor":[70,70,70,70,70,70,70,70,70,70,70,70,70,70,70,70,75,75,80,80,80,80,80,80,80,80,80,80,80,80,80],"card_choices":[{"not_picked":["Dagger Spray","Sucker Punch","Skewer"],"picked":"SKIP","floor":1},{"not_picked":["Slice","Quick Slash","Outmaneuver"],"picked":"SKIP","floor":4},{"not_picked":["Acrobatics","Dodge and Roll"],"picked":"Bouncing Flask","floor":6},{"not_picked":["Expertise","Flying Knee","Heel Hook"],"picked":"Backflip","floor":8},{"not_picked":["Underhanded Strike","Blade Dance","PiercingWail"],"picked":"Deadly Poison","floor":10},{"not_picked":["Backflip","Bouncing Flask","Well Laid Plans"],"picked":"Crippling Poison","floor":11},{"not_picked":["Underhanded Strike","Calculated Gamble","Expertise"],"picked":"Envenom","floor":13},{"not_picked":["Caltrops","Dagger Spray","Skewer","Backflip"],"picked":"SKIP","floor":14},{"not_picked":["Flying Knee","Bouncing Flask","Deadly Poison"],"picked":"Noxious Fumes","floor":17},{"not_picked":["Sucker Punch+1","Dagger Spray+1","Calculated Gamble","Underhanded Strike"],"picked":"SKIP","floor":18},{"not_picked":["Quick Slash","Prepared","Deflect"],"picked":"Deadly Poison","floor":22},{"not_picked":["Poisoned Stab","Leg Sweep","Blade Dance+1"],"picked":"Deadly Poison","floor":24},{"not_picked":["Accuracy","Bane+1","Footwork","Blade Dance"],"picked":"SKIP","floor":27},{"not_picked":["Accuracy","Flechettes","Reflex","Flying Knee"],"picked":"SKIP","floor":28}],"player_experience":359093,"relics_obtained":[{"floor":6,"key":"Question Card"},{"floor":11,"key":"Meat on the Bone"},{"floor":14,"key":"Letter Opener"},{"floor":26,"key":"Ninja Scroll"},{"floor":28,"key":"Tiny Chest"},{"floor":30,"key":"Enchiridion"}],"event_choices":[{"damage_healed":0,"gold_gain":0,"player_choice":"Ignored","damage_taken":0,"max_hp_gain":0,"max_hp_loss":0,"event_name":"Golden Wing","floor":3,"gold_loss":0},{"damage_healed":0,"gold_gain":0,"player_choice":"Entered Light","damage_taken":14,"max_hp_gain":0,"max_hp_loss":0,"event_name":"Shining Light","floor":5,"gold_loss":0,"cards_upgraded":["Strike_G","Strike_G"]},{"damage_healed":0,"gold_gain":0,"player_choice":"Shed Blood","damage_taken":19,"max_hp_gain":5,"max_hp_loss":0,"event_name":"Forgotten Altar","floor":19,"gold_loss":0},{"damage_healed":0,"gold_gain":0,"player_choice":"Gave Potion","damage_taken":0,"relics_obtained":["War Paint"],"max_hp_gain":0,"max_hp_loss":0,"event_name":"WeMeetAgain","floor":20,"gold_loss":0},{"damage_healed":0,"gold_gain":0,"player_choice":"Obtained Book","damage_taken":16,"max_hp_gain":0,"max_hp_loss":0,"event_name":"Cursed Tome","floor":30,"gold_loss":0}],"is_beta":false,"boss_relics":[{"not_picked":["Pandora\u0027s Box","Black Star"],"picked":"Tiny House"}],"items_purged_floors":[21],"is_endless":false,"potions_floor_spawned":[4,11,13,24,28],"killed_by":"3 Cultists","ascension_level":2}