{"gold_per_floor":[110,110,9,84,109,109,140,101,128,128,147,187,187,216,216,216],"floor_reached":16,"playtime":638,"items_purged":["Injury"],"score":111,"play_id":"f1f1c59c-dbc6-4cf1-a502-be4d80deb340","local_time":"20190707235657","is_ascension_mode":true,"campfire_choices":[{"data":"Perfected Strike","floor":6,"key":"SMITH"},{"floor":10,"key":"REST"},{"floor":15,"key":"REST"}],"neow_cost":"NONE","seed_source_timestamp":222085997940145,"circlet_count":0,"master_deck":["Strike_R","Strike_R","Strike_R","Strike_R","Strike_R","Defend_R","Defend_R","Defend_R","Defend_R","Bash","Perfected Strike+1","Twin Strike","Shrug It Off","Whirlwind+1","Shrug It Off","Cleave+1"],"relics":["Burning Blood","Smiling Mask","Golden Idol","Molten Egg 2","Lantern","Blood Vial","Odd Mushroom"],"potions_floor_usage":[12,14],"damage_taken":[{"damage":9,"enemies":"2 Louse","floor":1,"turns":3},{"damage":3,"enemies":"Small Slimes","floor":5,"turns":3},{"damage":36,"enemies":"3 Sentries","floor":7,"turns":9},{"damage":11,"enemies":"Jaw Worm","floor":11,"turns":2},{"damage":28,"enemies":"Lagavulin","floor":12,"turns":6},{"damage":14,"enemies":"The Mushroom Lair","floor":14,"turns":3},{"damage":56,"enemies":"Hexaghost","floor":16,"turns":9}],"seed_played":"-3144871057164240953","potions_obtained":[{"floor":5,"key":"Block Potion"},{"floor":12,"key":"SteroidPotion"}],"is_trial":false,"path_per_floor":["M","?","$","?","M","R","E","$","T","R","M","E","$","?","R","B"],"character_chosen":"IRONCLAD","items_purchased":["Twin Strike","Whirlwind+1"],"campfire_rested":2,"item_purchase_floors":[3,8],"current_hp_per_floor":[77,77,77,66,69,69,39,39,39,63,58,36,36,30,54,0],"gold":216,"neow_bonus":"RANDOM_COMMON_RELIC","is_prod":false,"is_daily":false,"chose_seed":false,"campfire_upgraded":1,"win_rate":0,"timestamp":1562558217,"path_taken":["M","?","$","?","M","R","E","?","T","R","M","E","$","?","R","BOSS"],"build_version":"2019-07-05","purchased_purges":1,"victory":false,"max_hp_per_floor":[80,80,80,80,80,80,80,80,80,80,80,80,80,80,80,80],"card_choices":[{"not_picked":["Twin Strike","Hemokinesis"],"picked":"Perfected Strike","floor":1},{"not_picked":["Twin Strike","True Grit"],"picked":"Shrug It Off","floor":5},{"not_picked":["Rampage","Berserk","Clash"],"picked":"SKIP","floor":7},{"not_picked":["Clothesline+1","Sword Boomerang+1"],"picked":"Shrug It Off","floor":11},{"not_picked":["Infernal Blade","Sword Boomerang+1","Wild Strike+1"],"picked":"SKIP","floor":12},{"not_picked":["Seeing Red","Demon Form"],"picked":"Cleave+1","floor":14}],"player_experience":203015,"relics_obtained":[{"floor":7,"key":"Molten Egg 2"},{"floor":9,"key":"Lantern"},{"floor":12,"key":"Blood Vial"},{"floor":14,"key":"Odd Mushroom"}],"event_choices":[{"damage_healed":0,"gold_gain":0,"player_choice":"Take Wound","damage_taken":0,"relics_obtained":["Golden Idol"],"max_hp_gain":0,"max_hp_loss":0,"event_name":"Golden Idol","floor":2,"gold_loss":0,"cards_obtained":["Injury"]},{"damage_healed":0,"gold_gain":75,"player_choice":"Gather Gold","damage_taken":11,"max_hp_gain":0,"max_hp_loss":0,"event_name":"World of Goop","floor":4,"gold_loss":0},{"damage_healed":0,"gold_gain":0,"player_choice":"Fought Mushrooms","damage_taken":0,"max_hp_gain":0,"max_hp_loss":0,"event_name":"Mushrooms","floor":14,"gold_loss":0}],"is_beta":false,"boss_relics":[],"items_purged_floors":[3],"is_endless":false,"potions_floor_spawned":[5,12],"killed_by":"Hexaghost","ascension_level":1}