{"gold_per_floor":[118,118,118,134,62,97,97,131,131,131,141,201,231,248,248,351,351,368,384,395,3,21,48,66,100,180,180,208,222,222,256,256,361,361,375,375,388,199,199,229,240,268,268,283,298,152,152,185,185,185],"floor_reached":51,"playtime":3470,"items_purged":["Normality","Writhe"],"score":927,"play_id":"072ec020-e5a9-4817-8708-b60bf5476eb0","local_time":"20190712002449","is_ascension_mode":true,"campfire_choices":[{"data":"Defragment","floor":15,"key":"SMITH"},{"data":"Blizzard","floor":30,"key":"SMITH"},{"data":"Zap","floor":32,"key":"SMITH"},{"data":"Capacitor","floor":47,"key":"SMITH"},{"floor":49,"key":"REST"}],"neow_cost":"NONE","seed_source_timestamp":0,"circlet_count":0,"master_deck":["Strike_B","Strike_B","Strike_B","Defend_B","Defend_B+1","Defend_B","Defend_B+1","Zap+1","Dualcast","Defragment+1","Cold Snap","Cold Snap","Coolheaded","Defragment","Self Repair","Core Surge","Blizzard+1","Glacier","Electrodynamics","Skim+1","Capacitor+1","Amplify","Doubt","Doubt","Conserve Battery","Go for the Eyes","Capacitor+1","Storm+1","Shame","Parasite","Defragment+1","Recycle+1"],"special_seed":0,"relics":["Cracked Core","NeowsBlessing","The Courier","Blue Candle","Singing Bowl","Bottled Flame","Meat on the Bone","Cursed Key","Bronze Scales","Cables","Unceasing Top","Mercury Hourglass","Bottled Tornado","Enchiridion","Potion Belt","Frozen Egg 2","Calling Bell","Juzu Bracelet","Question Card","Girya","Centennial Puzzle","Orichalcum","Regal Pillow"],"potions_floor_usage":[8,8,16,22,23,23,31,31,35,44,50],"damage_taken":[{"damage":0,"enemies":"2 Louse","floor":1,"turns":1},{"damage":0,"enemies":"Jaw Worm","floor":4,"turns":1},{"damage":0,"enemies":"Lagavulin","floor":6,"turns":1},{"damage":21,"enemies":"Gremlin Nob","floor":8,"turns":8},{"damage":1,"enemies":"Small Slimes","floor":11,"turns":3},{"damage":2,"enemies":"Lagavulin Event","floor":12,"turns":8},{"damage":12,"enemies":"Lagavulin","floor":13,"turns":7},{"damage":0,"enemies":"Exordium Wildlife","floor":14,"turns":3},{"damage":17,"enemies":"The Guardian","floor":16,"turns":15},{"damage":0,"enemies":"Spheric Guardian","floor":18,"turns":4},{"damage":14,"enemies":"Chosen","floor":19,"turns":7},{"damage":11,"enemies":"Centurion and Healer","floor":20,"turns":11},{"damage":0,"enemies":"Snake Plant","floor":22,"turns":5},{"damage":1,"enemies":"Slavers","floor":23,"turns":7},{"damage":0,"enemies":"3 Cultists","floor":24,"turns":5},{"damage":14,"enemies":"Book of Stabbing","floor":25,"turns":6},{"damage":0,"enemies":"Gremlin Leader","floor":28,"turns":6},{"damage":0,"enemies":"Sentry and Sphere","floor":29,"turns":3},{"damage":1,"enemies":"Slavers","floor":31,"turns":2},{"damage":18,"enemies":"Automaton","floor":33,"turns":10},{"damage":0,"enemies":"Orb Walker","floor":35,"turns":4},{"damage":4,"enemies":"3 Shapes","floor":37,"turns":4},{"damage":36,"enemies":"Nemesis","floor":40,"turns":9},{"damage":5,"enemies":"Spire Growth","floor":41,"turns":4},{"damage":30,"enemies":"Giant Head","floor":42,"turns":6},{"damage":0,"enemies":"Writhing Mass","floor":44,"turns":4},{"damage":22,"enemies":"Sphere and 2 Shapes","floor":45,"turns":4},{"damage":12,"enemies":"Reptomancer","floor":48,"turns":4},{"damage":27,"enemies":"Donu and Deca","floor":50,"turns":5}],"seed_played":"-6397541560869096719","potions_obtained":[{"floor":1,"key":"Weak Potion"},{"floor":6,"key":"Weak Potion"},{"floor":8,"key":"Swift Potion"},{"floor":13,"key":"Ancient Potion"},{"floor":16,"key":"Fire Potion"},{"floor":20,"key":"Energy Potion"},{"floor":22,"key":"Weak Potion"},{"floor":23,"key":"LiquidBronze"},{"floor":25,"key":"Energy Potion"},{"floor":28,"key":"GamblersBrew"},{"floor":35,"key":"Energy Potion"},{"floor":37,"key":"FocusPotion"},{"floor":42,"key":"SkillPotion"},{"floor":44,"key":"FocusPotion"},{"floor":48,"key":"GamblersBrew"}],"is_trial":false,"path_per_floor":["M","?","?","M","$","E","$","E","T","$","M","?","E","M","R","B",null,"M","M","M","$","M","E","M","E","T","?","E","M","R","E","R","B",null,"M","?","M","$","?","E","M","E","T","M","M","$","R","E","R","B",null],"character_chosen":"DEFECT","items_purchased":["Defragment","Bronze Scales","Cables","Glacier","Capacitor+1","Storm+1","Defragment+1"],"campfire_rested":1,"item_purchase_floors":[5,21,21,21,38,38,46],"current_hp_per_floor":[75,68,53,53,53,53,53,32,32,32,31,31,19,31,31,33,77,79,72,70,70,79,85,85,80,80,64,71,71,71,79,79,68,89,89,89,89,89,91,57,61,59,59,68,67,67,67,62,101,81],"gold":185,"neow_bonus":"THREE_ENEMY_KILL","is_prod":false,"is_daily":false,"chose_seed":false,"campfire_upgraded":4,"win_rate":0,"timestamp":1562905489,"path_taken":["M","?","?","M","$","E","$","E","T","?","M","?","E","?","R","BOSS","M","M","M","$","?","E","M","E","T","?","E","M","R","E","R","BOSS","M","?","M","?","?","E","M","E","T","M","M","$","R","E","R","BOSS"],"build_version":"2019-07-05","purchased_purges":2,"victory":true,"max_hp_per_floor":[75,75,75,75,75,75,75,75,75,75,75,77,77,77,77,77,77,79,79,81,81,83,85,85,87,87,87,87,87,87,89,89,89,89,89,89,89,89,91,93,95,97,97,99,101,101,101,101,101,101],"card_choices":[{"not_picked":["Storm","Redo","Streamline"],"picked":"SKIP","floor":1},{"not_picked":["Streamline","Stack","White Noise"],"picked":"SKIP","floor":4},{"not_picked":["Heatsinks","Hyperbeam"],"picked":"Cold Snap","floor":6},{"not_picked":["Heatsinks","Stack"],"picked":"Cold Snap","floor":8},{"not_picked":["Ball Lightning","Rebound"],"picked":"Coolheaded","floor":11},{"not_picked":["Streamline","Ball Lightning","Hello World"],"picked":"Singing Bowl","floor":12},{"not_picked":["Genetic Algorithm","Steam"],"picked":"Defragment","floor":13},{"not_picked":["Beam Cell","Stack"],"picked":"Self Repair","floor":14},{"not_picked":["Thunder Strike","Multi-Cast"],"picked":"Core Surge","floor":16},{"not_picked":["Cold Snap","Reprogram","Stack"],"picked":"Singing Bowl","floor":18},{"not_picked":["Redo","Melter+1"],"picked":"Blizzard","floor":19},{"not_picked":["Sweeping Beam+1","Barrage","Gash"],"picked":"Singing Bowl","floor":20},{"not_picked":["Force Field+1","Rebound+1","Cold Snap"],"picked":"Singing Bowl","floor":22},{"not_picked":["FTL","White Noise","Compile Driver"],"picked":"Singing Bowl","floor":23},{"not_picked":["Beam Cell","Sweeping Beam"],"picked":"Electrodynamics","floor":24},{"not_picked":["Stack+1","Turbo+1","Gash"],"picked":"Singing Bowl","floor":25},{"not_picked":["Heatsinks+1","Sweeping Beam"],"picked":"Skim+1","floor":28},{"not_picked":["Barrage","Melter"],"picked":"Capacitor","floor":29},{"not_picked":["Fusion+1","Aggregate+1","Skim"],"picked":"Singing Bowl","floor":31},{"not_picked":["Fission","Seek"],"picked":"Amplify","floor":33},{"not_picked":["Coolheaded","Sweeping Beam","Beam Cell+1"],"picked":"Conserve Battery","floor":35},{"not_picked":["Tempest","Redo+1","Turbo"],"picked":"Go for the Eyes","floor":37},{"not_picked":["Good Instincts","Bandage Up","Discovery","Impatience"],"picked":"Singing Bowl","floor":39},{"not_picked":["Capacitor+1","Aggregate+1","Multi-Cast","Genetic Algorithm+1"],"picked":"Singing Bowl","floor":40},{"not_picked":["White Noise","Sweeping Beam","Leap","Ball Lightning"],"picked":"Singing Bowl","floor":41},{"not_picked":["Gash","Seek","Capacitor+1","Streamline"],"picked":"Singing Bowl","floor":42},{"not_picked":["BootSequence+1","Double Energy+1","Gash+1","Ball Lightning+1"],"picked":"Singing Bowl","floor":44},{"not_picked":["FTL","Hello World+1","Cold Snap","Chaos"],"picked":"Singing Bowl","floor":45},{"not_picked":["Sunder+1","Go for the Eyes","Steam+1"],"picked":"Recycle+1","floor":48}],"player_experience":297863,"relics_obtained":[{"floor":6,"key":"The Courier"},{"floor":8,"key":"Blue Candle"},{"floor":9,"key":"Singing Bowl"},{"floor":12,"key":"Bottled Flame"},{"floor":13,"key":"Meat on the Bone"},{"floor":23,"key":"Unceasing Top"},{"floor":25,"key":"Mercury Hourglass"},{"floor":26,"key":"Bottled Tornado"},{"floor":27,"key":"Enchiridion"},{"floor":28,"key":"Potion Belt"},{"floor":31,"key":"Frozen Egg 2"},{"floor":34,"key":"Juzu Bracelet"},{"floor":34,"key":"Question Card"},{"floor":34,"key":"Girya"},{"floor":40,"key":"Centennial Puzzle"},{"floor":42,"key":"Orichalcum"},{"floor":48,"key":"Regal Pillow"}],"event_choices":[{"cards_removed":["Strike_B"],"damage_healed":0,"gold_gain":0,"player_choice":"Card Removal","damage_taken":7,"max_hp_gain":0,"max_hp_loss":0,"event_name":"Golden Wing","floor":2,"gold_loss":0},{"damage_healed":0,"gold_gain":0,"player_choice":"Entered Light","damage_taken":15,"max_hp_gain":0,"max_hp_loss":0,"event_name":"Shining Light","floor":3,"gold_loss":0,"cards_upgraded":["Defend_B","Defend_B"]},{"damage_healed":0,"gold_gain":0,"player_choice":"Searched \u00272\u0027 times","damage_taken":0,"max_hp_gain":0,"max_hp_loss":0,"event_name":"Dead Adventurer","floor":12,"gold_loss":0},{"damage_healed":0,"gold_gain":0,"player_choice":"Obtained Book","damage_taken":16,"max_hp_gain":0,"max_hp_loss":0,"event_name":"Cursed Tome","floor":27,"gold_loss":0},{"damage_healed":0,"gold_gain":0,"player_choice":"Ignored","damage_taken":0,"max_hp_gain":0,"max_hp_loss":0,"event_name":"Tomb of Lord Red Mask","floor":36,"gold_loss":0},{"damage_healed":0,"gold_gain":0,"player_choice":"Memory 1","damage_taken":0,"max_hp_gain":0,"max_hp_loss":0,"event_name":"SensoryStone","floor":39,"gold_loss":0}],"is_beta":false,"boss_relics":[{"not_picked":["Astrolabe","Ectoplasm"],"picked":"Cursed Key"},{"not_picked":["Tiny House","Runic Dome"],"picked":"Calling Bell"}],"items_purged_floors":[38,46],"is_endless":false,"potions_floor_spawned":[1,6,8,13,16,20,22,23,25,28,35,37,42,44,48],"ascension_level":1}