{"gold_per_floor":[109,129,44,44,57,57,89,116,116,116,116,140,171,195,207,219],"floor_reached":16,"playtime":1003,"items_purged":[],"score":163,"play_id":"d02f6dfd-7b1d-4800-b871-c897b1a52658","local_time":"20181222215428","is_ascension_mode":true,"campfire_choices":[{"data":"Flex","floor":6,"key":"SMITH"},{"floor":15,"key":"REST"}],"neow_cost":"NONE","seed_source_timestamp":3486547429352000,"circlet_count":0,"master_deck":["AscendersBane","Strike_R+1","Strike_R","Strike_R","Strike_R","Defend_R","Defend_R","Defend_R","Defend_R","Bash+1","Flex+1","Shrug It Off","Dramatic Entrance","Burning Pact","Flame Barrier","Feed","Heavy Blade","Flame Barrier"],"relics":["Burning Blood","NeowsBlessing","Juzu Bracelet","Whetstone","Kunai","MawBank"],"potions_floor_usage":[7,7,7,13],"damage_taken":[{"damage":0,"enemies":"Jaw Worm","floor":1,"turns":1},{"damage":0,"enemies":"Cultist","floor":2,"turns":1},{"damage":0,"enemies":"Small Slimes","floor":5,"turns":1},{"damage":63,"enemies":"Lagavulin","floor":7,"turns":11},{"damage":6,"enemies":"Red Slaver","floor":12,"turns":4},{"damage":18,"enemies":"Exordium Thugs","floor":13,"turns":8},{"damage":10,"enemies":"2 Fungi Beasts","floor":14,"turns":4},{"damage":33,"enemies":"Slime Boss","floor":16,"turns":9}],"seed_played":"9206582380653927127","potions_obtained":[{"floor":2,"key":"EssenceOfSteel"},{"floor":5,"key":"EntropicBrew"},{"floor":10,"key":"Ancient Potion"},{"floor":10,"key":"Block Potion"}],"is_trial":false,"path_per_floor":["M","M","$","?","M","R","E","T","T","?","?","M","M","M","R","B"],"character_chosen":"IRONCLAD","items_purchased":["Dramatic Entrance"],"campfire_rested":1,"item_purchase_floors":[3],"current_hp_per_floor":[78,80,80,80,80,80,23,23,23,23,23,23,11,10,34,1],"gold":219,"neow_bonus":"THREE_ENEMY_KILL","is_prod":false,"is_daily":false,"chose_seed":false,"campfire_upgraded":1,"win_rate":0,"timestamp":1545544468,"path_taken":["M","M","$","?","?","R","E","?","T","?","?","M","M","M","R","BOSS"],"build_version":"2018-12-20","purchased_purges":0,"victory":false,"max_hp_per_floor":[80,80,80,80,80,80,80,80,80,80,80,80,80,83,83,83],"card_choices":[{"not_picked":["Twin Strike","Infernal Blade"],"picked":"Flex","floor":1},{"not_picked":["Perfected Strike","Twin Strike"],"picked":"Shrug It Off","floor":2},{"not_picked":["Sword Boomerang","Pommel Strike"],"picked":"Burning Pact","floor":5},{"not_picked":["Thunderclap","Clothesline"],"picked":"Flame Barrier","floor":7},{"not_picked":["Pommel Strike","Entrench"],"picked":"Feed","floor":12},{"not_picked":["Thunderclap","Wild Strike"],"picked":"Heavy Blade","floor":13},{"not_picked":["Perfected Strike","Disarm"],"picked":"Flame Barrier","floor":14}],"player_experience":499830,"relics_obtained":[{"floor":7,"key":"Juzu Bracelet"},{"floor":8,"key":"Whetstone"},{"floor":9,"key":"Kunai"}],"event_choices":[{"cards_removed":["Strike_R"],"damage_healed":0,"gold_gain":0,"player_choice":"Purged","damage_taken":0,"max_hp_gain":0,"max_hp_loss":0,"event_name":"Purifier","floor":4,"gold_loss":0},{"damage_healed":0,"gold_gain":0,"player_choice":"Got Potions","damage_taken":0,"max_hp_gain":0,"max_hp_loss":0,"event_name":"Lab","floor":10,"gold_loss":0},{"damage_healed":0,"gold_gain":0,"player_choice":"Gave Potion","damage_taken":0,"relics_obtained":["MawBank"],"max_hp_gain":0,"max_hp_loss":0,"event_name":"WeMeetAgain","floor":11,"gold_loss":0}],"is_beta":false,"boss_relics":[],"items_purged_floors":[],"is_endless":false,"potions_floor_spawned":[2,5],"killed_by":"Slime Boss","ascension_level":12}