{"gold_per_floor":[114,132,132,63,82,82,82,113,166,116,116,149,149,149,149,268,268,289,388,52,68,68,108,155,155,225,239,239,239,166,184,184,314,314,327,660,760,565,581,581,615,615,662,696,709,709,740,751,751,751],"floor_reached":51,"playtime":3473,"items_purged":["Strike_G","Defend_G"],"score":888,"play_id":"a780d97d-5bc1-4e31-96a0-2dc3f74f17f1","local_time":"20190705203354","is_ascension_mode":true,"campfire_choices":[{"data":"Blur","floor":6,"key":"SMITH"},{"floor":13,"key":"REST"},{"data":"Distraction","floor":15,"key":"SMITH"},{"data":"Footwork","floor":25,"key":"SMITH"},{"data":"Footwork","floor":29,"key":"SMITH"},{"data":"Skewer","floor":32,"key":"SMITH"},{"data":"Night Terror","floor":40,"key":"SMITH"},{"data":"Adrenaline","floor":42,"key":"SMITH"},{"floor":49,"key":"REST"}],"neow_cost":"NONE","seed_source_timestamp":1448753854526650,"circlet_count":0,"master_deck":["Strike_G","Strike_G+1","Strike_G+1","Defend_G","Defend_G+1","Defend_G","Survivor","Neutralize+1","Distraction+1","Blur+1","Well Laid Plans","Terror","Skewer+1","Cloak And Dagger","Injury","Adrenaline+1","Dodge and Roll","Footwork+1","Acrobatics","Footwork+1","Leg Sweep+1","Dagger Throw+1","Dagger Throw+1","Night Terror+1","Parasite","Pain","Shame","All Out Attack+1","Blur+1","Predator+1","Blur","Backflip+1","Distraction+1","Leg Sweep+1","Phantasmal Killer","Corpse Explosion","Footwork+1"],"relics":["Ring of the Snake","NeowsBlessing","Pen Nib","Juzu Bracelet","Question Card","Letter Opener","Velvet Choker","Molten Egg 2","Shovel","Smiling Mask","Paper Crane","Calling Bell","Omamori","Frozen Egg 2","Mango","Incense Burner","Pantograph","Vajra","Bronze Scales","Gambling Chip","Whetstone"],"potions_floor_usage":[23,27,27,48],"damage_taken":[{"damage":0,"enemies":"Jaw Worm","floor":1,"turns":1},{"damage":0,"enemies":"2 Louse","floor":2,"turns":1},{"damage":0,"enemies":"Cultist","floor":5,"turns":1},{"damage":31,"enemies":"Lagavulin","floor":8,"turns":9},{"damage":20,"enemies":"3 Sentries","floor":12,"turns":13},{"damage":22,"enemies":"The Guardian","floor":16,"turns":14},{"damage":0,"enemies":"Chosen","floor":18,"turns":3},{"damage":3,"enemies":"Shell Parasite","floor":21,"turns":5},{"damage":44,"enemies":"Book of Stabbing","floor":23,"turns":9},{"damage":3,"enemies":"Centurion and Healer","floor":27,"turns":12},{"damage":3,"enemies":"Cultist and Chosen","floor":31,"turns":10},{"damage":18,"enemies":"Champ","floor":33,"turns":20},{"damage":5,"enemies":"Orb Walker","floor":35,"turns":5},{"damage":12,"enemies":"Mind Bloom Boss Battle","floor":37,"turns":6},{"damage":9,"enemies":"3 Shapes","floor":39,"turns":6},{"damage":6,"enemies":"Nemesis","floor":41,"turns":11},{"damage":27,"enemies":"Giant Head","floor":44,"turns":10},{"damage":3,"enemies":"Spire Growth","floor":45,"turns":7},{"damage":9,"enemies":"Reptomancer","floor":47,"turns":5},{"damage":6,"enemies":"Jaw Worm Horde","floor":48,"turns":4},{"damage":17,"enemies":"Time Eater","floor":50,"turns":20}],"seed_played":"1963363775155632504","potions_obtained":[{"floor":1,"key":"SteroidPotion"},{"floor":8,"key":"SpeedPotion"},{"floor":12,"key":"Energy Potion"},{"floor":21,"key":"GhostInAJar"},{"floor":31,"key":"FairyPotion"},{"floor":35,"key":"Strength Potion"},{"floor":37,"key":"Ancient Potion"},{"floor":41,"key":"Energy Potion"},{"floor":48,"key":"Dexterity Potion"}],"is_trial":false,"path_per_floor":["M","M","?","$","M","R","?","E","T","?","T","E","R","?","R","B",null,"M","?","$","M","?","E","T","R","T","M","?","R","$","M","R","B",null,"M","?","?","$","M","R","E","R","T","E","M","T","E","M","R","B",null],"character_chosen":"THE_SILENT","items_purchased":["Well Laid Plans","Footwork","Molten Egg 2","Dagger Throw+1","Predator+1","Blur"],"campfire_rested":2,"item_purchase_floors":[4,20,20,30,38,38],"current_hp_per_floor":[70,70,70,70,70,70,56,25,25,25,25,5,26,26,26,4,70,70,70,70,67,67,23,23,23,23,20,20,20,20,17,17,7,84,79,79,67,67,58,58,52,52,52,25,22,22,13,7,32,40],"gold":751,"neow_bonus":"THREE_ENEMY_KILL","is_prod":false,"is_daily":false,"chose_seed":false,"campfire_upgraded":7,"win_rate":0,"timestamp":1562384034,"path_taken":["M","M","?","$","M","R","?","E","T","?","?","E","R","?","R","BOSS","M","?","$","M","?","E","?","R","T","M","?","R","$","M","R","BOSS","M","?","?","?","M","R","E","R","T","E","M","?","E","M","R","BOSS"],"build_version":"2019-07-01","purchased_purges":2,"victory":true,"max_hp_per_floor":[70,70,70,70,70,70,70,70,70,70,70,70,70,70,70,70,70,70,70,70,70,70,70,70,70,70,70,70,70,70,70,70,70,84,84,84,84,84,84,84,84,84,84,84,84,84,84,84,84,84],"card_choices":[{"not_picked":["Heel Hook","Flying Knee"],"picked":"Distraction","floor":1},{"not_picked":["Dodge and Roll","Slice"],"picked":"Blur","floor":2},{"not_picked":["Blade Dance","Quick Slash"],"picked":"Terror","floor":5},{"not_picked":["Bane","Slice"],"picked":"Skewer","floor":8},{"not_picked":["Finisher","Reflex","Setup"],"picked":"Cloak And Dagger","floor":12},{"not_picked":["Phantasmal Killer","Bullet Time","Glass Knife"],"picked":"Adrenaline","floor":16},{"not_picked":["Quick Slash+1","Poisoned Stab","Blade Dance"],"picked":"Dodge and Roll","floor":18},{"not_picked":["Blade Dance","Sucker Punch+1","Poisoned Stab+1"],"picked":"Acrobatics","floor":21},{"not_picked":["Caltrops","Terror+1","Well Laid Plans"],"picked":"Footwork","floor":23},{"not_picked":["Escape Plan+1","Endless Agony+1","Venomology"],"picked":"Leg Sweep+1","floor":27},{"not_picked":["Deflect+1","Prepared","Slice+1"],"picked":"Dagger Throw+1","floor":31},{"not_picked":["Doppelganger","Unload+1","Glass Knife+1"],"picked":"Night Terror","floor":33},{"not_picked":["Deflect+1","Dodge and Roll","Unload+1"],"picked":"All Out Attack+1","floor":35},{"not_picked":["Dagger Spray+1","Poisoned Stab+1","Outmaneuver"],"picked":"Blur+1","floor":37},{"not_picked":["Poisoned Stab+1","Accuracy+1","Dagger Spray+1"],"picked":"Backflip+1","floor":39},{"not_picked":["Riddle With Holes+1","Flying Knee+1","Endless Agony+1"],"picked":"Distraction+1","floor":41},{"not_picked":["Masterful Stab+1","Blade Dance+1","Setup+1"],"picked":"Leg Sweep+1","floor":44},{"not_picked":["Reflex","Tactician+1","Acrobatics"],"picked":"Phantasmal Killer","floor":45},{"not_picked":["Poisoned Stab+1","Outmaneuver+1","Prepared+1"],"picked":"Corpse Explosion","floor":47},{"not_picked":["Accuracy+1","Deadly Poison+1","Dagger Spray+1"],"picked":"Footwork+1","floor":48}],"player_experience":251092,"relics_obtained":[{"floor":8,"key":"Pen Nib"},{"floor":9,"key":"Juzu Bracelet"},{"floor":11,"key":"Question Card"},{"floor":12,"key":"Letter Opener"},{"floor":23,"key":"Shovel"},{"floor":24,"key":"Smiling Mask"},{"floor":26,"key":"Paper Crane"},{"floor":34,"key":"Omamori"},{"floor":34,"key":"Frozen Egg 2"},{"floor":34,"key":"Mango"},{"floor":37,"key":"Incense Burner"},{"floor":41,"key":"Pantograph"},{"floor":43,"key":"Vajra"},{"floor":44,"key":"Bronze Scales"},{"floor":46,"key":"Gambling Chip"},{"floor":47,"key":"Whetstone"}],"event_choices":[{"cards_removed":["Strike_G"],"damage_healed":0,"gold_gain":0,"player_choice":"Forget","damage_taken":0,"max_hp_gain":0,"max_hp_loss":0,"event_name":"Living Wall","floor":3,"gold_loss":0},{"damage_healed":0,"gold_gain":0,"player_choice":"Entered Light","damage_taken":14,"max_hp_gain":0,"max_hp_loss":0,"event_name":"Shining Light","floor":7,"gold_loss":0,"cards_upgraded":["Defend_G","Strike_G"]},{"cards_removed":["Defend_G"],"damage_healed":0,"gold_gain":0,"player_choice":"Card Removal","damage_taken":0,"max_hp_gain":0,"max_hp_loss":0,"event_name":"The Cleric","floor":10,"gold_loss":50},{"damage_healed":0,"gold_gain":0,"player_choice":"Take Wound","damage_taken":0,"relics_obtained":["Golden Idol"],"max_hp_gain":0,"max_hp_loss":0,"event_name":"Golden Idol","floor":14,"gold_loss":0,"cards_obtained":["Injury"]},{"damage_healed":0,"gold_gain":99,"player_choice":"Stole From Cult","damage_taken":0,"max_hp_gain":0,"max_hp_loss":0,"event_name":"Nest","floor":19,"gold_loss":0},{"damage_healed":0,"gold_gain":0,"player_choice":"Ignored","damage_taken":0,"max_hp_gain":0,"max_hp_loss":0,"event_name":"Vampires","floor":22,"gold_loss":0},{"damage_healed":0,"gold_gain":0,"player_choice":"Ignored","damage_taken":0,"max_hp_gain":0,"max_hp_loss":0,"event_name":"Ghosts","floor":28,"gold_loss":0},{"damage_healed":0,"gold_gain":333,"player_choice":"Gave Idol","damage_taken":0,"max_hp_gain":0,"max_hp_loss":0,"event_name":"The Moai Head","floor":36,"relics_lost":["Golden Idol"],"gold_loss":0},{"damage_healed":0,"gold_gain":0,"player_choice":"Fight","damage_taken":0,"max_hp_gain":0,"max_hp_loss":0,"event_name":"MindBloom","floor":37,"gold_loss":0}],"is_beta":false,"boss_relics":[{"not_picked":["Ectoplasm","Runic Dome"],"picked":"Velvet Choker"},{"not_picked":["Runic Pyramid","Sozu"],"picked":"Calling Bell"}],"items_purged_floors":[30,38],"is_endless":false,"potions_floor_spawned":[1,8,12,21,31,35,37,41,47,48],"ascension_level":3}