{"gold_per_floor":[114,289,289,302,302,334,334,359,405,430,449,464,464,494,494,494],"floor_reached":16,"playtime":954,"items_purged":[],"score":229,"play_id":"4045eb5e-2159-4cdf-a7e7-3c0960ecfab9","local_time":"20181222213713","is_ascension_mode":true,"campfire_choices":[{"data":"Cleave","floor":7,"key":"SMITH"},{"floor":13,"key":"REST"},{"data":"Bash","floor":15,"key":"SMITH"}],"neow_cost":"NONE","seed_source_timestamp":3485560589716889,"circlet_count":0,"master_deck":["AscendersBane","Strike_R","Strike_R","Strike_R","Strike_R","Strike_R","Defend_R","Defend_R","Defend_R","Defend_R","Bash+1","Cleave+1","Shrug It Off","Pummel","Spot Weakness","Double Tap"],"relics":["Burning Blood","NeowsBlessing","Nunchaku","Bag of Preparation","Dodecahedron","Lantern","Centennial Puzzle"],"potions_floor_usage":[12,16],"damage_taken":[{"damage":0,"enemies":"Small Slimes","floor":1,"turns":1},{"damage":0,"enemies":"Jaw Worm","floor":4,"turns":1},{"damage":0,"enemies":"3 Sentries","floor":6,"turns":1},{"damage":54,"enemies":"Lagavulin","floor":8,"turns":7},{"damage":9,"enemies":"3 Sentries","floor":10,"turns":7},{"damage":0,"enemies":"2 Louse","floor":11,"turns":2},{"damage":19,"enemies":"Large Slime","floor":12,"turns":6},{"damage":55,"enemies":"Slime Boss","floor":16,"turns":8}],"seed_played":"2659616997652838404","potions_obtained":[{"floor":4,"key":"Ancient Potion"},{"floor":10,"key":"GamblersBrew"}],"is_trial":false,"path_per_floor":["M","?","?","M","T","E","R","E","T","E","M","M","R","?","R","B"],"character_chosen":"IRONCLAD","items_purchased":[],"campfire_rested":1,"item_purchase_floors":[],"current_hp_per_floor":[78,78,78,80,80,80,80,32,32,29,35,22,46,46,46,0],"gold":494,"neow_bonus":"THREE_ENEMY_KILL","is_prod":false,"is_daily":false,"chose_seed":false,"campfire_upgraded":2,"win_rate":0,"timestamp":1545543433,"path_taken":["M","?","?","M","?","E","R","E","T","E","M","M","R","?","R","BOSS"],"build_version":"2018-12-20","purchased_purges":0,"victory":false,"max_hp_per_floor":[80,80,80,80,80,80,80,80,80,80,80,80,80,80,80,80],"card_choices":[{"not_picked":["Body Slam","Headbutt"],"picked":"Cleave","floor":1},{"not_picked":["Armaments","Barricade"],"picked":"Shrug It Off","floor":4},{"not_picked":["Anger","Intimidate"],"picked":"Pummel","floor":6},{"not_picked":["Thunderclap","Havoc"],"picked":"Spot Weakness","floor":8},{"not_picked":["Shockwave","Bloodletting"],"picked":"Double Tap","floor":10},{"not_picked":["Body Slam","Perfected Strike","Sentinel"],"picked":"SKIP","floor":11},{"not_picked":["Hemokinesis","Thunderclap","Clothesline"],"picked":"SKIP","floor":12}],"player_experience":498868,"relics_obtained":[{"floor":5,"key":"Nunchaku"},{"floor":6,"key":"Bag of Preparation"},{"floor":8,"key":"Dodecahedron"},{"floor":9,"key":"Lantern"},{"floor":10,"key":"Centennial Puzzle"}],"event_choices":[{"damage_healed":0,"gold_gain":175,"player_choice":"AGREE","damage_taken":0,"max_hp_gain":0,"max_hp_loss":0,"event_name":"Liars Game","floor":2,"gold_loss":0,"cards_obtained":["Doubt"]},{"cards_removed":["Doubt"],"damage_healed":0,"gold_gain":0,"player_choice":"Forget","damage_taken":0,"max_hp_gain":0,"max_hp_loss":0,"event_name":"Living Wall","floor":3,"gold_loss":0},{"damage_healed":0,"gold_gain":30,"player_choice":"Searched \u00271\u0027 times","damage_taken":0,"max_hp_gain":0,"max_hp_loss":0,"event_name":"Dead Adventurer","floor":14,"gold_loss":0}],"is_beta":false,"boss_relics":[],"items_purged_floors":[],"is_endless":false,"potions_floor_spawned":[4,10],"killed_by":"Slime Boss","ascension_level":12}