{"gold_per_floor":[111,44,44,54,74,107,107,107,161,196,210,220,220,34,34,136,136,156,156,166,183,183,183,194,225,225,225,225,165,175,175],"floor_reached":31,"playtime":1907,"items_purged":["Strike_R"],"score":305,"play_id":"9a02f87b-3898-4d52-a4da-aaa618700f38","local_time":"20190707213326","is_ascension_mode":true,"campfire_choices":[{"data":"Demon Form","floor":7.0,"key":"SMITH"},{"floor":13,"key":"REST"},{"data":"Entrench","floor":15,"key":"SMITH"},{"data":"Barricade","floor":23,"key":"SMITH"}],"neow_cost":"PERCENT_DAMAGE","seed_source_timestamp":0,"circlet_count":0,"master_deck":["Strike_R","Strike_R","Strike_R","Defend_R","Defend_R","Defend_R","Defend_R","Bash","Demon Form+1","Shrug It Off","Disarm","Cleave","Whirlwind","Heavy Blade","Barricade+1","Madness","Thunderclap","Entrench+1","Impervious","Flame Barrier","True Grit+1","Shrug It Off","Iron Wave"],"special_seed":0,"relics":["Burning Blood","Strawberry","Tiny Chest","The Courier","Mark of Pain","Bronze Scales","Omamori","Turnip"],"potions_floor_usage":[11,11,11,12,30,31,31,31],"damage_taken":[{"damage":5.0,"enemies":"2 Louse","floor":1.0,"turns":3.0},{"damage":10.0,"enemies":"Cultist","floor":4.0,"turns":4.0},{"damage":3.0,"enemies":"Small Slimes","floor":5.0,"turns":3.0},{"damage":36.0,"enemies":"Gremlin Nob","floor":6.0,"turns":5.0},{"damage":32,"enemies":"Lagavulin","floor":10,"turns":7},{"damage":5,"enemies":"Gremlin Gang","floor":11,"turns":7},{"damage":5,"enemies":"Looter","floor":12,"turns":5},{"damage":6,"enemies":"Hexaghost","floor":16,"turns":7},{"damage":10,"enemies":"3 Byrds","floor":18,"turns":6},{"damage":14,"enemies":"Shell Parasite","floor":20,"turns":6},{"damage":20,"enemies":"Centurion and Healer","floor":21,"turns":8},{"damage":8,"enemies":"Snake Plant","floor":24,"turns":6},{"damage":0,"enemies":"Book of Stabbing","floor":25,"turns":10},{"damage":16,"enemies":"Sentry and Sphere","floor":30,"turns":5},{"damage":111,"enemies":"Slavers","floor":31,"turns":4}],"seed_played":"8228331101789671635","potions_obtained":[{"floor":4.0,"key":"Ancient Potion"},{"floor":5.0,"key":"Swift Potion"},{"floor":10,"key":"Dexterity Potion"},{"floor":11,"key":"SpeedPotion"},{"floor":18,"key":"Fire Potion"},{"floor":30,"key":"Swift Potion"}],"is_trial":false,"path_per_floor":["M","$","?","M","M","E","R","?","T","E","M","M","R","$","R","B",null,"M","?","M","M","?","R","M","E","T","?","?","$","M","E"],"character_chosen":"IRONCLAD","items_purchased":["Disarm","BloodPotion","Entrench","Regen Potion"],"campfire_rested":1,"item_purchase_floors":[2,14,14,29],"current_hp_per_floor":[57,57,57,53,56,33,33,33,33,7,8,9,35,35,35,35,87,83,83,75,61,61,61,59,65,65,65,65,65,55,0],"gold":175,"neow_bonus":"THREE_RARE_CARDS","is_prod":false,"is_daily":false,"chose_seed":false,"campfire_upgraded":3,"win_rate":0,"timestamp":1562549606,"path_taken":["M","$","?","M","?","E","R","?","T","E","?","M","R","$","R","BOSS","M","?","M","M","?","R","?","E","T","?","?","?","M","E"],"build_version":"2019-07-05","purchased_purges":1,"victory":false,"max_hp_per_floor":[80,80,80,80,80,87,87,87,87,87,87,87,87,87,87,87,87,87,87,87,87,87,87,87,87,87,87,87,87,87,87],"card_choices":[{"not_picked":["Reaper","Impervious"],"picked":"Demon Form","floor":0.0},{"not_picked":["Thunderclap","Infernal Blade"],"picked":"Shrug It Off","floor":1.0},{"not_picked":["Fire Breathing","Flex"],"picked":"Cleave","floor":4.0},{"not_picked":["Pummel","Uppercut"],"picked":"Whirlwind","floor":5.0},{"not_picked":["Sever Soul","Perfected Strike"],"picked":"Heavy Blade","floor":6.0},{"not_picked":["Twin Strike","Anger","Inflame"],"picked":"SKIP","floor":10},{"not_picked":["Cleave","Warcry","Twin Strike"],"picked":"SKIP","floor":11},{"not_picked":["Havoc","Berserk"],"picked":"Thunderclap","floor":12},{"not_picked":["Reaper","Offering"],"picked":"Impervious","floor":16},{"not_picked":["Thunderclap","Perfected Strike"],"picked":"Flame Barrier","floor":18},{"not_picked":["Body Slam","Infernal Blade"],"picked":"True Grit+1","floor":20},{"not_picked":["Metallicize","Twin Strike","Pommel Strike"],"picked":"SKIP","floor":21},{"not_picked":["Havoc+1","Sentinel","Rage+1"],"picked":"SKIP","floor":24},{"not_picked":["Demon Form","Perfected Strike"],"picked":"Iron Wave","floor":25},{"not_picked":["Clash","Pummel","True Grit"],"picked":"SKIP","floor":30},{"not_picked":["Clash","Pummel","True Grit"],"picked":"SKIP","floor":30}],"player_experience":199602,"relics_obtained":[{"floor":6.0,"key":"Strawberry"},{"floor":9.0,"key":"Tiny Chest"},{"floor":10,"key":"The Courier"},{"floor":25,"key":"Bronze Scales"},{"floor":26,"key":"Omamori"}],"event_choices":[{"cards_removed":["Strike_R"],"damage_healed":0.0,"max_hp_gain":0.0,"max_hp_loss":0.0,"gold_gain":0.0,"event_name":"Purifier","player_choice":"Purged","floor":3.0,"gold_loss":0.0,"damage_taken":0.0},{"damage_healed":0.0,"max_hp_gain":0.0,"max_hp_loss":0.0,"gold_gain":0.0,"event_name":"Match and Keep!","player_choice":"2 cards matched","floor":8.0,"gold_loss":0.0,"damage_taken":0.0,"cards_obtained":["Barricade","Madness"]},{"damage_healed":0,"gold_gain":0,"player_choice":"Ignored","damage_taken":0,"max_hp_gain":0,"max_hp_loss":0,"event_name":"Vampires","floor":19,"gold_loss":0},{"damage_healed":0,"gold_gain":0,"player_choice":"Copied","damage_taken":0,"max_hp_gain":0,"max_hp_loss":0,"event_name":"Duplicator","floor":22,"gold_loss":0,"cards_obtained":["Shrug It Off"]},{"damage_healed":0,"gold_gain":0,"player_choice":"Ignored","damage_taken":0,"max_hp_gain":0,"max_hp_loss":0,"event_name":"Ghosts","floor":27,"gold_loss":0},{"damage_healed":0,"gold_gain":0,"player_choice":"Opened","damage_taken":0,"relics_obtained":["Turnip"],"max_hp_gain":0,"max_hp_loss":0,"event_name":"The Mausoleum","floor":28,"gold_loss":0,"cards_obtained":["Writhe"]}],"is_beta":false,"boss_relics":[{"not_picked":["Ectoplasm","Astrolabe"],"picked":"Mark of Pain"}],"items_purged_floors":[14],"is_endless":false,"potions_floor_spawned":[4,5,10,11,18,30],"killed_by":"Slavers","ascension_level":1}