{"gold_per_floor":[114,114,130,305,255,255,282,282,307,320,275,22,22,33,33,33],"floor_reached":16,"playtime":611,"items_purged":[],"score":185,"play_id":"4c01d112-b71d-44e0-b0a5-39901ea47b90","local_time":"20181110223529","is_ascension_mode":true,"campfire_choices":[{"data":"Burning Pact","floor":6,"key":"SMITH"},{"data":"Bash","floor":8,"key":"SMITH"},{"data":"Master of Strategy","floor":13,"key":"SMITH"},{"data":"Fiend Fire","floor":15,"key":"SMITH"}],"neow_cost":"NONE","seed_source_timestamp":123000611540888,"circlet_count":0,"master_deck":["AscendersBane","Strike_R","Strike_R","Strike_R","Strike_R","Strike_R","Defend_R+1","Defend_R","Defend_R","Defend_R+1","Bash+1","Burning Pact+1","Doubt","True Grit","Thunderclap","Double Tap","Master of Strategy+1","Fiend Fire+1"],"relics":["Burning Blood","NeowsBlessing","Anchor","Pantograph","War Paint"],"potions_floor_usage":[16],"damage_taken":[{"damage":0,"enemies":"Jaw Worm","floor":1,"turns":1},{"damage":0,"enemies":"Small Slimes","floor":3,"turns":1},{"damage":0,"enemies":"Gremlin Nob","floor":7,"turns":1},{"damage":7,"enemies":"2 Louse","floor":10,"turns":3},{"damage":7,"enemies":"Looter","floor":11,"turns":5},{"damage":28,"enemies":"Exordium Wildlife","floor":14,"turns":8},{"damage":78,"enemies":"The Guardian","floor":16,"turns":14}],"seed_played":"5227633420241449611","potions_obtained":[{"floor":1,"key":"GamblersBrew"},{"floor":3,"key":"Ancient Potion"}],"is_trial":false,"path_per_floor":["M","?","M","?","?","R","E","R","T","M","M","$","R","M","R","B"],"character_chosen":"IRONCLAD","items_purchased":["Double Tap","Master of Strategy"],"campfire_rested":0,"item_purchase_floors":[12,12],"current_hp_per_floor":[78,78,80,80,80,80,80,80,80,79,78,78,78,56,56,2],"gold":33,"neow_bonus":"THREE_ENEMY_KILL","is_prod":false,"is_daily":false,"chose_seed":false,"campfire_upgraded":4,"win_rate":0,"timestamp":1541918129,"path_taken":["M","?","M","?","?","R","E","R","T","M","M","$","R","M","R","BOSS"],"build_version":"2018-11-08","purchased_purges":0,"victory":false,"max_hp_per_floor":[80,80,80,80,80,80,80,80,80,80,80,80,80,80,80,80],"card_choices":[{"not_picked":["Wild Strike","Sever Soul"],"picked":"Burning Pact","floor":1},{"not_picked":["Twin Strike","Headbutt","Entrench"],"picked":"SKIP","floor":3},{"not_picked":["Intimidate","Seeing Red","Twin Strike"],"picked":"SKIP","floor":7},{"not_picked":["Havoc","Armaments"],"picked":"True Grit","floor":10},{"not_picked":["Twin Strike","Seeing Red"],"picked":"Thunderclap","floor":11},{"not_picked":["Warcry","Flex"],"picked":"Fiend Fire","floor":14}],"player_experience":336206,"relics_obtained":[{"floor":7,"key":"Pantograph"},{"floor":9,"key":"War Paint"}],"event_choices":[{"damage_healed":0,"gold_gain":0,"player_choice":"Box","damage_taken":0,"relics_obtained":["Anchor"],"max_hp_gain":0,"max_hp_loss":0,"event_name":"Big Fish","floor":2,"gold_loss":0,"cards_obtained":["Regret"]},{"damage_healed":0,"gold_gain":175,"player_choice":"AGREE","damage_taken":0,"max_hp_gain":0,"max_hp_loss":0,"event_name":"Liars Game","floor":4,"gold_loss":0,"cards_obtained":["Doubt"]},{"cards_removed":["Regret"],"damage_healed":0,"gold_gain":0,"player_choice":"Card Removal","damage_taken":0,"max_hp_gain":0,"max_hp_loss":0,"event_name":"The Cleric","floor":5,"gold_loss":50}],"is_beta":false,"boss_relics":[],"items_purged_floors":[],"is_endless":false,"potions_floor_spawned":[1,3],"killed_by":"The Guardian","ascension_level":10}