{"gold_per_floor":[115,290,290,307,333,333,333,333,358,376,406,146,146,156,156,251,251,261,52,52,64,82,115,115,142,168,168,168,168,187,235,235,235],"floor_reached":33,"playtime":2475,"items_purged":["Doubt"],"score":281,"play_id":"df44596a-bde6-49ed-b4dd-b043b1839f6f","local_time":"20190707031300","is_ascension_mode":false,"campfire_choices":[{"data":"Anger","floor":6,"key":"SMITH"},{"floor":8,"key":"REST"},{"floor":13,"key":"REST"},{"data":"Carnage","floor":15,"key":"SMITH"},{"floor":24,"key":"REST"},{"data":"Bludgeon","floor":27,"key":"SMITH"},{"data":"Combust","floor":29,"key":"SMITH"},{"data":"Impervious","floor":32,"key":"SMITH"}],"neow_cost":"NONE","seed_source_timestamp":1624342743125825,"circlet_count":0,"master_deck":["Strike_R+1","Strike_R+1","Strike_R+1","Strike_R+1","Defend_R+1","Defend_R+1","Defend_R+1","Defend_R+1","Bash","Anger+1","Cleave","Flex","Carnage+1","Cleave","Fire Breathing","Combust+1","Blood for Blood","Pommel Strike","Headbutt","Impervious+1","Body Slam","Bludgeon+1","Iron Wave","Shrug It Off+1","Flex","Flex+1","Clash","Pummel","Rupture","Pommel Strike+1"],"relics":["Burning Blood","Bag of Preparation","Dream Catcher","PreservedInsect","Boot","Philosopher\u0027s Stone","Matryoshka","Meat on the Bone","Anchor","Ancient Tea Set","Dodecahedron","Omamori"],"potions_floor_usage":[16,16,25,30,33],"damage_taken":[{"damage":5,"enemies":"2 Louse","floor":1,"turns":3},{"damage":7,"enemies":"Small Slimes","floor":4,"turns":2},{"damage":0,"enemies":"Cultist","floor":10,"turns":2},{"damage":27,"enemies":"3 Sentries","floor":11,"turns":3},{"damage":24,"enemies":"Exordium Thugs","floor":14,"turns":3},{"damage":59,"enemies":"The Guardian","floor":16,"turns":9},{"damage":19,"enemies":"2 Thieves","floor":18,"turns":3},{"damage":16,"enemies":"Shell Parasite","floor":21,"turns":3},{"damage":16,"enemies":"3 Cultists","floor":22,"turns":4},{"damage":23,"enemies":"Slavers","floor":23,"turns":4},{"damage":19,"enemies":"Book of Stabbing","floor":25,"turns":4},{"damage":11,"enemies":"Centurion and Healer","floor":30,"turns":3},{"damage":68,"enemies":"Champ","floor":33,"turns":7}],"seed_played":"3299074109505332097","potions_obtained":[{"floor":10,"key":"Fire Potion"},{"floor":11,"key":"LiquidBronze"},{"floor":14,"key":"SteroidPotion"},{"floor":22,"key":"Block Potion"},{"floor":25,"key":"SpeedPotion"},{"floor":30,"key":"Weak Potion"}],"is_trial":false,"path_per_floor":["M","?","?","M","T","R","?","R","T","M","E","$","R","M","R","B",null,"M","$","?","M","M","E","R","E","T","R","?","R","M","T","R","B"],"character_chosen":"IRONCLAD","items_purchased":["Combust","Blood for Blood","Entrench","Bludgeon","Iron Wave"],"campfire_rested":3,"item_purchase_floors":[12,12,12,19,19],"current_hp_per_floor":[80,80,80,79,79,79,54,78,78,80,59,59,80,62,62,9,80,67,67,67,57,47,30,54,41,41,41,41,41,48,48,48,0],"gold":235,"neow_bonus":"THREE_CARDS","is_prod":false,"is_daily":false,"chose_seed":false,"campfire_upgraded":5,"win_rate":0,"timestamp":1562487180,"path_taken":["M","?","?","?","?","R","?","R","T","M","E","$","R","M","R","BOSS","M","$","?","M","M","E","R","E","T","R","?","R","M","?","R","BOSS"],"build_version":"2019-07-05","purchased_purges":1,"victory":false,"max_hp_per_floor":[80,80,80,80,80,80,80,80,80,80,80,80,80,80,80,80,80,80,80,80,80,80,80,80,80,80,80,80,80,80,80,80,80],"card_choices":[{"not_picked":["Perfected Strike","Flex"],"picked":"Anger","floor":0},{"not_picked":["True Grit","Whirlwind"],"picked":"Cleave","floor":1},{"not_picked":["Sentinel","Twin Strike"],"picked":"Flex","floor":4},{"not_picked":["Armaments","Body Slam"],"picked":"Carnage","floor":8},{"not_picked":["Infernal Blade","Hemokinesis"],"picked":"Cleave","floor":10},{"not_picked":["Sever Soul","Intimidate"],"picked":"Fire Breathing","floor":11},{"not_picked":["Thunderclap","Evolve"],"picked":"Pommel Strike","floor":13},{"not_picked":["Havoc","Inflame"],"picked":"Headbutt","floor":14},{"not_picked":["Berserk","Brutality"],"picked":"Impervious","floor":16},{"not_picked":["Spot Weakness","Twin Strike"],"picked":"Body Slam","floor":18},{"not_picked":["Sever Soul+1","Armaments","Burning Pact"],"picked":"SKIP","floor":21},{"not_picked":["Disarm","Bloodletting"],"picked":"Shrug It Off+1","floor":22},{"not_picked":["Shrug It Off","Clothesline+1"],"picked":"Flex","floor":23},{"not_picked":["True Grit+1","Thunderclap"],"picked":"Flex+1","floor":24},{"not_picked":["Power Through","Wild Strike"],"picked":"Clash","floor":25},{"not_picked":["Disarm","Twin Strike+1"],"picked":"Pommel Strike+1","floor":30}],"player_experience":264748,"relics_obtained":[{"floor":5,"key":"Bag of Preparation"},{"floor":9,"key":"PreservedInsect"},{"floor":11,"key":"Boot"},{"floor":23,"key":"Matryoshka"},{"floor":25,"key":"Meat on the Bone"},{"floor":26,"key":"Anchor"},{"floor":26,"key":"Ancient Tea Set"},{"floor":31,"key":"Dodecahedron"},{"floor":31,"key":"Omamori"}],"event_choices":[{"damage_healed":0,"gold_gain":175,"player_choice":"AGREE","damage_taken":0,"max_hp_gain":0,"max_hp_loss":0,"event_name":"Liars Game","floor":2,"gold_loss":0,"cards_obtained":["Doubt"]},{"damage_healed":0,"gold_gain":0,"player_choice":"Ignored","damage_taken":0,"max_hp_gain":0,"max_hp_loss":0,"event_name":"WeMeetAgain","floor":3,"gold_loss":0},{"damage_healed":0,"gold_gain":0,"player_choice":"Success","damage_taken":25,"relics_obtained":["Dream Catcher"],"max_hp_gain":0,"max_hp_loss":0,"event_name":"Scrap Ooze","floor":7,"gold_loss":0},{"damage_healed":0,"gold_gain":0,"player_choice":"Simplicity","damage_taken":0,"max_hp_gain":0,"max_hp_loss":0,"event_name":"Back to Basics","floor":20,"gold_loss":0,"cards_upgraded":["Strike_R","Strike_R","Strike_R","Strike_R","Strike_R","Defend_R","Defend_R","Defend_R","Defend_R"]},{"damage_healed":0,"gold_gain":0,"cards_transformed":["Entrench","Strike_R"],"player_choice":"Became Test Subject","damage_taken":0,"max_hp_gain":0,"max_hp_loss":0,"event_name":"Drug Dealer","floor":28,"gold_loss":0,"cards_obtained":["Pummel","Rupture"]}],"is_beta":false,"boss_relics":[{"not_picked":["Fusion Hammer","Calling Bell"],"picked":"Philosopher\u0027s Stone"}],"items_purged_floors":[12],"is_endless":false,"potions_floor_spawned":[10,11,14,22,25,30],"killed_by":"Champ","ascension_level":0}