{"gold_per_floor":[111,127,77,77,92,92,92,42,66,80,80,93,93,93],"floor_reached":14,"playtime":1805,"items_purged":[],"score":80,"play_id":"2699ac28-425c-4eab-9165-cadd0a303ddd","local_time":"20190708013712","is_ascension_mode":false,"campfire_choices":[{"data":"Neutralize","floor":6,"key":"SMITH"},{"floor":11,"key":"REST"}],"neow_cost":"NONE","seed_source_timestamp":1705667773028317,"circlet_count":0,"master_deck":["Strike_G","Strike_G","Strike_G","Defend_G+1","Defend_G","Defend_G","Defend_G","Defend_G+1","Survivor","Neutralize+1","Backflip","Backflip"],"relics":["Ring of the Snake","War Paint"],"potions_floor_usage":[10],"damage_taken":[{"damage":0,"enemies":"2 Louse","floor":1,"turns":4},{"damage":7,"enemies":"Jaw Worm","floor":2,"turns":6},{"damage":2,"enemies":"Small Slimes","floor":5,"turns":5},{"damage":0,"enemies":"Looter","floor":10,"turns":4},{"damage":6,"enemies":"Lots of Slimes","floor":12,"turns":9},{"damage":2,"enemies":"Exordium Thugs","floor":14,"turns":4}],"seed_played":"1262664944728505350","potions_obtained":[{"floor":5,"key":"Block Potion"}],"is_trial":false,"path_per_floor":["M","M","?","?","M","R","?","$","T","M","R","M","$","M"],"character_chosen":"THE_SILENT","items_purchased":["Backflip"],"campfire_rested":1,"item_purchase_floors":[8],"current_hp_per_floor":[70,63,63,63,61,61,28,28,28,28,49,43,43,41],"gold":93,"neow_bonus":"REMOVE_CARD","is_prod":false,"is_daily":false,"chose_seed":false,"campfire_upgraded":1,"win_rate":0,"timestamp":1562567832,"path_taken":["M","M","?","?","M","R","?","?","T","M","R","M","$","M"],"build_version":"2019-07-05","purchased_purges":0,"victory":false,"max_hp_per_floor":[70,70,70,70,70,70,70,70,70,70,70,70,70,70],"card_choices":[{"not_picked":["PiercingWail","Predator","Footwork"],"picked":"SKIP","floor":1},{"not_picked":["Slice","Quick Slash"],"picked":"Backflip","floor":2},{"not_picked":["Masterful Stab","Grand Finale","Bane"],"picked":"SKIP","floor":5},{"not_picked":["Prepared","Sucker Punch","Backflip"],"picked":"SKIP","floor":10},{"not_picked":["Heel Hook","Predator","Blade Dance"],"picked":"SKIP","floor":12}],"player_experience":271406,"relics_obtained":[],"event_choices":[{"cards_removed":["Strike_G"],"damage_healed":0,"gold_gain":0,"player_choice":"Card Removal","damage_taken":0,"max_hp_gain":0,"max_hp_loss":0,"event_name":"The Cleric","floor":3,"gold_loss":50},{"damage_healed":0,"gold_gain":0,"player_choice":"Ignored","damage_taken":0,"max_hp_gain":0,"max_hp_loss":0,"event_name":"Liars Game","floor":4,"gold_loss":0},{"damage_healed":0,"gold_gain":0,"player_choice":"Success","damage_taken":33,"relics_obtained":["War Paint"],"max_hp_gain":0,"max_hp_loss":0,"event_name":"Scrap Ooze","floor":7,"gold_loss":0}],"is_beta":false,"boss_relics":[],"items_purged_floors":[],"is_endless":false,"potions_floor_spawned":[5],"killed_by":"Exordium Thugs","ascension_level":0}