{"gold_per_floor":[113,288,288,47,47,47,47,60,60,95,95,128,142,155,155,274,274,295,313,65,79,79,79,204,20,20,20,63,84,97,112,112,233,233,252,317,66,66,66,66,106,106,131,154,194,194,269,312,312,312,312,312,111,151,151],"floor_reached":56,"playtime":4508,"items_purged":["Doubt"],"score":2092,"play_id":"d80f52d6-16dd-4dd9-9bc5-1a406a3d75f0","local_time":"20181226125921","is_ascension_mode":true,"campfire_choices":[{"data":"Bash","floor":6,"key":"SMITH"},{"data":"Carnage","floor":15,"key":"SMITH"},{"floor":23,"key":"REST"},{"floor":32,"key":"REST"},{"floor":40,"key":"RECALL"},{"floor":42,"key":"REST"},{"floor":49,"key":"REST"},{"floor":52,"key":"REST"}],"neow_cost":"NONE","seed_source_timestamp":256036828371034,"circlet_count":0,"master_deck":["AscendersBane","Strike_R+1","Strike_R","Strike_R","Defend_R","Defend_R","Defend_R+1","Defend_R+1","Bash+1","Whirlwind+1","Cleave","Infernal Blade+1","Shrug It Off+1","Carnage+1","Disarm+1","Apotheosis+1","Necronomicurse","Clothesline","Battle Trance+1","Offering","Reaper","Secret Weapon+1","Whirlwind+1","Demon Form+1"],"relics":["Burning Blood","NeowsBlessing","Golden Idol","Pear","Matryoshka","Self Forming Clay","Fusion Hammer","Necronomicon","Du-Vu Doll","The Courier","Lantern","War Paint","Mercury Hourglass","Nloth\u0027s Gift","Pantograph","Empty Cage","Unceasing Top","Ancient Tea Set","Frozen Egg 2","Happy Flower","Kunai","Question Card","Paper Frog","Oddly Smooth Stone","Sundial"],"potions_floor_usage":[12,12,16,21,24,24,30,33,41,45,50,54,55],"damage_taken":[{"damage":0,"enemies":"Small Slimes","floor":1,"turns":1},{"damage":0,"enemies":"2 Louse","floor":8,"turns":2},{"damage":0,"enemies":"Gremlin Nob","floor":10,"turns":1},{"damage":26,"enemies":"Lagavulin","floor":12,"turns":3},{"damage":7,"enemies":"Jaw Worm","floor":13,"turns":3},{"damage":4,"enemies":"Looter","floor":14,"turns":3},{"damage":38,"enemies":"Hexaghost","floor":16,"turns":11},{"damage":12,"enemies":"3 Byrds","floor":18,"turns":4},{"damage":0,"enemies":"Spheric Guardian","floor":19,"turns":1},{"damage":1,"enemies":"Cultist and Chosen","floor":21,"turns":6},{"damage":19,"enemies":"Colosseum Slavers","floor":24,"turns":2},{"damage":37,"enemies":"Colosseum Nobs","floor":24,"turns":4},{"damage":0,"enemies":"Book of Stabbing","floor":28,"turns":3},{"damage":0,"enemies":"3 Cultists","floor":29,"turns":2},{"damage":7,"enemies":"Snecko","floor":30,"turns":3},{"damage":2,"enemies":"Centurion and Healer","floor":31,"turns":2},{"damage":28,"enemies":"Champ","floor":33,"turns":8},{"damage":30,"enemies":"3 Shapes","floor":35,"turns":1},{"damage":0,"enemies":"2 Orb Walkers","floor":36,"turns":1},{"damage":7,"enemies":"Nemesis","floor":41,"turns":3},{"damage":0,"enemies":"Orb Walker","floor":44,"turns":1},{"damage":8,"enemies":"Giant Head","floor":45,"turns":4},{"damage":6,"enemies":"Reptomancer","floor":48,"turns":3},{"damage":65,"enemies":"Time Eater","floor":50,"turns":7},{"damage":0,"enemies":"Shield and Spear","floor":54,"turns":1},{"damage":89,"enemies":"The Heart","floor":55,"turns":8}],"seed_played":"1851434198670851965","potions_obtained":[{"floor":1,"key":"SkillPotion"},{"floor":10,"key":"GamblersBrew"},{"floor":11,"key":"AttackPotion"},{"floor":12,"key":"Fire Potion"},{"floor":14,"key":"SteroidPotion"},{"floor":16,"key":"LiquidBronze"},{"floor":21,"key":"SkillPotion"},{"floor":29,"key":"SpeedPotion"},{"floor":30,"key":"Ancient Potion"},{"floor":33,"key":"Weak Potion"},{"floor":35,"key":"SteroidPotion"},{"floor":44,"key":"Fire Potion"},{"floor":54,"key":"FairyPotion"}],"is_trial":false,"path_per_floor":["M","?","?","$","?","R","$","M","T","E","?","E","M","M","R","B",null,"M","M","$","M","?","R","?","$","T","?","E","M","M","M","R","B",null,"M","?","$","?","?","R","E","R","T","M","E","$","T","E","R","B",null,"R","$","E","B",null],"character_chosen":"IRONCLAD","items_purchased":["Toxic Egg 2","Apotheosis+1","Lantern","Battle Trance+1","SkillPotion","Secret Weapon","Ancient Tea Set","Oddly Smooth Stone","SteroidPotion","Swift Potion"],"campfire_rested":5,"item_purchase_floors":[4,20,25,25,25,37,37,53,53,53],"current_hp_per_floor":[78,78,58,58,42,42,42,48,58,64,64,44,43,45,45,13,71,65,71,71,76,60,87,43,43,43,43,49,55,54,58,85,68,85,61,67,67,67,67,67,78,90,90,90,88,88,88,90,90,45,79,90,90,90,7],"gold":151,"neow_bonus":"THREE_ENEMY_KILL","is_prod":false,"is_daily":false,"chose_seed":false,"campfire_upgraded":2,"win_rate":0,"timestamp":1545857961,"path_taken":["M","?","?","?","?","R","?","?","T","E","?","E","M","M","R","BOSS","M","M","$","M","?","R","?","$","T","?","E","M","?","M","R","BOSS","M","?","$","?","?","R","E","R","T","?","E","?","?","E","R","BOSS","R","$","E","BOSS"],"build_version":"2018-12-20","purchased_purges":1,"victory":true,"max_hp_per_floor":[80,80,80,80,80,80,80,80,90,90,90,90,90,90,90,90,90,90,90,90,90,90,90,90,90,90,90,90,90,90,90,90,90,90,90,90,90,90,90,90,90,90,90,90,90,90,90,90,90,90,90,90,90,90,90],"card_choices":[{"not_picked":["Searing Blow","Flex"],"picked":"Whirlwind","floor":1},{"not_picked":["Metallicize","Sever Soul"],"picked":"Cleave","floor":8},{"not_picked":["Fire Breathing","Wild Strike"],"picked":"Infernal Blade+1","floor":10},{"not_picked":["Second Wind+1","Inflame"],"picked":"Shrug It Off+1","floor":12},{"not_picked":["Heavy Blade","Perfected Strike"],"picked":"Carnage","floor":13},{"not_picked":["Body Slam","Anger"],"picked":"Disarm+1","floor":14},{"not_picked":["Impervious+1","Bludgeon"],"picked":"Barricade","floor":16},{"not_picked":["Warcry+1","Iron Wave","Searing Blow"],"picked":"SKIP","floor":18},{"not_picked":["Dual Wield+1","Anger","Twin Strike"],"picked":"SKIP","floor":19},{"not_picked":["Sword Boomerang","Armaments+1","Flex+1"],"picked":"SKIP","floor":21},{"not_picked":["Warcry+1","Spot Weakness+1"],"picked":"Clothesline","floor":24},{"not_picked":["Searing Blow","Evolve","Clash"],"picked":"SKIP","floor":28},{"not_picked":["Exhume","Sever Soul","Cleave"],"picked":"SKIP","floor":29},{"not_picked":["Twin Strike","Warcry","Feed"],"picked":"SKIP","floor":30},{"not_picked":["Bloodletting","Ghostly Armor","Clash"],"picked":"SKIP","floor":31},{"not_picked":["Juggernaut","Berserk"],"picked":"Offering","floor":33},{"not_picked":["Havoc","Flex"],"picked":"Reaper","floor":35},{"not_picked":["Fiend Fire","Flex+1","Clothesline+1"],"picked":"SKIP","floor":41},{"not_picked":["Seeing Red+1","Rampage+1"],"picked":"Whirlwind+1","floor":44},{"not_picked":["Barricade+1","Spot Weakness","Blood for Blood"],"picked":"SKIP","floor":45},{"not_picked":["Barricade+1","Spot Weakness","Blood for Blood"],"picked":"SKIP","floor":45},{"not_picked":["Clash","Exhume","Power Through","Perfected Strike"],"picked":"SKIP","floor":48},{"not_picked":["Pummel","Pommel Strike","Twin Strike"],"picked":"Demon Form+1","floor":54}],"player_experience":540468,"relics_obtained":[{"floor":9,"key":"Pear"},{"floor":10,"key":"Matryoshka"},{"floor":12,"key":"Self Forming Clay"},{"floor":22,"key":"Necronomicon"},{"floor":24,"key":"Du-Vu Doll"},{"floor":24,"key":"The Courier"},{"floor":26,"key":"War Paint"},{"floor":26,"key":"Mercury Hourglass"},{"floor":28,"key":"Pantograph"},{"floor":36,"key":"Unceasing Top"},{"floor":41,"key":"Frozen Egg 2"},{"floor":43,"key":"Happy Flower"},{"floor":45,"key":"Kunai"},{"floor":47,"key":"Question Card"},{"floor":48,"key":"Paper Frog"},{"floor":54,"key":"Sundial"}],"event_choices":[{"damage_healed":0,"gold_gain":175,"player_choice":"AGREE","damage_taken":0,"max_hp_gain":0,"max_hp_loss":0,"event_name":"Liars Game","floor":2,"gold_loss":0,"cards_obtained":["Doubt"]},{"damage_healed":0,"gold_gain":0,"player_choice":"Take Damage","damage_taken":20,"relics_obtained":["Golden Idol"],"max_hp_gain":0,"max_hp_loss":0,"event_name":"Golden Idol","floor":3,"gold_loss":0},{"damage_healed":0,"gold_gain":0,"player_choice":"Entered Light","damage_taken":16,"max_hp_gain":0,"max_hp_loss":0,"event_name":"Shining Light","floor":5,"gold_loss":0,"cards_upgraded":["Whirlwind","Strike_R"]},{"damage_healed":0,"gold_gain":0,"player_choice":"Got Potions","damage_taken":0,"max_hp_gain":0,"max_hp_loss":0,"event_name":"Lab","floor":11,"gold_loss":0},{"damage_healed":0,"gold_gain":0,"player_choice":"Obtained Book","damage_taken":16,"max_hp_gain":0,"max_hp_loss":0,"event_name":"Cursed Tome","floor":22,"gold_loss":0},{"damage_healed":0,"gold_gain":0,"player_choice":"Fight","damage_taken":0,"max_hp_gain":0,"max_hp_loss":0,"event_name":"Colosseum","floor":24,"gold_loss":0},{"damage_healed":0,"gold_gain":0,"player_choice":"Fought Nobs","damage_taken":0,"max_hp_gain":0,"max_hp_loss":0,"event_name":"Colosseum","floor":24,"gold_loss":0},{"damage_healed":0,"gold_gain":0,"player_choice":"Traded Relic","damage_taken":0,"relics_obtained":["Nloth\u0027s Gift"],"max_hp_gain":0,"max_hp_loss":0,"event_name":"N\u0027loth","floor":27,"relics_lost":["Toxic Egg 2"],"gold_loss":0},{"damage_healed":0,"gold_gain":0,"player_choice":"Fight","damage_taken":0,"max_hp_gain":0,"max_hp_loss":0,"event_name":"Mysterious Sphere","floor":36,"gold_loss":0},{"cards_removed":["Barricade"],"damage_healed":0,"gold_gain":0,"player_choice":"Removed Power","damage_taken":0,"max_hp_gain":0,"max_hp_loss":0,"event_name":"Falling","floor":38,"gold_loss":0},{"damage_healed":0,"gold_gain":0,"player_choice":"Upgraded","damage_taken":0,"max_hp_gain":0,"max_hp_loss":0,"event_name":"Upgrade Shrine","floor":39,"gold_loss":0,"cards_upgraded":["Secret Weapon"]}],"is_beta":false,"boss_relics":[{"not_picked":["Lizard Tail","Tiny House"],"picked":"Fusion Hammer"},{"not_picked":["Runic Cube","Black Blood"],"picked":"Empty Cage"}],"items_purged_floors":[20],"is_endless":false,"potions_floor_spawned":[1,10,12,14,16,18,19,21,29,30,31,33,35,36,44,54],"ascension_level":12}