{"gold_per_floor":[115,133,153,168,168,206,206,222,274,274,295,316,359,372,372,491,491,515,529,552,552,571,571,602,618,643,658,658,677,677],"floor_reached":30,"playtime":3119,"items_purged":[],"score":297,"play_id":"94a42760-371d-4836-9469-69759338af18","local_time":"20190618225643","is_ascension_mode":true,"campfire_choices":[{"data":"Noxious Fumes","floor":7,"key":"SMITH"},{"data":"Reflex","floor":10,"key":"SMITH"},{"floor":15,"key":"REST"},{"data":"Backstab","floor":23,"key":"SMITH"},{"data":"Tactician","floor":28,"key":"SMITH"}],"neow_cost":"NONE","seed_source_timestamp":96971421122420,"circlet_count":0,"master_deck":["Defend_G","Defend_G","Defend_G","Defend_G","Defend_G","Strike_G","Strike_G+1","Strike_G","Strike_G","Survivor","Neutralize","Terror","Noxious Fumes+1","Backstab","Calculated Gamble","Reflex+1","Backflip","Backstab+1","Accuracy","Eviscerate","Tools of the Trade","Footwork+1","Underhanded Strike+1","Cloak And Dagger","Envenom","Dagger Throw+1","Well Laid Plans+1","Tactician+1"],"relics":["Ring of the Snake","Oddly Smooth Stone","Golden Idol","Bronze Scales","Omamori","Ninja Scroll","Coffee Dripper","Whetstone","Centennial Puzzle"],"potions_floor_usage":[13,16,20,22,22,25,30],"damage_taken":[{"damage":0,"enemies":"Jaw Worm","floor":1,"turns":5},{"damage":0,"enemies":"Small Slimes","floor":2,"turns":3},{"damage":0,"enemies":"Cultist","floor":3,"turns":4},{"damage":0,"enemies":"2 Fungi Beasts","floor":4,"turns":3},{"damage":18,"enemies":"3 Sentries","floor":6,"turns":9},{"damage":2,"enemies":"Large Slime","floor":8,"turns":6},{"damage":2,"enemies":"Looter","floor":11,"turns":3},{"damage":3,"enemies":"Blue Slaver","floor":12,"turns":4},{"damage":20,"enemies":"Lagavulin","floor":13,"turns":8},{"damage":0,"enemies":"Large Slime","floor":14,"turns":4},{"damage":9,"enemies":"The Guardian","floor":16,"turns":10},{"damage":12,"enemies":"2 Thieves","floor":18,"turns":5},{"damage":0,"enemies":"Chosen","floor":19,"turns":5},{"damage":13,"enemies":"Centurion and Healer","floor":20,"turns":4},{"damage":19,"enemies":"Snecko","floor":22,"turns":4},{"damage":15,"enemies":"Slavers","floor":24,"turns":6},{"damage":10,"enemies":"Sentry and Sphere","floor":25,"turns":6},{"damage":13,"enemies":"Shelled Parasite and Fungi","floor":27,"turns":5},{"damage":0,"enemies":"Snecko","floor":29,"turns":3},{"damage":9,"enemies":"Colosseum Slavers","floor":30,"turns":1}],"seed_played":"-7849477714733040300","potions_obtained":[{"floor":3,"key":"GamblersBrew"},{"floor":4,"key":"SteroidPotion"},{"floor":12,"key":"GamblersBrew"},{"floor":13,"key":"PowerPotion"},{"floor":14,"key":"Energy Potion"},{"floor":18,"key":"Explosive Potion"},{"floor":24,"key":"Regen Potion"},{"floor":29,"key":"PowerPotion"}],"is_trial":false,"path_per_floor":["M","M","M","M","?","E","R","M","T","R","M","M","E","M","R","B",null,"M","M","M","?","M","R","E","M","T","M","R","M","?"],"character_chosen":"THE_SILENT","items_purchased":[],"campfire_rested":1,"item_purchase_floors":[],"current_hp_per_floor":[70,70,70,70,53,35,35,33,33,33,31,28,8,8,29,20,70,58,58,45,45,26,26,11,16,16,3,3,3,0],"gold":677,"neow_bonus":"RANDOM_COMMON_RELIC","is_prod":false,"is_daily":false,"chose_seed":false,"campfire_upgraded":4,"win_rate":0,"timestamp":1560923803,"path_taken":["M","M","M","M","?","E","R","M","T","R","M","M","E","M","R","BOSS","M","M","M","?","M","R","E","M","T","?","R","M","?"],"build_version":"2019-01-23","purchased_purges":0,"victory":false,"max_hp_per_floor":[70,70,70,70,70,70,70,70,70,70,70,70,70,70,70,70,70,70,70,70,70,70,70,70,70,70,70,70,70,70],"card_choices":[{"not_picked":["Underhanded Strike","Blade Dance"],"picked":"Terror","floor":1},{"not_picked":["Flying Knee","Outmaneuver"],"picked":"Noxious Fumes","floor":2},{"not_picked":["Terror","Prepared"],"picked":"Backstab","floor":3},{"not_picked":["Phantasmal Killer","Terror","Endless Agony"],"picked":"SKIP","floor":4},{"not_picked":["Deadly Poison","Tactician"],"picked":"Calculated Gamble","floor":6},{"not_picked":["Poisoned Stab","Flechettes"],"picked":"Reflex","floor":8},{"not_picked":["Acrobatics","Outmaneuver"],"picked":"Backflip","floor":11},{"not_picked":["Burst","Blade Dance"],"picked":"Backstab","floor":12},{"not_picked":["Slice","Masterful Stab"],"picked":"Accuracy","floor":13},{"not_picked":["Endless Agony","Sucker Punch"],"picked":"Eviscerate","floor":14},{"not_picked":["Grand Finale","Corpse Explosion"],"picked":"Tools of the Trade","floor":16},{"not_picked":["Eviscerate","Deadly Poison+1"],"picked":"Footwork+1","floor":18},{"not_picked":["Deadly Poison","Skewer"],"picked":"Underhanded Strike","floor":19},{"not_picked":["Slice","Bullet Time"],"picked":"Cloak And Dagger","floor":20},{"not_picked":["Blade Dance+1","Acrobatics"],"picked":"Dagger Throw+1","floor":22},{"not_picked":["Dodge and Roll","Deadly Poison","Quick Slash+1"],"picked":"SKIP","floor":24},{"not_picked":["Noxious Fumes","Predator"],"picked":"Well Laid Plans+1","floor":25},{"not_picked":["Poisoned Stab","Leg Sweep"],"picked":"Tactician","floor":27},{"not_picked":["Acrobatics","Sucker Punch","Flying Knee+1"],"picked":"SKIP","floor":29}],"player_experience":203039,"relics_obtained":[{"floor":6,"key":"Bronze Scales"},{"floor":9,"key":"Omamori"},{"floor":13,"key":"Ninja Scroll"},{"floor":24,"key":"Whetstone"},{"floor":26,"key":"Centennial Puzzle"}],"event_choices":[{"damage_healed":0,"gold_gain":0,"player_choice":"Take Damage","damage_taken":17,"relics_obtained":["Golden Idol"],"max_hp_gain":0,"max_hp_loss":0,"event_name":"Golden Idol","floor":5,"gold_loss":0},{"damage_healed":0,"gold_gain":0,"cards_transformed":["Strike_G"],"player_choice":"Transformed","damage_taken":0,"max_hp_gain":0,"max_hp_loss":0,"event_name":"Transmorgrifier","floor":21,"gold_loss":0,"cards_obtained":["Envenom"]},{"damage_healed":0,"gold_gain":0,"player_choice":"Fight","damage_taken":0,"max_hp_gain":0,"max_hp_loss":0,"event_name":"Colosseum","floor":30,"gold_loss":0}],"is_beta":false,"boss_relics":[{"not_picked":["Fusion Hammer","Eternal Feather"],"picked":"Coffee Dripper"}],"items_purged_floors":[],"is_endless":false,"potions_floor_spawned":[3,4,12,13,14,18,19,24,29],"killed_by":"Colosseum Slavers","ascension_level":2}