{"gold_per_floor":[212,13,32,32,47,76,76,102,179,179,27,27,43,8,8,105,105,123,133,133],"floor_reached":20,"playtime":1303,"items_purged":["Decay"],"score":218,"play_id":"354ef5ca-3828-4366-af92-738d67e03deb","local_time":"20190702155756","is_ascension_mode":true,"campfire_choices":[{"data":"Armaments","floor":7,"key":"SMITH"},{"data":"Flex","floor":10,"key":"SMITH"},{"data":"Metallicize","floor":12,"key":"SMITH"},{"data":"Feel No Pain","floor":15,"key":"SMITH"}],"neow_cost":"NONE","seed_source_timestamp":1453193617378100,"circlet_count":0,"master_deck":["Strike_R","Strike_R","Strike_R","Strike_R","Defend_R","Defend_R","Defend_R","Bash","Flex+1","Armaments+1","Metallicize+1","Disarm","Feel No Pain+1","Shockwave","Exhume","Headbutt","Inflame"],"relics":["Burning Blood","PreservedInsect","Charon\u0027s Ashes","Omamori","Pantograph","Empty Cage"],"potions_floor_usage":[8,20,20],"damage_taken":[{"damage":6,"enemies":"Cultist","floor":1,"turns":3},{"damage":4,"enemies":"Jaw Worm","floor":3,"turns":3},{"damage":6,"enemies":"2 Louse","floor":5,"turns":3},{"damage":35,"enemies":"3 Sentries","floor":6,"turns":8},{"damage":44,"enemies":"Lagavulin","floor":8,"turns":7},{"damage":11,"enemies":"Blue Slaver","floor":13,"turns":5},{"damage":52,"enemies":"Slime Boss","floor":16,"turns":15},{"damage":12,"enemies":"3 Byrds","floor":18,"turns":8},{"damage":16,"enemies":"Shell Parasite","floor":19,"turns":8},{"damage":68,"enemies":"Masked Bandits","floor":20,"turns":5}],"seed_played":"2927776481720509714","potions_obtained":[{"floor":6,"key":"BloodPotion"},{"floor":8,"key":"SpeedPotion"},{"floor":16,"key":"SmokeBomb"},{"floor":19,"key":"PowerPotion"}],"is_trial":false,"path_per_floor":["M","$","M","?","M","E","R","E","T","R","$","R","M","?","R","B",null,"M","M","?"],"character_chosen":"IRONCLAD","items_purchased":["PreservedInsect","Armaments","Feel No Pain"],"campfire_rested":0,"item_purchase_floors":[2,2,11],"current_hp_per_floor":[80,80,80,80,80,51,51,33,33,33,33,33,28,48,48,27,80,74,64,0],"gold":133,"neow_bonus":"HUNDRED_GOLD","is_prod":false,"is_daily":false,"chose_seed":false,"campfire_upgraded":4,"win_rate":0,"timestamp":1562108276,"path_taken":["M","$","M","?","M","E","R","E","T","R","$","R","?","?","R","BOSS","M","M","?"],"build_version":"2019-07-01","purchased_purges":1,"victory":false,"max_hp_per_floor":[80,80,80,80,80,80,80,80,80,80,80,80,80,80,80,80,80,80,80,80],"card_choices":[{"not_picked":["Iron Wave","Clothesline"],"picked":"Flex","floor":1},{"not_picked":["Uppercut","Anger","Armaments"],"picked":"SKIP","floor":3},{"not_picked":["Headbutt","Anger"],"picked":"Metallicize","floor":5},{"not_picked":["Clash","Havoc"],"picked":"Disarm","floor":6},{"not_picked":["Sword Boomerang","Body Slam","Dropkick"],"picked":"SKIP","floor":8},{"not_picked":["Sword Boomerang","Ghostly Armor"],"picked":"Shockwave","floor":13},{"not_picked":["Limit Break","Demon Form"],"picked":"Exhume","floor":16},{"not_picked":["Iron Wave","Sword Boomerang"],"picked":"Headbutt","floor":18},{"not_picked":["Clothesline","Cleave"],"picked":"Inflame","floor":19}],"player_experience":601479,"relics_obtained":[{"floor":6,"key":"Charon\u0027s Ashes"},{"floor":8,"key":"Omamori"},{"floor":9,"key":"Pantograph"}],"event_choices":[{"damage_healed":0,"gold_gain":0,"player_choice":"Cursed","damage_taken":0,"max_hp_gain":0,"max_hp_loss":0,"event_name":"Wheel of Change","floor":4,"gold_loss":0,"cards_obtained":["Decay"]},{"damage_healed":20,"gold_gain":0,"player_choice":"Healed","damage_taken":0,"max_hp_gain":0,"max_hp_loss":0,"event_name":"The Cleric","floor":14,"gold_loss":35},{"damage_healed":0,"gold_gain":0,"player_choice":"Fought Bandits","damage_taken":0,"max_hp_gain":0,"max_hp_loss":0,"event_name":"Masked Bandits","floor":20,"gold_loss":0}],"is_beta":false,"boss_relics":[{"not_picked":["Lizard Tail","Runic Pyramid"],"picked":"Empty Cage"}],"items_purged_floors":[11],"is_endless":false,"potions_floor_spawned":[6,8,16,19],"killed_by":"Masked Bandits","ascension_level":4}