{"gold_per_floor":[112,112,128,148,148,148,189,87,137,167,167,14,29,52,52,52],"floor_reached":16,"playtime":1130,"items_purged":[],"score":105,"play_id":"bae8a2fb-2444-4764-be17-6eee14cfee8b","local_time":"20190707005730","is_ascension_mode":true,"campfire_choices":[{"floor":6,"key":"REST"},{"data":"Twin Strike","floor":11,"key":"SMITH"},{"data":"Cleave","floor":15,"key":"SMITH"}],"neow_cost":"NONE","seed_source_timestamp":1617558643819542,"circlet_count":0,"master_deck":["Strike_R","Strike_R","Strike_R","Strike_R","Strike_R","Defend_R","Defend_R","Defend_R","Defend_R","Bash","Cleave","Flex","Cleave+1","Headbutt","Flex","Twin Strike+1","Flex"],"relics":["Burning Blood","Golden Idol","Potion Belt","Lantern","Odd Mushroom","Orichalcum"],"potions_floor_usage":[10,16,16,16],"damage_taken":[{"damage":2,"enemies":"2 Louse","floor":1,"turns":3},{"damage":0,"enemies":"Small Slimes","floor":3,"turns":3},{"damage":6,"enemies":"Cultist","floor":4,"turns":3},{"damage":28,"enemies":"Gremlin Nob","floor":7,"turns":4},{"damage":13,"enemies":"The Mushroom Lair","floor":10,"turns":3},{"damage":0,"enemies":"Blue Slaver","floor":13,"turns":1},{"damage":0,"enemies":"3 Louse","floor":14,"turns":2},{"damage":75,"enemies":"Hexaghost","floor":16,"turns":11}],"seed_played":"990746482975446730","potions_obtained":[{"floor":1,"key":"GamblersBrew"},{"floor":3,"key":"Swift Potion"},{"floor":4,"key":"PowerPotion"}],"is_trial":false,"path_per_floor":["M","?","M","M","?","R","E","$","T","?","R","$","M","M","R","B"],"character_chosen":"IRONCLAD","items_purchased":["Flex","PowerPotion","Orichalcum"],"campfire_rested":1,"item_purchase_floors":[8,8,12],"current_hp_per_floor":[88,88,88,88,66,88,66,66,66,59,59,59,65,71,71,0],"gold":52,"neow_bonus":"TEN_PERCENT_HP_BONUS","is_prod":false,"is_daily":false,"chose_seed":false,"campfire_upgraded":2,"win_rate":0,"timestamp":1562479050,"path_taken":["M","?","M","M","?","R","E","$","T","?","R","$","M","M","R","BOSS"],"build_version":"2019-07-05","purchased_purges":0,"victory":false,"max_hp_per_floor":[88,88,88,88,88,88,88,88,88,88,88,88,88,88,88,88],"card_choices":[{"not_picked":["Metallicize","Pommel Strike"],"picked":"Cleave","floor":1},{"not_picked":["Metallicize","Headbutt"],"picked":"Flex","floor":3},{"not_picked":["Infernal Blade","Havoc"],"picked":"Cleave","floor":4},{"not_picked":["True Grit","Feel No Pain"],"picked":"Headbutt","floor":7},{"not_picked":["Iron Wave","Flex"],"picked":"Twin Strike","floor":10},{"not_picked":["Metallicize","True Grit","Juggernaut"],"picked":"SKIP","floor":13},{"not_picked":["Headbutt","Inflame"],"picked":"Flex","floor":14}],"player_experience":258341,"relics_obtained":[{"floor":7,"key":"Potion Belt"},{"floor":9,"key":"Lantern"},{"floor":10,"key":"Odd Mushroom"}],"event_choices":[{"damage_healed":0,"gold_gain":0,"player_choice":"Ignored","damage_taken":0,"max_hp_gain":0,"max_hp_loss":0,"event_name":"Liars Game","floor":2,"gold_loss":0},{"damage_healed":0,"gold_gain":0,"player_choice":"Take Damage","damage_taken":22,"relics_obtained":["Golden Idol"],"max_hp_gain":0,"max_hp_loss":0,"event_name":"Golden Idol","floor":5,"gold_loss":0},{"damage_healed":0,"gold_gain":0,"player_choice":"Fought Mushrooms","damage_taken":0,"max_hp_gain":0,"max_hp_loss":0,"event_name":"Mushrooms","floor":10,"gold_loss":0}],"is_beta":false,"boss_relics":[],"items_purged_floors":[],"is_endless":false,"potions_floor_spawned":[1,3,4],"killed_by":"Hexaghost","ascension_level":1}