{"gold_per_floor":[112,123,48,60,60,60,84,97,97,97,97,114,144,158,158,253,253,253,253,193,193,67,67,67,67,67,67,67,67,67,67,67,67,67,67,67,67,67,67,67,67,67,67,67,67,67,67,67,67,67],"floor_reached":51,"playtime":4190,"items_purged":["Strike_R+1"],"score":651,"play_id":"7fa52e03-6c4d-4372-8e7b-c3d6335ab7c4","local_time":"20190712010130","is_ascension_mode":true,"campfire_choices":[{"data":"Armaments","floor":6,"key":"SMITH"},{"data":"Battle Trance","floor":11,"key":"SMITH"},{"data":"Searing Blow","floor":15,"key":"SMITH"},{"data":"Searing Blow+2","floor":23,"key":"SMITH"},{"data":"Searing Blow+3","floor":32,"key":"SMITH"},{"data":"Searing Blow+4","floor":40,"key":"SMITH"},{"data":"Searing Blow+5","floor":45,"key":"SMITH"},{"data":"Searing Blow+6","floor":47,"key":"SMITH"},{"data":"Searing Blow+7","floor":49,"key":"SMITH"}],"neow_cost":"NONE","seed_source_timestamp":112919811507400,"circlet_count":0,"master_deck":["Strike_R+1","Strike_R+1","Defend_R+1","Defend_R+1","Defend_R+1","Defend_R+1","Bash","Heavy Blade","Armaments+1","Battle Trance+1","Twin Strike","Sword Boomerang","Ghostly Armor","Searing Blow+8","Impervious","Dropkick","Shrug It Off","Rage+1","Shrug It Off+1","Immolate","Thunderclap+1","Parasite","Disarm","Shockwave+1","Iron Wave+1"],"relics":["Burning Blood","Happy Flower","Odd Mushroom","Ornamental Fan","Paper Frog","Ectoplasm","Kunai","MawBank"],"potions_floor_usage":[16,33,38,50,50,50],"damage_taken":[{"damage":1,"enemies":"2 Louse","floor":1,"turns":3},{"damage":1,"enemies":"Cultist","floor":2,"turns":3},{"damage":13,"enemies":"Jaw Worm","floor":4,"turns":3},{"damage":22,"enemies":"The Mushroom Lair","floor":7,"turns":5},{"damage":2,"enemies":"Looter","floor":8,"turns":4},{"damage":3,"enemies":"Red Slaver","floor":12,"turns":4},{"damage":2,"enemies":"3 Louse","floor":14,"turns":4},{"damage":25,"enemies":"The Guardian","floor":16,"turns":12},{"damage":5,"enemies":"Spheric Guardian","floor":18,"turns":6},{"damage":0,"enemies":"2 Thieves","floor":20,"turns":4},{"damage":7,"enemies":"Centurion and Healer","floor":24,"turns":4},{"damage":10,"enemies":"Cultist and Chosen","floor":25,"turns":6},{"damage":0,"enemies":"3 Cultists","floor":28,"turns":5},{"damage":1,"enemies":"Chosen and Byrds","floor":29,"turns":4},{"damage":3,"enemies":"Sentry and Sphere","floor":31,"turns":6},{"damage":4,"enemies":"Automaton","floor":33,"turns":12},{"damage":0,"enemies":"Orb Walker","floor":35,"turns":2},{"damage":11,"enemies":"3 Darklings","floor":36,"turns":3},{"damage":0,"enemies":"Transient","floor":38,"turns":5},{"damage":0,"enemies":"Sphere and 2 Shapes","floor":39,"turns":4},{"damage":12,"enemies":"Writhing Mass","floor":41,"turns":7},{"damage":8,"enemies":"Maw","floor":42,"turns":7},{"damage":1,"enemies":"4 Shapes","floor":48,"turns":6},{"damage":42,"enemies":"Time Eater","floor":50,"turns":13}],"seed_played":"-9087530164281165815","potions_obtained":[{"floor":4,"key":"Poison Potion"},{"floor":7,"key":"Explosive Potion"},{"floor":8,"key":"Poison Potion"},{"floor":14,"key":"SteroidPotion"},{"floor":20,"key":"EssenceOfSteel"},{"floor":25,"key":"SpeedPotion"},{"floor":29,"key":"Weak Potion"},{"floor":35,"key":"AttackPotion"},{"floor":39,"key":"LiquidBronze"}],"is_trial":false,"path_per_floor":["M","M","$","M","?","R","?","M","T","?","R","M","?","M","R","B",null,"M","?","M","?","$","R","M","M","T","$","M","M","$","M","R","B",null,"M","M","?","M","M","R","M","M","T","?","R","?","R","M","R","B",null],"character_chosen":"IRONCLAD","items_purchased":["Battle Trance","Thunderclap"],"campfire_rested":0,"item_purchase_floors":[3,22],"current_hp_per_floor":[80,80,80,73,73,73,57,61,61,61,61,64,64,68,68,49,80,80,80,80,80,80,80,79,75,75,75,80,80,80,80,80,80,80,80,75,75,80,80,80,74,72,72,72,72,72,72,76,76,40],"gold":67,"neow_bonus":"RANDOM_COMMON_RELIC","is_prod":false,"is_daily":false,"chose_seed":false,"campfire_upgraded":9,"win_rate":0,"timestamp":1562860890,"path_taken":["M","M","$","M","?","R","?","M","T","?","R","?","?","M","R","BOSS","M","?","M","?","$","R","?","M","T","$","M","M","?","M","R","BOSS","M","M","?","M","M","R","M","M","T","?","R","?","R","M","R","BOSS"],"build_version":"2019-07-05","purchased_purges":1,"victory":true,"max_hp_per_floor":[80,80,80,80,80,80,80,80,80,80,80,80,80,80,80,80,80,80,80,80,80,80,80,80,80,80,80,80,80,80,80,80,80,80,80,80,80,80,80,80,80,80,80,76,76,76,76,76,76,76],"card_choices":[{"not_picked":["Twin Strike","Anger"],"picked":"Heavy Blade","floor":1},{"not_picked":["Thunderclap","True Grit"],"picked":"Armaments","floor":2},{"not_picked":["Clash","Pommel Strike"],"picked":"Twin Strike","floor":4},{"not_picked":["Heavy Blade","Body Slam"],"picked":"Ghostly Armor","floor":7},{"not_picked":["Sentinel","Pommel Strike","Corruption"],"picked":"SKIP","floor":8},{"not_picked":["Juggernaut","Entrench","Thunderclap"],"picked":"SKIP","floor":12},{"not_picked":["Dropkick","Headbutt"],"picked":"Searing Blow","floor":14},{"not_picked":["Immolate","Exhume"],"picked":"Impervious","floor":16},{"not_picked":["Clash","Inflame"],"picked":"Dropkick","floor":18},{"not_picked":["Headbutt","Sword Boomerang"],"picked":"Shrug It Off","floor":20},{"not_picked":["Sentinel","Whirlwind","Reckless Charge"],"picked":"SKIP","floor":24},{"not_picked":["Havoc+1","Corruption"],"picked":"Rage+1","floor":25},{"not_picked":["Corruption","Infernal Blade","Havoc"],"picked":"SKIP","floor":28},{"not_picked":["Heavy Blade","Second Wind"],"picked":"Shrug It Off+1","floor":29},{"not_picked":["Warcry","Body Slam","Evolve+1"],"picked":"SKIP","floor":31},{"not_picked":["Fiend Fire","Feed"],"picked":"Immolate","floor":33},{"not_picked":["True Grit+1","Cleave+1","Sword Boomerang"],"picked":"SKIP","floor":35},{"not_picked":["Clash","Cleave"],"picked":"Thunderclap+1","floor":36},{"not_picked":["Rage+1","Armaments+1","Iron Wave+1"],"picked":"SKIP","floor":38},{"not_picked":["True Grit+1","Corruption+1","Sword Boomerang+1"],"picked":"SKIP","floor":39},{"not_picked":["Pummel+1","Pommel Strike+1"],"picked":"Disarm","floor":41},{"not_picked":["Wild Strike","Clash+1"],"picked":"Shockwave+1","floor":42},{"not_picked":["Wild Strike","Armaments"],"picked":"Iron Wave+1","floor":48}],"player_experience":112434,"relics_obtained":[{"floor":7,"key":"Odd Mushroom"},{"floor":9,"key":"Ornamental Fan"},{"floor":26,"key":"Kunai"},{"floor":43,"key":"MawBank"}],"event_choices":[{"damage_healed":0,"gold_gain":0,"cards_transformed":["Strike_R"],"player_choice":"Change","damage_taken":0,"max_hp_gain":0,"max_hp_loss":0,"event_name":"Living Wall","floor":5,"gold_loss":0,"cards_obtained":["Sword Boomerang"]},{"damage_healed":0,"gold_gain":0,"player_choice":"Fought Mushrooms","damage_taken":0,"max_hp_gain":0,"max_hp_loss":0,"event_name":"Mushrooms","floor":7,"gold_loss":0},{"cards_removed":["Strike_R"],"damage_healed":0,"gold_gain":0,"player_choice":"Purged","damage_taken":0,"max_hp_gain":0,"max_hp_loss":0,"event_name":"Purifier","floor":10,"gold_loss":0},{"damage_healed":0,"gold_gain":30,"player_choice":"Searched \u00272\u0027 times","damage_taken":0,"relics_obtained":["Paper Frog"],"max_hp_gain":0,"max_hp_loss":0,"event_name":"Dead Adventurer","floor":13,"gold_loss":0},{"damage_healed":0,"gold_gain":0,"player_choice":"Simplicity","damage_taken":0,"max_hp_gain":0,"max_hp_loss":0,"event_name":"Back to Basics","floor":19,"gold_loss":0,"cards_upgraded":["Strike_R","Strike_R","Strike_R","Defend_R","Defend_R","Defend_R","Defend_R"]},{"damage_healed":0,"gold_gain":0,"player_choice":"Forge","damage_taken":0,"max_hp_gain":0,"max_hp_loss":0,"event_name":"Accursed Blacksmith","floor":21,"gold_loss":0,"cards_upgraded":["Searing Blow"]},{"damage_healed":0,"gold_gain":0,"player_choice":"Ignored","damage_taken":0,"max_hp_gain":0,"max_hp_loss":0,"event_name":"Mysterious Sphere","floor":37,"gold_loss":0},{"damage_healed":0,"gold_gain":0,"player_choice":"Max HP","damage_taken":0,"max_hp_gain":0,"max_hp_loss":4,"event_name":"Winding Halls","floor":44,"gold_loss":0},{"cards_removed":["Thunderclap"],"damage_healed":0,"gold_gain":0,"player_choice":"Removed Attack","damage_taken":0,"max_hp_gain":0,"max_hp_loss":0,"event_name":"Falling","floor":46,"gold_loss":0}],"is_beta":false,"boss_relics":[{"not_picked":["Black Blood","Pandora\u0027s Box"],"picked":"Ectoplasm"},{"not_picked":["Coffee Dripper","Calling Bell","Philosopher\u0027s Stone"]}],"items_purged_floors":[22],"is_endless":false,"potions_floor_spawned":[4,7,8,14,20,25,29,35,39,41],"ascension_level":1}