{"gold_per_floor":[110,110,128,128,303,303,338,338,338,353,200,213,213,233,233,326,326,347,368,72,72,88,88,88],"floor_reached":24,"playtime":837,"items_purged":["Doubt","Strike_R"],"score":365,"play_id":"f3407139-7aaa-4813-a47a-c8017deed0b2","local_time":"20181229164626","is_ascension_mode":true,"campfire_choices":[{"data":"Inflame","floor":6,"key":"SMITH"},{"data":"Cleave","floor":8,"key":"SMITH"},{"data":"Limit Break","floor":13,"key":"SMITH"},{"data":"Pummel","floor":15,"key":"SMITH"},{"floor":23,"key":"REST"}],"neow_cost":"NONE","seed_source_timestamp":259931296099423,"circlet_count":0,"master_deck":["AscendersBane","Strike_R","Strike_R","Strike_R","Defend_R","Defend_R","Defend_R","Defend_R","Bash","Cleave+1","Inflame+1","Pummel+1","Limit Break+1","Twin Strike","Berserk","Ghostly Armor","Shrug It Off"],"relics":["Burning Blood","NeowsBlessing","Golden Idol","Sundial","Red Skull","Black Star","MealTicket"],"potions_floor_usage":[16,16,22],"damage_taken":[{"damage":0,"enemies":"Small Slimes","floor":1,"turns":1},{"damage":0,"enemies":"2 Louse","floor":3,"turns":1},{"damage":0,"enemies":"3 Sentries","floor":7,"turns":2},{"damage":2,"enemies":"Jaw Worm","floor":10,"turns":3},{"damage":8,"enemies":"Blue Slaver","floor":12,"turns":2},{"damage":0,"enemies":"3 Louse","floor":14,"turns":1},{"damage":38,"enemies":"Slime Boss","floor":16,"turns":6},{"damage":34,"enemies":"Shell Parasite","floor":18,"turns":5},{"damage":33,"enemies":"Spheric Guardian","floor":19,"turns":4},{"damage":5,"enemies":"3 Cultists","floor":22,"turns":4},{"damage":45,"enemies":"Slavers","floor":24,"turns":2}],"seed_played":"708128461343646828","potions_obtained":[{"floor":1,"key":"Fire Potion"},{"floor":14,"key":"Fire Potion"},{"floor":18,"key":"LiquidBronze"},{"floor":19,"key":"GamblersBrew"}],"is_trial":false,"path_per_floor":["M","?","M","?","?","R","E","R","T","M","$","M","R","M","R","B",null,"M","M","$","?","M","R","E"],"character_chosen":"IRONCLAD","items_purchased":["Pummel","MealTicket"],"campfire_rested":1,"item_purchase_floors":[11,20],"current_hp_per_floor":[78,71,77,57,57,57,63,63,63,67,67,65,65,71,71,39,70,42,15,15,15,16,40,0],"gold":88,"neow_bonus":"THREE_ENEMY_KILL","is_prod":false,"is_daily":false,"chose_seed":false,"campfire_upgraded":4,"win_rate":0,"timestamp":1546130786,"path_taken":["M","?","M","?","?","R","E","R","T","M","$","?","R","M","R","BOSS","M","M","$","?","M","R","E"],"build_version":"2018-12-20","purchased_purges":2,"victory":false,"max_hp_per_floor":[80,80,80,80,80,80,80,80,80,80,80,80,80,80,80,80,80,80,80,80,80,80,80,80],"card_choices":[{"not_picked":["Searing Blow","Power Through"],"picked":"Cleave","floor":1},{"not_picked":["Rupture","Seeing Red"],"picked":"Inflame","floor":3},{"not_picked":["Havoc","Armaments","Clash"],"picked":"SKIP","floor":7},{"not_picked":["Clothesline","Armaments","Headbutt"],"picked":"SKIP","floor":10},{"not_picked":["Disarm","Rupture"],"picked":"Limit Break","floor":12},{"not_picked":["Thunderclap","Warcry"],"picked":"Twin Strike","floor":14},{"not_picked":["Dark Embrace","Fiend Fire"],"picked":"Berserk","floor":16},{"not_picked":["Clothesline+1","Intimidate"],"picked":"Ghostly Armor","floor":18},{"not_picked":["Clothesline","Power Through"],"picked":"Shrug It Off","floor":19},{"not_picked":["Wild Strike","Flex","Power Through"],"picked":"SKIP","floor":22}],"player_experience":650317,"relics_obtained":[{"floor":7,"key":"Sundial"},{"floor":9,"key":"Red Skull"}],"event_choices":[{"cards_removed":["Strike_R"],"damage_healed":0,"gold_gain":0,"player_choice":"Card Removal","damage_taken":7,"max_hp_gain":0,"max_hp_loss":0,"event_name":"Golden Wing","floor":2,"gold_loss":0},{"damage_healed":0,"gold_gain":0,"player_choice":"Take Damage","damage_taken":20,"relics_obtained":["Golden Idol"],"max_hp_gain":0,"max_hp_loss":0,"event_name":"Golden Idol","floor":4,"gold_loss":0},{"damage_healed":0,"gold_gain":175,"player_choice":"AGREE","damage_taken":0,"max_hp_gain":0,"max_hp_loss":0,"event_name":"Liars Game","floor":5,"gold_loss":0,"cards_obtained":["Doubt"]}],"is_beta":false,"boss_relics":[{"not_picked":["Calling Bell","Snecko Eye"],"picked":"Black Star"}],"items_purged_floors":[11,20],"is_endless":false,"potions_floor_spawned":[1,14,18,19],"killed_by":"Slavers","ascension_level":13}