{"gold_per_floor":[109,124,1,19,19,31,60,97,109,179,191,203,277,307,319,409,421,445,475,537,609,621],"floor_reached":22,"playtime":1051,"items_purged":["Strike_R"],"score":310,"play_id":"caf961a0-10f7-49f6-965b-e149459fb614","local_time":"20181229143838","is_ascension_mode":true,"campfire_choices":[{"data":"Whirlwind","floor":6,"key":"SMITH"},{"data":"Shrug It Off","floor":12,"key":"SMITH"},{"data":"Whirlwind","floor":15,"key":"SMITH"}],"neow_cost":"NONE","seed_source_timestamp":252051862549394,"circlet_count":0,"master_deck":["AscendersBane","Strike_R","Strike_R","Strike_R","Strike_R","Defend_R","Defend_R","Defend_R","Defend_R","Bash","Whirlwind+1","Shrug It Off+1","Whirlwind+1","Limit Break"],"relics":["Black Blood","MawBank","Pear","Bottled Flame","Red Skull","SsserpentHead"],"potions_floor_usage":[7,8,8,16,19,22],"damage_taken":[{"damage":6,"enemies":"Cultist","floor":1,"turns":3},{"damage":0,"enemies":"2 Louse","floor":2,"turns":1},{"damage":0,"enemies":"Small Slimes","floor":4,"turns":3},{"damage":2,"enemies":"2 Fungi Beasts","floor":7,"turns":3},{"damage":18,"enemies":"Gremlin Nob","floor":8,"turns":4},{"damage":33,"enemies":"Lagavulin Event","floor":10,"turns":5},{"damage":0,"enemies":"Lots of Slimes","floor":13,"turns":1},{"damage":0,"enemies":"Gremlin Gang","floor":14,"turns":1},{"damage":23,"enemies":"Slime Boss","floor":16,"turns":6},{"damage":0,"enemies":"3 Byrds","floor":18,"turns":5},{"damage":19,"enemies":"Chosen","floor":19,"turns":5},{"damage":51,"enemies":"Centurion and Healer","floor":21,"turns":10},{"damage":49,"enemies":"Shelled Parasite and Fungi","floor":22,"turns":5}],"seed_played":"5093455751128348874","potions_obtained":[{"floor":4,"key":"AttackPotion"},{"floor":7,"key":"Weak Potion"},{"floor":13,"key":"Poison Potion"},{"floor":14,"key":"LiquidBronze"},{"floor":18,"key":"SteroidPotion"}],"is_trial":false,"path_per_floor":["M","M","$","M","?","R","M","E","T","?","?","R","M","M","R","B",null,"M","M","?","M","M"],"character_chosen":"IRONCLAD","items_purchased":["SteroidPotion"],"campfire_rested":0,"item_purchase_floors":[3],"current_hp_per_floor":[72,78,78,80,73,73,77,75,75,48,48,48,54,60,60,43,78,88,79,79,38,0],"gold":621,"neow_bonus":"THREE_CARDS","is_prod":false,"is_daily":false,"chose_seed":false,"campfire_upgraded":3,"win_rate":0,"timestamp":1546123118,"path_taken":["M","?","$","M","?","R","M","E","T","?","?","R","?","M","R","BOSS","M","M","?","?","M"],"build_version":"2018-12-20","purchased_purges":1,"victory":false,"max_hp_per_floor":[80,80,80,80,80,80,80,90,90,90,90,90,90,90,90,90,90,90,90,90,90,90],"card_choices":[{"not_picked":["Searing Blow","Sever Soul"],"picked":"Heavy Blade","floor":0},{"not_picked":["Sword Boomerang","Fire Breathing"],"picked":"Whirlwind","floor":1},{"not_picked":["Sever Soul","Carnage","Armaments"],"picked":"SKIP","floor":2},{"not_picked":["Bloodletting","Twin Strike"],"picked":"Shrug It Off","floor":4},{"not_picked":["Infernal Blade","Entrench","Pommel Strike"],"picked":"SKIP","floor":7},{"not_picked":["Armaments","Seeing Red"],"picked":"Whirlwind","floor":8},{"not_picked":["Warcry","Reckless Charge","Iron Wave"],"picked":"SKIP","floor":13},{"not_picked":["Iron Wave","Carnage","Twin Strike"],"picked":"SKIP","floor":14},{"not_picked":["Brutality","Fiend Fire"],"picked":"Limit Break","floor":16},{"not_picked":["Warcry","Pommel Strike","Blood for Blood"],"picked":"SKIP","floor":18},{"not_picked":["Pommel Strike","True Grit","Entrench"],"picked":"SKIP","floor":19},{"not_picked":["Cleave","Anger","Clash"],"picked":"SKIP","floor":21}],"player_experience":643133,"relics_obtained":[{"floor":8,"key":"Pear"},{"floor":9,"key":"Bottled Flame"}],"event_choices":[{"damage_healed":0,"gold_gain":0,"player_choice":"Success","damage_taken":7,"relics_obtained":["MawBank"],"max_hp_gain":0,"max_hp_loss":0,"event_name":"Scrap Ooze","floor":5,"gold_loss":0},{"damage_healed":0,"gold_gain":0,"player_choice":"Searched \u00273\u0027 times","damage_taken":0,"relics_obtained":["Red Skull"],"max_hp_gain":0,"max_hp_loss":0,"event_name":"Dead Adventurer","floor":10,"gold_loss":0},{"damage_healed":0,"gold_gain":0,"player_choice":"Trade","damage_taken":0,"relics_obtained":["SsserpentHead"],"max_hp_gain":0,"max_hp_loss":0,"event_name":"FaceTrader","floor":11,"gold_loss":0},{"cards_removed":["Heavy Blade"],"damage_healed":0,"gold_gain":0,"player_choice":"Purged","damage_taken":0,"max_hp_gain":0,"max_hp_loss":0,"event_name":"Purifier","floor":20,"gold_loss":0}],"is_beta":false,"boss_relics":[{"not_picked":["Runic Cube","Pandora\u0027s Box"],"picked":"Black Blood"}],"items_purged_floors":[3],"is_endless":false,"potions_floor_spawned":[4,7,13,14,18],"killed_by":"Shelled Parasite and Fungi","ascension_level":13}