{"gold_per_floor":[119,69,86,101,276,276,302,377,377,377,48,48,68,85,85,188,188,128,53,70,87,104,132,132,159,185,185,204,304,324,339,339,339],"floor_reached":33,"playtime":1786,"items_purged":["Strike_B"],"score":330,"play_id":"d24ac551-2a7f-4446-97a6-8d1c5367a820","local_time":"20190708222907","is_ascension_mode":true,"campfire_choices":[{"data":"Zap","floor":6.0,"key":"SMITH"},{"floor":10.0,"key":"REST"},{"floor":12.0,"key":"REST"},{"data":"Creative AI","floor":15.0,"key":"SMITH"},{"floor":24.0,"key":"REST"},{"floor":27.0,"key":"REST"},{"floor":32,"key":"REST"}],"neow_cost":"NONE","seed_source_timestamp":0,"circlet_count":0,"master_deck":["Strike_B","Strike_B","Defend_B","Defend_B","Defend_B","Defend_B","Zap+1","Dualcast","Glacier","Self Repair","Machine Learning","Creative AI+1","Storm","Heatsinks","Coolheaded+1"],"special_seed":0,"relics":["Cracked Core","Mummified Hand","Velvet Choker","Pocketwatch","Blue Candle","Regal Pillow"],"potions_floor_usage":[30,31],"damage_taken":[{"damage":12.0,"enemies":"2 Louse","floor":1.0,"turns":3.0},{"damage":6.0,"enemies":"Small Slimes","floor":3.0,"turns":3.0},{"damage":7.0,"enemies":"Jaw Worm","floor":4.0,"turns":4.0},{"damage":41.0,"enemies":"Gremlin Nob","floor":7.0,"turns":7.0},{"damage":6.0,"enemies":"Large Slime","floor":13.0,"turns":7.0},{"damage":21.0,"enemies":"Red Slaver","floor":14.0,"turns":6.0},{"damage":11.0,"enemies":"Hexaghost","floor":16.0,"turns":10.0},{"damage":3.0,"enemies":"2 Thieves","floor":18.0,"turns":4.0},{"damage":17.0,"enemies":"Spheric Guardian","floor":20.0,"turns":4.0},{"damage":23.0,"enemies":"Cultist and Chosen","floor":21.0,"turns":8.0},{"damage":1.0,"enemies":"Snecko","floor":22.0,"turns":6.0},{"damage":19.0,"enemies":"Book of Stabbing","floor":23.0,"turns":6.0},{"damage":63.0,"enemies":"Slavers","floor":25.0,"turns":7.0},{"damage":21.0,"enemies":"Centurion and Healer","floor":28.0,"turns":4.0},{"damage":33,"enemies":"Shelled Parasite and Fungi","floor":30,"turns":7},{"damage":2,"enemies":"3 Cultists","floor":31,"turns":4},{"damage":66,"enemies":"Collector","floor":33,"turns":7}],"seed_played":"3065796129396306403","potions_obtained":[{"floor":0.0,"key":"SteroidPotion"},{"floor":0.0,"key":"EntropicBrew"},{"floor":0.0,"key":"EntropicBrew"},{"floor":13.0,"key":"Weak Potion"},{"floor":21.0,"key":"Poison Potion"},{"floor":25.0,"key":"AttackPotion"},{"floor":30,"key":"Explosive Potion"},{"floor":31,"key":"Dexterity Potion"}],"is_trial":false,"path_per_floor":["M","?","M","M","?","R","E","?","T","R","$","R","M","M","R","B",null,"M","?","M","M","M","E","R","E","T","R","M","?","M","M","R","B"],"character_chosen":"DEFECT","items_purchased":["Creative AI","Fruit Juice"],"campfire_rested":5,"item_purchase_floors":[11,11],"current_hp_per_floor":[63,63,57,50,50,50,16,5,5,27,32,56,57,43,43,39,80,80,80,70,54,60,48,72,16,16,55,41,41,15,20,59,0],"gold":339,"neow_bonus":"THREE_SMALL_POTIONS","is_prod":false,"is_daily":false,"chose_seed":false,"campfire_upgraded":2,"win_rate":0,"timestamp":1562639347,"path_taken":["M","?","M","M","?","R","E","?","T","R","$","R","M","?","R","BOSS","M","?","M","M","M","E","R","E","T","R","M","?","?","M","R","BOSS"],"build_version":"2019-07-05","purchased_purges":1,"victory":false,"max_hp_per_floor":[75,75,75,75,75,75,75,75,75,75,80,80,80,80,80,80,80,80,80,80,80,80,80,80,80,80,80,80,80,80,80,80,80],"card_choices":[{"not_picked":["Reinforced Body","Tempest"],"picked":"Glacier","floor":1.0},{"not_picked":["Gash","Hologram","Go for the Eyes"],"picked":"SKIP","floor":3.0},{"not_picked":["Auto Shields","Compile Driver"],"picked":"Self Repair","floor":4.0},{"not_picked":["Self Repair","Turbo"],"picked":"Machine Learning","floor":7.0},{"not_picked":["Aggregate","Chaos","Turbo"],"picked":"SKIP","floor":13.0},{"not_picked":["Streamline","Steam Power","Capacitor"],"picked":"SKIP","floor":14.0},{"not_picked":["Ball Lightning","Leap","White Noise"],"picked":"SKIP","floor":18.0},{"not_picked":["Melter","Scrape"],"picked":"Storm","floor":20.0},{"not_picked":["Redo+1","Steam Power","Reinforced Body"],"picked":"SKIP","floor":21.0},{"not_picked":["Leap","Rip and Tear"],"picked":"Heatsinks","floor":22.0},{"not_picked":["Hello World","Cold Snap","Ball Lightning"],"picked":"SKIP","floor":23.0},{"not_picked":["Hologram","Genetic Algorithm+1","Leap"],"picked":"SKIP","floor":25.0},{"not_picked":["Leap","Stack","FTL+1"],"picked":"SKIP","floor":28.0},{"not_picked":["Hologram","Sweeping Beam"],"picked":"Coolheaded+1","floor":30},{"not_picked":["Auto Shields","Ball Lightning","Double Energy"],"picked":"SKIP","floor":31}],"player_experience":224692,"relics_obtained":[{"floor":7.0,"key":"Mummified Hand"},{"floor":23.0,"key":"Pocketwatch"},{"floor":25.0,"key":"Blue Candle"},{"floor":26.0,"key":"Regal Pillow"}],"event_choices":[{"cards_removed":["Strike_B"],"damage_healed":0.0,"max_hp_gain":0.0,"max_hp_loss":0.0,"gold_gain":0.0,"event_name":"The Cleric","player_choice":"Card Removal","floor":2.0,"gold_loss":50.0,"damage_taken":0.0},{"damage_healed":0.0,"max_hp_gain":0.0,"max_hp_loss":0.0,"gold_gain":175.0,"event_name":"Liars Game","player_choice":"AGREE","floor":5.0,"gold_loss":0.0,"damage_taken":0.0,"cards_obtained":["Doubt"]},{"damage_healed":0.0,"max_hp_gain":0.0,"max_hp_loss":0.0,"gold_gain":75.0,"event_name":"World of Goop","player_choice":"Gather Gold","floor":8.0,"gold_loss":0.0,"damage_taken":11.0},{"cards_removed":["Doubt"],"damage_healed":0.0,"max_hp_gain":0.0,"max_hp_loss":0.0,"gold_gain":0.0,"event_name":"Beggar","player_choice":"Gave Gold","floor":19.0,"gold_loss":75.0,"damage_taken":0.0},{"damage_healed":0.0,"max_hp_gain":0.0,"max_hp_loss":0.0,"gold_gain":100.0,"event_name":"Golden Shrine","player_choice":"Pray","floor":29.0,"gold_loss":0.0,"damage_taken":0.0}],"is_beta":false,"boss_relics":[{"not_picked":["Fusion Hammer","Snecko Eye"],"picked":"Velvet Choker"}],"items_purged_floors":[11],"is_endless":false,"potions_floor_spawned":[13,14,21,25,30,31],"killed_by":"Collector","ascension_level":3}