{"gold_per_floor":[109,4,22,0,0,0,28,28,53,53,72,72,85,149,149,252,252,272,272,272,290,290,290,319,319,372,402,415,0,0],"floor_reached":30,"playtime":7640,"items_purged":["Warcry"],"score":289,"play_id":"8061a603-b170-4fa8-8c41-d0be89af70ac","local_time":"20190508223756","is_ascension_mode":false,"campfire_choices":[{"data":"Cleave","floor":6,"key":"SMITH"},{"data":"Defend_R","floor":8,"key":"SMITH"},{"data":"Armaments","floor":12,"key":"SMITH"},{"floor":15,"key":"REST"},{"data":"Bludgeon","floor":23,"key":"SMITH"},{"floor":25,"key":"REST"}],"neow_cost":"NONE","seed_source_timestamp":5073264489184,"circlet_count":0,"master_deck":["Strike_R","Strike_R","Strike_R","Strike_R","Strike_R","Defend_R","Defend_R","Defend_R","Defend_R+1","Bash","Thunderclap","Carnage","Cleave+1","Armaments+1","Perfected Strike","Inflame","Armaments+1","Perfected Strike","Bludgeon+1","Perfected Strike","Clash","Whirlwind","Perfected Strike"],"relics":["Black Blood","Pear","Regal Pillow","Bottled Flame","MutagenicStrength","Enchiridion","Kunai","Vajra","Bronze Scales","TheAbacus","Ancient Tea Set"],"potions_floor_usage":[14,14,16,24,24,27],"damage_taken":[{"damage":10,"enemies":"Cultist","floor":1,"turns":4},{"damage":2,"enemies":"Small Slimes","floor":3,"turns":2},{"damage":27,"enemies":"Gremlin Nob","floor":7,"turns":4},{"damage":6,"enemies":"Jaw Worm","floor":11,"turns":2},{"damage":7,"enemies":"Blue Slaver","floor":13,"turns":4},{"damage":17,"enemies":"3 Sentries","floor":14,"turns":4},{"damage":54,"enemies":"Slime Boss","floor":16,"turns":10},{"damage":37,"enemies":"3 Byrds","floor":18,"turns":7},{"damage":15,"enemies":"Chosen","floor":21,"turns":4},{"damage":46,"enemies":"Book of Stabbing","floor":24,"turns":4},{"damage":21,"enemies":"Gremlin Leader","floor":27,"turns":5},{"damage":40,"enemies":"Centurion and Healer","floor":28,"turns":4},{"damage":31,"enemies":"Cultist and Chosen","floor":30,"turns":4}],"seed_played":"-5359807912613833380","potions_obtained":[{"floor":1,"key":"Explosive Potion"},{"floor":7,"key":"Strength Potion"},{"floor":14,"key":"Energy Potion"},{"floor":16,"key":"Regen Potion"},{"floor":21,"key":"FearPotion"},{"floor":24,"key":"Weak Potion"}],"is_trial":false,"path_per_floor":["M","$","M","?","?","R","E","R","T","?","M","R","M","?","R","B",null,"M","?","?","M","?","R","E","R","T","E","M","$","M"],"character_chosen":"IRONCLAD","items_purchased":["Cleave","Armaments","TheAbacus","Ancient Tea Set"],"campfire_rested":2,"item_purchase_floors":[2,2,29,29],"current_hp_per_floor":[76,76,80,80,80,80,69,69,69,69,69,69,68,57,90,42,90,63,63,63,58,42,42,15,57,57,46,16,16,0],"gold":0,"neow_bonus":"THREE_CARDS","is_prod":false,"is_daily":false,"chose_seed":false,"campfire_upgraded":4,"win_rate":0.0,"timestamp":1557373076,"path_taken":["M","?","M","?","?","R","E","R","T","?","M","R","?","?","R","BOSS","M","?","?","M","?","R","E","R","T","E","M","$","M"],"build_version":"2019-01-23","purchased_purges":1,"victory":false,"max_hp_per_floor":[80,80,80,80,80,80,90,90,90,90,90,90,90,90,90,90,90,90,90,90,90,90,90,90,90,90,90,90,90,90],"card_choices":[{"not_picked":["Iron Wave","Battle Trance"],"picked":"Thunderclap","floor":0},{"not_picked":["Iron Wave","Feel No Pain"],"picked":"Carnage","floor":1},{"not_picked":["True Grit","Heavy Blade"],"picked":"Perfected Strike","floor":3},{"not_picked":["Clothesline","Double Tap"],"picked":"Inflame","floor":7},{"not_picked":["Anger","Shrug It Off"],"picked":"Armaments","floor":11},{"not_picked":["Headbutt","Uppercut"],"picked":"Perfected Strike","floor":13},{"not_picked":["Feed","Fiend Fire"],"picked":"Bludgeon","floor":16},{"not_picked":["Dropkick","Anger+1","Headbutt"],"picked":"SKIP","floor":18},{"not_picked":["Entrench","True Grit"],"picked":"Clash","floor":21},{"not_picked":["Entrench+1","Intimidate"],"picked":"Warcry","floor":24},{"not_picked":["Pummel","Twin Strike"],"picked":"Whirlwind","floor":27},{"not_picked":["Flame Barrier+1","Shrug It Off"],"picked":"Perfected Strike","floor":28}],"player_experience":15579,"relics_obtained":[{"floor":7,"key":"Pear"},{"floor":9,"key":"Regal Pillow"},{"floor":14,"key":"Bottled Flame"},{"floor":22,"key":"Enchiridion"},{"floor":24,"key":"Kunai"},{"floor":26,"key":"Vajra"},{"floor":27,"key":"Bronze Scales"}],"event_choices":[{"damage_healed":0,"gold_gain":0,"player_choice":"Left Gold","damage_taken":0,"max_hp_gain":0,"max_hp_loss":0,"event_name":"World of Goop","floor":4,"gold_loss":22},{"damage_healed":0,"gold_gain":0,"player_choice":"Grow","damage_taken":0,"max_hp_gain":0,"max_hp_loss":0,"event_name":"Living Wall","floor":5,"gold_loss":0,"cards_upgraded":["Armaments"]},{"damage_healed":0,"gold_gain":0,"player_choice":"Ignored","damage_taken":0,"max_hp_gain":0,"max_hp_loss":0,"event_name":"Liars Game","floor":10,"gold_loss":0},{"damage_healed":0,"gold_gain":30,"player_choice":"Searched \u00272\u0027 times","damage_taken":0,"max_hp_gain":0,"max_hp_loss":0,"event_name":"Dead Adventurer","floor":14,"gold_loss":0},{"damage_healed":0,"gold_gain":0,"player_choice":"Read","damage_taken":0,"max_hp_gain":0,"max_hp_loss":0,"event_name":"The Library","floor":19,"gold_loss":0,"cards_obtained":["Perfected Strike"]},{"damage_healed":0,"gold_gain":0,"player_choice":"Inject Mutagens","damage_taken":0,"relics_obtained":["MutagenicStrength"],"max_hp_gain":0,"max_hp_loss":0,"event_name":"Drug Dealer","floor":20,"gold_loss":0},{"damage_healed":0,"gold_gain":0,"player_choice":"Obtained Book","damage_taken":16,"max_hp_gain":0,"max_hp_loss":0,"event_name":"Cursed Tome","floor":22,"gold_loss":0}],"is_beta":false,"boss_relics":[{"not_picked":["Lizard Tail","Runic Cube"],"picked":"Black Blood"}],"items_purged_floors":[29],"is_endless":false,"potions_floor_spawned":[1,7,14,16,21,24],"killed_by":"Cultist and Chosen","ascension_level":0}