{"gold_per_floor":[113,113,130,149,168,168,15,15,85,45,45,70,88,119,119,215,215,235,235,137,157,157,157,157,172,196,196,207,235,235],"floor_reached":30,"playtime":2347,"items_purged":[],"score":258,"play_id":"c46c8c88-9fd6-43e5-b573-0001b34dcc6e","local_time":"20190707212216","is_ascension_mode":false,"campfire_choices":[{"data":"Combust","floor":6,"key":"SMITH"},{"data":"Cleave","floor":11,"key":"SMITH"},{"data":"Blood for Blood","floor":15,"key":"SMITH"},{"data":"RitualDagger","floor":24,"key":"SMITH"},{"floor":27,"key":"REST"}],"neow_cost":"NONE","seed_source_timestamp":1689829861855743,"circlet_count":0,"master_deck":["Strike_R","Strike_R","Strike_R","Strike_R","Strike_R","Defend_R","Defend_R","Defend_R","Defend_R","Bash+1","Ghostly Armor","Cleave+1","Combust+1","Impervious","Blood for Blood+1","Barricade","Fire Breathing+1","Flex","Cleave+1","RitualDagger+1","Thunderclap+1","Headbutt","Rage+1"],"relics":["Burning Blood","Lantern","Paper Frog","Orichalcum","Gambling Chip","Runic Pyramid","Bottled Flame","Bag of Preparation","Shuriken"],"potions_floor_usage":[16,18,28,29,29],"damage_taken":[{"damage":6,"enemies":"2 Louse","floor":1,"turns":3},{"damage":1,"enemies":"Cultist","floor":3,"turns":3},{"damage":2,"enemies":"Small Slimes","floor":4,"turns":4},{"damage":20,"enemies":"Exordium Thugs","floor":5,"turns":5},{"damage":14,"enemies":"3 Sentries","floor":12,"turns":4},{"damage":3,"enemies":"Blue Slaver","floor":13,"turns":3},{"damage":15,"enemies":"Lagavulin","floor":14,"turns":5},{"damage":25,"enemies":"The Guardian","floor":16,"turns":8},{"damage":17,"enemies":"Spheric Guardian","floor":18,"turns":4},{"damage":6,"enemies":"Chosen","floor":21,"turns":3},{"damage":27,"enemies":"Centurion and Healer","floor":25,"turns":5},{"damage":17,"enemies":"Chosen and Byrds","floor":28,"turns":5},{"damage":31,"enemies":"Book of Stabbing","floor":29,"turns":6},{"damage":27,"enemies":"Snake Plant","floor":30,"turns":2}],"seed_played":"-1764840723261951948","potions_obtained":[{"floor":1,"key":"Regen Potion"},{"floor":3,"key":"Swift Potion"},{"floor":10,"key":"Block Potion"},{"floor":10,"key":"AttackPotion"},{"floor":16,"key":"Strength Potion"},{"floor":29,"key":"Dexterity Potion"}],"is_trial":false,"path_per_floor":["M","?","M","M","M","R","$","$","T","?","R","E","M","E","R","B",null,"M","?","$","M","?","T","R","M","T","R","M","E","M"],"character_chosen":"IRONCLAD","items_purchased":["Lantern","Flex","Energy Potion"],"campfire_rested":1,"item_purchase_floors":[7,20,20],"current_hp_per_floor":[80,80,80,80,66,66,66,66,66,66,66,58,61,52,52,33,80,69,54,54,54,48,48,48,27,27,52,46,21,0],"gold":235,"neow_bonus":"UPGRADE_CARD","is_prod":false,"is_daily":false,"chose_seed":false,"campfire_upgraded":4,"win_rate":0,"timestamp":1562552536,"path_taken":["M","?","M","M","M","R","?","$","T","?","R","E","M","E","R","BOSS","M","?","$","M","?","?","R","M","T","R","?","E","M"],"build_version":"2019-07-05","purchased_purges":0,"victory":false,"max_hp_per_floor":[80,80,80,80,80,80,80,80,80,80,80,80,80,80,80,80,80,80,85,85,85,85,85,85,85,85,85,85,85,85],"card_choices":[{"not_picked":["Armaments","Body Slam"],"picked":"Twin Strike","floor":1},{"not_picked":["True Grit","Armaments"],"picked":"Ghostly Armor","floor":3},{"not_picked":["Warcry","Evolve"],"picked":"Cleave","floor":4},{"not_picked":["Uppercut","Reckless Charge"],"picked":"Combust","floor":5},{"not_picked":["True Grit","Shrug It Off"],"picked":"Impervious","floor":12},{"not_picked":["Whirlwind","Pummel","Havoc"],"picked":"SKIP","floor":13},{"not_picked":["Shrug It Off","True Grit"],"picked":"Blood for Blood","floor":14},{"not_picked":["Dark Embrace","Brutality"],"picked":"Barricade","floor":16},{"not_picked":["Twin Strike","Sword Boomerang"],"picked":"Fire Breathing+1","floor":18},{"not_picked":["Havoc","Wild Strike"],"picked":"Cleave+1","floor":21},{"not_picked":["Perfected Strike","Bloodletting"],"picked":"Thunderclap+1","floor":25},{"not_picked":["Wild Strike","Havoc"],"picked":"Headbutt","floor":28},{"not_picked":["Dropkick","Cleave+1"],"picked":"Rage+1","floor":29}],"player_experience":267223,"relics_obtained":[{"floor":9,"key":"Paper Frog"},{"floor":12,"key":"Orichalcum"},{"floor":14,"key":"Gambling Chip"},{"floor":23,"key":"Bottled Flame"},{"floor":26,"key":"Bag of Preparation"},{"floor":29,"key":"Shuriken"}],"event_choices":[{"cards_removed":["Twin Strike"],"damage_healed":5,"gold_gain":0,"player_choice":"Offered Common","damage_taken":0,"max_hp_gain":0,"max_hp_loss":0,"event_name":"Bonfire Elementals","floor":2,"gold_loss":0},{"cards_removed":["Twin Strike"],"damage_healed":5,"gold_gain":0,"player_choice":"Offered Special","damage_taken":0,"max_hp_gain":0,"max_hp_loss":0,"event_name":"Bonfire Elementals","floor":2,"gold_loss":0},{"damage_healed":0,"gold_gain":0,"player_choice":"Bought 3 Potions","damage_taken":0,"max_hp_gain":0,"max_hp_loss":0,"event_name":"The Woman in Blue","floor":10,"gold_loss":0},{"damage_healed":0,"gold_gain":0,"player_choice":"Shed Blood","damage_taken":20,"max_hp_gain":5,"max_hp_loss":0,"event_name":"Forgotten Altar","floor":19,"gold_loss":0},{"damage_healed":0,"gold_gain":0,"player_choice":"Joined the Cult","damage_taken":6,"max_hp_gain":0,"max_hp_loss":0,"event_name":"Nest","floor":22,"gold_loss":0,"cards_obtained":["RitualDagger"]}],"is_beta":false,"boss_relics":[{"not_picked":["Busted Crown","Empty Cage"],"picked":"Runic Pyramid"}],"items_purged_floors":[],"is_endless":false,"potions_floor_spawned":[1,3,16,21,25,29],"killed_by":"Snake Plant","ascension_level":0}