{"gold_per_floor":[111,111,128,139,156,156,187,187,212,174,206,237,249,261,273,389,401,428,454,466,478,505,517],"floor_reached":23,"playtime":1129,"items_purged":[],"score":222,"play_id":"fc71bd23-496f-43bb-b6ca-24b747d3d24d","local_time":"20190630221613","is_ascension_mode":true,"campfire_choices":[{"data":"Metallicize","floor":6,"key":"SMITH"},{"data":"Shrug It Off","floor":8,"key":"SMITH"},{"data":"Body Slam","floor":13,"key":"SMITH"},{"data":"Dual Wield","floor":15,"key":"SMITH"}],"neow_cost":"PERCENT_DAMAGE","seed_source_timestamp":1025245918577723,"circlet_count":0,"master_deck":["Strike_R+1","Strike_R","Strike_R+1","Defend_R","Defend_R","Defend_R","Bash","Metallicize+1","Shrug It Off+1","Body Slam+1","Corruption","Dual Wield+1","Dark Embrace","Metallicize+1","Ghostly Armor+1"],"relics":["Burning Blood","Happy Flower","MawBank","Cursed Key"],"potions_floor_usage":[22,22],"damage_taken":[{"damage":6,"enemies":"2 Louse","floor":1,"turns":4},{"damage":7,"enemies":"Small Slimes","floor":3,"turns":4},{"damage":0,"enemies":"Jaw Worm","floor":4,"turns":5},{"damage":3,"enemies":"Exordium Wildlife","floor":5,"turns":3},{"damage":17,"enemies":"3 Sentries","floor":7,"turns":9},{"damage":14,"enemies":"Red Slaver","floor":11,"turns":5},{"damage":11,"enemies":"Large Slime","floor":12,"turns":6},{"damage":15,"enemies":"Hexaghost","floor":16,"turns":13},{"damage":35,"enemies":"Spheric Guardian","floor":18,"turns":6},{"damage":18,"enemies":"Shell Parasite","floor":19,"turns":6},{"damage":31,"enemies":"Snecko","floor":22,"turns":7},{"damage":23,"enemies":"Slavers","floor":23,"turns":3}],"seed_played":"-4815494836523615087","potions_obtained":[{"floor":4,"key":"LiquidBronze"},{"floor":5,"key":"Weak Potion"},{"floor":16,"key":"Energy Potion"}],"is_trial":false,"path_per_floor":["M","?","M","M","M","R","E","R","T","?","M","M","R","$","R","B",null,"M","M","$","?","M","E"],"character_chosen":"IRONCLAD","items_purchased":[],"campfire_rested":0,"item_purchase_floors":[],"current_hp_per_floor":[56,40,39,45,48,48,37,37,37,37,29,24,24,24,24,15,80,51,39,39,39,14,0],"gold":517,"neow_bonus":"REMOVE_TWO","is_prod":false,"is_daily":false,"chose_seed":false,"campfire_upgraded":4,"win_rate":0,"timestamp":1561958173,"path_taken":["M","?","M","M","M","R","E","R","T","?","M","M","R","?","R","BOSS","M","M","$","?","M","E"],"build_version":"2019-01-23","purchased_purges":0,"victory":false,"max_hp_per_floor":[80,80,80,80,80,80,80,80,80,80,80,80,80,80,80,80,80,80,80,80,80,80,80],"card_choices":[{"not_picked":["Clothesline","Sever Soul","Combust"],"picked":"SKIP","floor":1},{"not_picked":["Shockwave","Heavy Blade"],"picked":"Metallicize","floor":3},{"not_picked":["Anger","Battle Trance"],"picked":"Shrug It Off","floor":4},{"not_picked":["Warcry","True Grit"],"picked":"Body Slam","floor":5},{"not_picked":["Warcry","Sword Boomerang"],"picked":"Corruption","floor":7},{"not_picked":["Thunderclap","Wild Strike","Blood for Blood"],"picked":"SKIP","floor":11},{"not_picked":["Flex","Headbutt"],"picked":"Dual Wield","floor":12},{"not_picked":["Immolate","Offering"],"picked":"Dark Embrace","floor":16},{"not_picked":["Infernal Blade","Combust+1","Iron Wave"],"picked":"SKIP","floor":18},{"not_picked":["Dual Wield+1","Whirlwind","Sword Boomerang"],"picked":"SKIP","floor":19},{"not_picked":["Anger","Heavy Blade+1"],"picked":"Ghostly Armor+1","floor":22}],"player_experience":229834,"relics_obtained":[{"floor":7,"key":"Happy Flower"},{"floor":9,"key":"MawBank"}],"event_choices":[{"damage_healed":0,"gold_gain":0,"player_choice":"Entered Light","damage_taken":16,"max_hp_gain":0,"max_hp_loss":0,"event_name":"Shining Light","floor":2,"gold_loss":0,"cards_upgraded":["Strike_R","Strike_R"]},{"cards_removed":["Strike_R"],"damage_healed":0,"gold_gain":0,"player_choice":"Card Removal","damage_taken":0,"max_hp_gain":0,"max_hp_loss":0,"event_name":"The Cleric","floor":10,"gold_loss":50},{"damage_healed":0,"gold_gain":0,"player_choice":"Copied","damage_taken":0,"max_hp_gain":0,"max_hp_loss":0,"event_name":"Duplicator","floor":21,"gold_loss":0,"cards_obtained":["Metallicize"]}],"is_beta":false,"boss_relics":[{"not_picked":["Busted Crown","Runic Dome"],"picked":"Cursed Key"}],"items_purged_floors":[],"is_endless":false,"potions_floor_spawned":[4,5,16],"killed_by":"Slavers","ascension_level":3}