{"gold_per_floor":[213,227,237,237,237,268,268,296,296,15,15,33,47,63,63,160,160,176,176,186,3,19,44,44,72,84,96,141,167,279,309,321,333],"floor_reached":33,"playtime":2045,"items_purged":[],"score":359,"play_id":"6a1b1a51-e207-493b-a486-52971da931cb","local_time":"20190623103812","is_ascension_mode":true,"campfire_choices":[{"data":"Cleave","floor":7,"key":"SMITH"},{"floor":11,"key":"REST"},{"data":"Cleave","floor":15,"key":"SMITH"},{"floor":24,"key":"REST"},{"data":"Barricade","floor":27,"key":"SMITH"},{"floor":32,"key":"REST"}],"neow_cost":"NONE","seed_source_timestamp":441876238029224,"circlet_count":0,"master_deck":["Strike_R","Strike_R","Strike_R","Strike_R","Strike_R","Defend_R","Defend_R","Defend_R","Defend_R","Bash","Cleave+1","Cleave+1","Carnage","Metallicize","Barricade+1","Rage","Flex+1","Iron Wave"],"relics":["Burning Blood","Gremlin Horn","Bag of Marbles","Orichalcum","Paper Frog","Mercury Hourglass","Black Star","Lantern","Toxic Egg 2","Boot","MawBank","PreservedInsect","Pear","Matryoshka","Bottled Flame"],"potions_floor_usage":[22,23,25,25,31,33,33],"damage_taken":[{"damage":3,"enemies":"2 Louse","floor":1,"turns":4},{"damage":5,"enemies":"Jaw Worm","floor":2,"turns":5},{"damage":4,"enemies":"Cultist","floor":3,"turns":4},{"damage":28,"enemies":"Gremlin Nob","floor":6,"turns":4},{"damage":44,"enemies":"Lagavulin","floor":8,"turns":6},{"damage":4,"enemies":"Looter","floor":12,"turns":2},{"damage":0,"enemies":"Gremlin Gang","floor":13,"turns":1},{"damage":0,"enemies":"2 Fungi Beasts","floor":14,"turns":1},{"damage":32,"enemies":"Slime Boss","floor":16,"turns":7},{"damage":8,"enemies":"2 Thieves","floor":18,"turns":3},{"damage":15,"enemies":"Spheric Guardian","floor":20,"turns":4},{"damage":12,"enemies":"Shelled Parasite and Fungi","floor":22,"turns":2},{"damage":14,"enemies":"Gremlin Leader","floor":23,"turns":4},{"damage":24,"enemies":"Book of Stabbing","floor":25,"turns":4},{"damage":0,"enemies":"Gremlin Leader","floor":28,"turns":3},{"damage":7,"enemies":"Cultist and Chosen","floor":29,"turns":3},{"damage":8,"enemies":"Centurion and Healer","floor":31,"turns":3},{"damage":95,"enemies":"Champ","floor":33,"turns":17}],"seed_played":"5803100284430398998","potions_obtained":[{"floor":1,"key":"Fire Potion"},{"floor":3,"key":"SkillPotion"},{"floor":6,"key":"SpeedPotion"},{"floor":8,"key":"Fire Potion"},{"floor":23,"key":"PowerPotion"},{"floor":25,"key":"SteroidPotion"},{"floor":28,"key":"SteroidPotion"},{"floor":31,"key":"Weak Potion"}],"is_trial":false,"path_per_floor":["M","M","M","?","T","E","R","E","T","$","R","M","M","M","R","B",null,"M","?","M","$","M","E","R","E","T","R","E","M","?","M","R","B"],"character_chosen":"IRONCLAD","items_purchased":["Mercury Hourglass","Metallicize","Lantern","Rage"],"campfire_rested":3,"item_purchase_floors":[10,10,21,21],"current_hp_per_floor":[80,80,80,80,80,58,58,20,20,20,44,46,52,58,58,32,80,78,78,69,69,63,55,79,61,71,71,77,76,76,74,90,0],"gold":333,"neow_bonus":"HUNDRED_GOLD","is_prod":false,"is_daily":false,"chose_seed":false,"campfire_upgraded":3,"win_rate":0,"timestamp":1561304292,"path_taken":["M","M","M","?","?","E","R","E","T","$","R","M","M","M","R","BOSS","M","?","M","$","?","E","R","E","T","R","E","M","?","M","R","BOSS"],"build_version":"2019-01-23","purchased_purges":0,"victory":false,"max_hp_per_floor":[80,80,80,80,80,80,80,80,80,80,80,80,80,80,80,80,80,80,80,80,80,80,80,80,80,90,90,90,90,90,90,90,90],"card_choices":[{"not_picked":["Blood for Blood","Heavy Blade","Havoc"],"picked":"SKIP","floor":1},{"not_picked":["Sentinel","Thunderclap"],"picked":"Cleave","floor":2},{"not_picked":["Shrug It Off","Pommel Strike"],"picked":"Cleave","floor":3},{"not_picked":["Feel No Pain","Entrench"],"picked":"Carnage","floor":6},{"not_picked":["Perfected Strike","Intimidate","Shrug It Off"],"picked":"SKIP","floor":8},{"not_picked":["Clothesline","Shrug It Off"],"picked":"Carnage","floor":12},{"not_picked":["Wild Strike","Intimidate","Sword Boomerang"],"picked":"SKIP","floor":13},{"not_picked":["Spot Weakness","Power Through","Dark Embrace"],"picked":"SKIP","floor":14},{"not_picked":["Offering","Brutality"],"picked":"Barricade","floor":16},{"not_picked":["Burning Pact+1","Infernal Blade","Bloodletting"],"picked":"SKIP","floor":18},{"not_picked":["Warcry","Disarm+1","Reckless Charge"],"picked":"SKIP","floor":20},{"not_picked":["Sentinel+1","Bloodletting","True Grit"],"picked":"SKIP","floor":22},{"not_picked":["Blood for Blood","Spot Weakness"],"picked":"Flex","floor":23},{"not_picked":["Thunderclap+1","Burning Pact+1"],"picked":"Iron Wave","floor":25},{"not_picked":["Thunderclap","Reaper","True Grit+1"],"picked":"SKIP","floor":28},{"not_picked":["Clash+1","Twin Strike","Wild Strike"],"picked":"SKIP","floor":29},{"not_picked":["Perfected Strike","True Grit+1","Body Slam"],"picked":"SKIP","floor":31}],"player_experience":147220,"relics_obtained":[{"floor":5,"key":"Gremlin Horn"},{"floor":6,"key":"Bag of Marbles"},{"floor":8,"key":"Orichalcum"},{"floor":9,"key":"Paper Frog"},{"floor":23,"key":"Toxic Egg 2"},{"floor":23,"key":"Boot"},{"floor":25,"key":"MawBank"},{"floor":25,"key":"PreservedInsect"},{"floor":26,"key":"Pear"},{"floor":28,"key":"Matryoshka"},{"floor":28,"key":"Bottled Flame"}],"event_choices":[{"damage_healed":0,"gold_gain":0,"player_choice":"Ignored","damage_taken":0,"max_hp_gain":0,"max_hp_loss":0,"event_name":"Shining Light","floor":4,"gold_loss":0},{"cards_removed":["Carnage"],"damage_healed":0,"gold_gain":0,"player_choice":"Purged","damage_taken":0,"max_hp_gain":0,"max_hp_loss":0,"event_name":"Purifier","floor":19,"gold_loss":0},{"damage_healed":0,"gold_gain":100,"player_choice":"Pray","damage_taken":0,"max_hp_gain":0,"max_hp_loss":0,"event_name":"Golden Shrine","floor":30,"gold_loss":0}],"is_beta":false,"boss_relics":[{"not_picked":["White Beast Statue","Ectoplasm"],"picked":"Black Star"}],"items_purged_floors":[],"is_endless":false,"potions_floor_spawned":[1,3,6,8,14,23,25,28,31],"killed_by":"Champ","ascension_level":1}