{"gold_per_floor":[113,113,129,147,158,174,174,192,271,282,40,40,40,70,70,70],"floor_reached":16,"playtime":1273,"items_purged":[],"score":94,"play_id":"0bac92d8-c2ec-4234-85eb-229d63029c49","local_time":"20190701221736","is_ascension_mode":false,"campfire_choices":[{"data":"Poisoned Stab","floor":7,"key":"SMITH"},{"data":"Deadly Poison","floor":15,"key":"SMITH"}],"neow_cost":"NONE","seed_source_timestamp":1175818624589870,"circlet_count":0,"master_deck":["Strike_G","Strike_G","Strike_G","Strike_G","Defend_G","Defend_G","Defend_G","Defend_G","Defend_G","Survivor","Neutralize","Poisoned Stab+1","Dagger Throw","Dagger Spray","Deadly Poison+1"],"relics":["Ring of the Snake","Meat on the Bone","Pear","Odd Mushroom"],"potions_floor_usage":[14,16],"damage_taken":[{"damage":2,"enemies":"Small Slimes","floor":1,"turns":4},{"damage":0,"enemies":"Cultist","floor":3,"turns":4},{"damage":0,"enemies":"2 Louse","floor":4,"turns":3},{"damage":2,"enemies":"Looter","floor":5,"turns":4},{"damage":4,"enemies":"3 Louse","floor":6,"turns":4},{"damage":5,"enemies":"Gremlin Gang","floor":8,"turns":5},{"damage":2,"enemies":"2 Fungi Beasts","floor":10,"turns":4},{"damage":0,"enemies":"The Mushroom Lair","floor":14,"turns":3},{"damage":68,"enemies":"Slime Boss","floor":16,"turns":11}],"seed_played":"5738655805094332928","potions_obtained":[{"floor":0,"key":"SpeedPotion"},{"floor":0,"key":"Ancient Potion"},{"floor":0,"key":"Energy Potion"},{"floor":3,"key":"Fire Potion"},{"floor":14,"key":"Fire Potion"}],"is_trial":false,"path_per_floor":["M","?","M","M","M","M","R","M","T","M","$","?","?","?","R","B"],"character_chosen":"THE_SILENT","items_purchased":["Pear"],"campfire_rested":0,"item_purchase_floors":[11],"current_hp_per_floor":[68,68,68,68,66,62,62,57,57,55,65,65,65,65,65,0],"gold":70,"neow_bonus":"THREE_SMALL_POTIONS","is_prod":false,"is_daily":false,"chose_seed":false,"campfire_upgraded":2,"win_rate":0.0,"timestamp":1562037456,"path_taken":["M","?","M","M","M","?","R","M","T","M","$","?","?","?","R","BOSS"],"build_version":"2019-07-01","purchased_purges":0,"victory":false,"max_hp_per_floor":[70,70,70,70,70,70,70,70,70,70,80,80,80,80,80,80],"card_choices":[{"not_picked":["Deflect","Bouncing Flask"],"picked":"Poisoned Stab","floor":1},{"not_picked":["Prepared","Leg Sweep"],"picked":"Dagger Throw","floor":3},{"not_picked":["Blade Dance","Prepared","Dash"],"picked":"SKIP","floor":4},{"not_picked":["Bullet Time","Tactician","Quick Slash"],"picked":"SKIP","floor":5},{"not_picked":["Accuracy","Sucker Punch","Finisher"],"picked":"SKIP","floor":6},{"not_picked":["Outmaneuver","Terror"],"picked":"Dagger Spray","floor":8},{"not_picked":["Sucker Punch","Bane","Tactician"],"picked":"SKIP","floor":10},{"not_picked":["Sucker Punch","Bane"],"picked":"Deadly Poison","floor":14}],"player_experience":199551,"relics_obtained":[{"floor":9,"key":"Meat on the Bone"},{"floor":14,"key":"Odd Mushroom"}],"event_choices":[{"cards_removed":["Strike_G"],"damage_healed":0,"gold_gain":0,"player_choice":"Purged","damage_taken":0,"max_hp_gain":0,"max_hp_loss":0,"event_name":"Purifier","floor":2,"gold_loss":0},{"damage_healed":0,"gold_gain":0,"player_choice":"Ignored","damage_taken":0,"max_hp_gain":0,"max_hp_loss":0,"event_name":"Liars Game","floor":12,"gold_loss":0},{"damage_healed":0,"gold_gain":0,"player_choice":"Ignored","damage_taken":0,"max_hp_gain":0,"max_hp_loss":0,"event_name":"Golden Wing","floor":13,"gold_loss":0},{"damage_healed":0,"gold_gain":0,"player_choice":"Fought Mushrooms","damage_taken":0,"max_hp_gain":0,"max_hp_loss":0,"event_name":"Mushrooms","floor":14,"gold_loss":0}],"is_beta":false,"boss_relics":[],"items_purged_floors":[],"is_endless":false,"potions_floor_spawned":[3,4,10,14],"killed_by":"Slime Boss","ascension_level":0}