{"gold_per_floor":[112,15,30,30,42,71,41,70,70,44,72,72,72],"floor_reached":13,"playtime":989,"items_purged":["Strike_G"],"score":145,"play_id":"6753c608-380f-48fa-bf3c-bd3d82a062fe","local_time":"20190708195400","is_ascension_mode":true,"campfire_choices":[{"floor":12,"key":"REST"}],"neow_cost":"NONE","seed_source_timestamp":293580615607880,"circlet_count":0,"master_deck":["Strike_G","Strike_G","Strike_G","Defend_G","Defend_G","Defend_G","Defend_G","Defend_G","Survivor","Neutralize","Backflip","Deadly Poison","Leg Sweep","Footwork","Blur","Noxious Fumes","Dodge and Roll"],"relics":["Black Star","Strawberry","Shuriken","Pen Nib","Happy Flower","Snake Skull","Kunai","Bag of Preparation"],"potions_floor_usage":[13],"damage_taken":[{"damage":0,"enemies":"Jaw Worm","floor":1,"turns":4},{"damage":4,"enemies":"Cultist","floor":3,"turns":5},{"damage":4,"enemies":"Small Slimes","floor":5,"turns":5},{"damage":26,"enemies":"Lagavulin","floor":6,"turns":11},{"damage":1,"enemies":"Looter","floor":7,"turns":4},{"damage":8,"enemies":"3 Sentries","floor":8,"turns":22},{"damage":0,"enemies":"Lagavulin","floor":11,"turns":8},{"damage":59,"enemies":"Gremlin Gang","floor":13,"turns":3}],"seed_played":"-4648148360578916469","potions_obtained":[{"floor":6,"key":"GamblersBrew"},{"floor":11,"key":"Energy Potion"}],"is_trial":false,"path_per_floor":["M","$","M","?","M","E","M","E","T","$","E","R","M"],"character_chosen":"THE_SILENT","items_purchased":["Backflip","Dodge and Roll"],"campfire_rested":1,"item_purchase_floors":[2,10],"current_hp_per_floor":[70,70,66,66,62,43,42,34,34,34,34,57,0],"gold":72,"neow_bonus":"BOSS_RELIC","is_prod":false,"is_daily":false,"chose_seed":false,"campfire_upgraded":0,"win_rate":0,"timestamp":1562630040,"path_taken":["M","$","M","?","M","E","?","E","T","$","E","R","?"],"build_version":"2019-07-05","purchased_purges":1,"victory":false,"max_hp_per_floor":[70,70,70,70,70,77,77,77,77,77,77,77,77],"card_choices":[{"not_picked":["Acrobatics","Dagger Spray","Cloak And Dagger"],"picked":"SKIP","floor":1},{"not_picked":["Deflect","Flechettes","Quick Slash"],"picked":"SKIP","floor":3},{"not_picked":["Poisoned Stab","Outmaneuver"],"picked":"Leg Sweep","floor":5},{"not_picked":["Sucker Punch","Finisher"],"picked":"Footwork","floor":6},{"not_picked":["Quick Slash","Masterful Stab"],"picked":"Blur","floor":7},{"not_picked":["Venomology","Distraction"],"picked":"Noxious Fumes","floor":8},{"not_picked":["Dagger Throw","Accuracy","Outmaneuver"],"picked":"SKIP","floor":11}],"player_experience":218403,"relics_obtained":[{"floor":6,"key":"Strawberry"},{"floor":6,"key":"Shuriken"},{"floor":8,"key":"Pen Nib"},{"floor":8,"key":"Happy Flower"},{"floor":9,"key":"Snake Skull"},{"floor":11,"key":"Kunai"},{"floor":11,"key":"Bag of Preparation"}],"event_choices":[{"damage_healed":0,"gold_gain":0,"cards_transformed":["Strike_G"],"player_choice":"Transformed","damage_taken":0,"max_hp_gain":0,"max_hp_loss":0,"event_name":"Transmorgrifier","floor":4,"gold_loss":0,"cards_obtained":["Deadly Poison"]}],"is_beta":false,"boss_relics":[],"items_purged_floors":[2],"is_endless":false,"potions_floor_spawned":[6,11],"killed_by":"Gremlin Gang","ascension_level":3}