{"gold_per_floor":[117,117,135,148,70,102,114,114,137,171,97,117,117,130,130,225,225,240,251,251,177,227,227],"floor_reached":23,"playtime":2502,"items_purged":[],"score":226,"play_id":"2788695a-2905-4f28-825b-9ef797c4a6b8","local_time":"20180628225307","is_ascension_mode":false,"campfire_choices":[{"data":"Dash","floor":8,"key":"SMITH"},{"floor":15,"key":"REST"}],"neow_cost":"NONE","seed_source_timestamp":865984344057816,"circlet_count":0,"master_deck":["Defend_G","Defend_G","Strike_G","Strike_G","Strike_G","Survivor","Neutralize","Outmaneuver","Dash+1","Backflip","Dash","Deflect","Deflect","Footwork","Flechettes","PiercingWail","Burst","Predator+1","Unload+1","Footwork","Footwork"],"relics":["Ring of the Snake","Vajra","Strawberry","Regal Pillow","Astrolabe"],"potions_floor_usage":[16,16,23],"damage_taken":[{"damage":0,"enemies":"Cultist","floor":1,"turns":5},{"damage":3,"enemies":"Jaw Worm","floor":3,"turns":8},{"damage":0,"enemies":"2 Louse","floor":4,"turns":2},{"damage":26,"enemies":"Lagavulin","floor":6,"turns":11},{"damage":0,"enemies":"Large Slime","floor":7,"turns":8},{"damage":7,"enemies":"3 Sentries","floor":10,"turns":10},{"damage":0,"enemies":"Exordium Thugs","floor":12,"turns":5},{"damage":0,"enemies":"Gremlin Gang","floor":14,"turns":6},{"damage":52,"enemies":"Slime Boss","floor":16,"turns":22},{"damage":11,"enemies":"Spheric Guardian","floor":18,"turns":4},{"damage":15,"enemies":"Shell Parasite","floor":19,"turns":6},{"damage":95,"enemies":"Gremlin Leader","floor":23,"turns":14}],"seed_played":"-1123635591216922886","potions_obtained":[{"floor":1,"key":"PowerPotion"},{"floor":4,"key":"Explosive Potion"},{"floor":6,"key":"AttackPotion"},{"floor":10,"key":"SpeedPotion"}],"is_trial":false,"path_per_floor":["M","$","M","M","$","E","M","R","T","E","$","M","?","M","R","B",null,"M","M","?","$","?"],"character_chosen":"THE_SILENT","items_purchased":["Dash","Footwork","Footwork"],"campfire_rested":1,"item_purchase_floors":[5,11,21],"current_hp_per_floor":[70,70,67,67,67,41,41,41,48,41,41,41,34,34,72,20,77,66,51,87,87,87,0],"gold":227,"neow_bonus":"REMOVE_CARD","is_prod":false,"is_daily":false,"chose_seed":false,"campfire_upgraded":1,"win_rate":0.0,"timestamp":1530251587,"path_taken":["M","?","?","M","$","E","M","R","T","E","?","?","?","M","R","BOSS","M","M","?","$","?","E"],"build_version":"2018-06-28","purchased_purges":0,"victory":false,"max_hp_per_floor":[70,70,70,70,70,70,70,70,77,77,77,77,77,77,77,77,77,77,77,87,87,87,87],"card_choices":[{"not_picked":["Blade Dance","Calculated Gamble"],"picked":"Outmaneuver","floor":1},{"not_picked":["Predator","Dagger Spray"],"picked":"Dash","floor":3},{"not_picked":["Underhanded Strike","Terror"],"picked":"Backflip","floor":4},{"not_picked":["Masterful Stab","Dagger Spray","Heel Hook"],"picked":"SKIP","floor":6},{"not_picked":["Backstab","Outmaneuver"],"picked":"Deflect","floor":7},{"not_picked":["Backstab","Outmaneuver"],"picked":"Deflect","floor":10},{"not_picked":["Escape Plan","Outmaneuver"],"picked":"Flechettes","floor":12},{"not_picked":["Dagger Throw","Calculated Gamble"],"picked":"PiercingWail","floor":14},{"not_picked":["Envenom","Venomology"],"picked":"Burst","floor":16},{"not_picked":["Prepared+1","Backflip","Flying Knee+1"],"picked":"SKIP","floor":18},{"not_picked":["Poisoned Stab","All Out Attack"],"picked":"Footwork","floor":19}],"player_experience":12368,"relics_obtained":[{"floor":6,"key":"Vajra"},{"floor":9,"key":"Strawberry"},{"floor":10,"key":"Regal Pillow"}],"event_choices":[{"event_name":"Golden Wing","player_choice":"Card Removal","floor":13,"damage_taken":0},{"event_name":"Bonfire Elementals","player_choice":"RARE","floor":20,"damage_taken":0},{"event_name":"The Joust","player_choice":"Bet on Murderer","floor":22,"damage_taken":0}],"boss_relics":[{"not_picked":["Calling Bell","Black Star"],"picked":"Astrolabe"}],"items_purged_floors":[],"is_endless":false,"potions_floor_spawned":[1,4,6,7,10],"killed_by":"Gremlin Leader","ascension_level":0}