{"gold_per_floor":[109,109,59,75,75,101,101,134,134,13,13],"floor_reached":11,"playtime":761,"items_purged":[],"score":126,"play_id":"86365a41-e0f4-4baf-887a-35927babab3b","local_time":"20181224134414","is_ascension_mode":true,"campfire_choices":[{"data":"Armaments","floor":7,"key":"SMITH"}],"neow_cost":"NONE","seed_source_timestamp":89751623667388,"circlet_count":0,"master_deck":["AscendersBane","Strike_R","Strike_R","Strike_R","Defend_R","Defend_R","Defend_R+1","Bash","Hemokinesis+1","Armaments+1","Pommel Strike","Rage","Blood for Blood","Panacea","Metallicize"],"relics":["Burning Blood","Gremlin Horn","Strawberry"],"potions_floor_usage":[6],"damage_taken":[{"damage":12,"enemies":"Jaw Worm","floor":1,"turns":3},{"damage":3,"enemies":"Small Slimes","floor":4,"turns":3},{"damage":14,"enemies":"Lagavulin","floor":6,"turns":6},{"damage":35,"enemies":"3 Sentries","floor":8,"turns":9},{"damage":32,"enemies":"Gremlin Nob","floor":11,"turns":3}],"seed_played":"-1296368909378696078","potions_obtained":[{"floor":1,"key":"AttackPotion"}],"is_trial":false,"path_per_floor":["M","?","?","M","?","E","R","E","T","$","E"],"character_chosen":"IRONCLAD","items_purchased":["Panacea","Metallicize"],"campfire_rested":0,"item_purchase_floors":[10,10],"current_hp_per_floor":[66,59,59,62,46,38,38,16,16,16,0],"gold":13,"neow_bonus":"TRANSFORM_CARD","is_prod":false,"is_daily":false,"chose_seed":false,"campfire_upgraded":1,"win_rate":0,"timestamp":1545687854,"path_taken":["M","?","?","M","?","E","R","E","T","$","E"],"build_version":"2018-12-20","purchased_purges":0,"victory":false,"max_hp_per_floor":[80,80,80,80,80,80,80,87,87,87,87],"card_choices":[{"not_picked":["Spot Weakness","Heavy Blade"],"picked":"Armaments","floor":1},{"not_picked":["Anger","Perfected Strike"],"picked":"Pommel Strike","floor":4},{"not_picked":["Barricade","True Grit"],"picked":"Rage","floor":6},{"not_picked":["Clash","Metallicize"],"picked":"Blood for Blood","floor":8}],"player_experience":528245,"relics_obtained":[{"floor":6,"key":"Gremlin Horn"},{"floor":8,"key":"Strawberry"}],"event_choices":[{"cards_removed":["Strike_R"],"damage_healed":0,"gold_gain":0,"player_choice":"Card Removal","damage_taken":7,"max_hp_gain":0,"max_hp_loss":0,"event_name":"Golden Wing","floor":2,"gold_loss":0},{"cards_removed":["Defend_R"],"damage_healed":0,"gold_gain":0,"player_choice":"Card Removal","damage_taken":0,"max_hp_gain":0,"max_hp_loss":0,"event_name":"The Cleric","floor":3,"gold_loss":50},{"damage_healed":0,"gold_gain":0,"player_choice":"Entered Light","damage_taken":16,"max_hp_gain":0,"max_hp_loss":0,"event_name":"Shining Light","floor":5,"gold_loss":0,"cards_upgraded":["Defend_R","Hemokinesis"]}],"is_beta":false,"boss_relics":[],"items_purged_floors":[],"is_endless":false,"potions_floor_spawned":[1],"killed_by":"Gremlin Nob","ascension_level":12}