{"gold_per_floor":[111,111,39,57,77,77,108,118,118,146,321,321,338,355,355,459,459,477,375,394,408,5,5],"floor_reached":23,"playtime":2101,"items_purged":["Doubt"],"score":262,"play_id":"19bbc72a-9b8c-4d54-b6b7-039b48ecc174","local_time":"20190705185355","is_ascension_mode":true,"campfire_choices":[{"data":"Infinite Blades","floor":6,"key":"SMITH"},{"floor":15,"key":"REST"}],"neow_cost":"NONE","seed_source_timestamp":1444136888016138,"circlet_count":0,"master_deck":["Strike_G","Strike_G","Strike_G","Strike_G","Defend_G","Defend_G","Defend_G","Defend_G","Defend_G","Survivor","Neutralize","Cloak And Dagger","Infinite Blades+1","Leg Sweep","After Image","Blade Dance","Night Terror","Accuracy","Acrobatics","Storm of Steel","Cloak And Dagger+1","Acrobatics","Backstab+1","Dagger Throw+1"],"relics":["WristBlade","Happy Flower","Molten Egg 2","Gambling Chip","Black Star","Shuriken","Anchor"],"potions_floor_usage":[10,13,23,23],"damage_taken":[{"damage":4,"enemies":"Jaw Worm","floor":1,"turns":6},{"damage":9,"enemies":"Small Slimes","floor":4,"turns":3},{"damage":0,"enemies":"2 Louse","floor":5,"turns":4},{"damage":29,"enemies":"3 Sentries","floor":7,"turns":9},{"damage":4,"enemies":"Red Slaver","floor":8,"turns":5},{"damage":0,"enemies":"Lagavulin","floor":10,"turns":6},{"damage":0,"enemies":"Exordium Wildlife","floor":13,"turns":6},{"damage":0,"enemies":"2 Fungi Beasts","floor":14,"turns":4},{"damage":2,"enemies":"The Guardian","floor":16,"turns":14},{"damage":13,"enemies":"3 Byrds","floor":18,"turns":6},{"damage":3,"enemies":"Shell Parasite","floor":20,"turns":4},{"damage":35,"enemies":"Cultist and Chosen","floor":21,"turns":7},{"damage":27,"enemies":"Gremlin Leader","floor":23,"turns":6}],"seed_played":"6384131714204536236","potions_obtained":[{"floor":5,"key":"AttackPotion"},{"floor":8,"key":"GhostInAJar"},{"floor":14,"key":"Dexterity Potion"},{"floor":16,"key":"SteroidPotion"}],"is_trial":false,"path_per_floor":["M","?","$","M","M","R","E","M","T","E","?","?","M","M","R","B",null,"M","$","M","M","$","E"],"character_chosen":"THE_SILENT","items_purchased":["Infinite Blades","Acrobatics","Shuriken","Anchor"],"campfire_rested":1,"item_purchase_floors":[3,19,22,22],"current_hp_per_floor":[66,59,59,50,50,50,21,17,17,17,17,10,10,10,31,29,70,57,57,54,19,19,0],"gold":5,"neow_bonus":"BOSS_RELIC","is_prod":false,"is_daily":false,"chose_seed":false,"campfire_upgraded":1,"win_rate":0,"timestamp":1562378035,"path_taken":["M","?","$","M","M","R","E","M","T","E","?","?","M","?","R","BOSS","M","$","M","M","$","E"],"build_version":"2019-07-01","purchased_purges":1,"victory":false,"max_hp_per_floor":[70,70,70,70,70,70,70,70,70,70,70,70,70,70,70,70,70,70,70,70,70,70,70],"card_choices":[{"not_picked":["Dagger Throw","Heel Hook"],"picked":"Cloak And Dagger","floor":1},{"not_picked":["Flying Knee","Bane"],"picked":"Leg Sweep","floor":4},{"not_picked":["Riddle With Holes","Dagger Spray","Bane"],"picked":"SKIP","floor":5},{"not_picked":["Underhanded Strike","Sucker Punch"],"picked":"After Image","floor":7},{"not_picked":["Outmaneuver","Skewer"],"picked":"Blade Dance","floor":8},{"not_picked":["Quick Slash+1","Bane+1"],"picked":"Night Terror","floor":10},{"not_picked":["Blade Dance","Noxious Fumes"],"picked":"Accuracy","floor":13},{"not_picked":["Sucker Punch+1","Catalyst"],"picked":"Acrobatics","floor":14},{"not_picked":["Malaise","Glass Knife+1"],"picked":"Storm of Steel","floor":16},{"not_picked":["Setup","Deadly Poison"],"picked":"Cloak And Dagger+1","floor":18},{"not_picked":["Dagger Spray+1","Blur"],"picked":"Backstab+1","floor":20},{"not_picked":["Glass Knife+1","Deflect"],"picked":"Dagger Throw+1","floor":21}],"player_experience":246545,"relics_obtained":[{"floor":7,"key":"Happy Flower"},{"floor":9,"key":"Molten Egg 2"},{"floor":10,"key":"Gambling Chip"}],"event_choices":[{"cards_removed":["Strike_G"],"damage_healed":0,"gold_gain":0,"player_choice":"Card Removal","damage_taken":7,"max_hp_gain":0,"max_hp_loss":0,"event_name":"Golden Wing","floor":2,"gold_loss":0},{"damage_healed":0,"gold_gain":175,"player_choice":"AGREE","damage_taken":0,"max_hp_gain":0,"max_hp_loss":0,"event_name":"Liars Game","floor":11,"gold_loss":0,"cards_obtained":["Doubt"]},{"damage_healed":0,"gold_gain":0,"player_choice":"Damaged","damage_taken":7,"max_hp_gain":0,"max_hp_loss":0,"event_name":"Wheel of Change","floor":12,"gold_loss":0}],"is_beta":false,"boss_relics":[{"not_picked":["Tiny House","HoveringKite"],"picked":"Black Star"}],"items_purged_floors":[19],"is_endless":false,"potions_floor_spawned":[5,8,14,16],"killed_by":"Gremlin Leader","ascension_level":3}