{"gold_per_floor":[113,129,229,239,239,239,251,313,313,313,313,331,356,369,369,466,516,527,541,541,295,295,295],"floor_reached":23,"playtime":1599,"items_purged":[],"score":201,"play_id":"d7ad4ad3-c0df-4910-9541-267e85176b3b","local_time":"20190618205702","is_ascension_mode":true,"campfire_choices":[{"data":"Cleave","floor":6,"key":"SMITH"},{"floor":15,"key":"REST"}],"neow_cost":"NONE","seed_source_timestamp":47450506258139,"circlet_count":0,"master_deck":["Strike_R","Strike_R","Strike_R","Strike_R","Strike_R","Defend_R","Defend_R","Defend_R+1","Defend_R","Bash","Cleave+1","Metallicize","Iron Wave","Flex","Inflame","Demon Form","Carnage","Shrug It Off","Inflame"],"relics":["Burning Blood","Darkstone Periapt","Shuriken","Bag of Preparation","Tiny House","Juzu Bracelet"],"potions_floor_usage":[8,13,16,20,20,20,23],"damage_taken":[{"damage":5,"enemies":"Small Slimes","floor":1,"turns":3},{"damage":1,"enemies":"Cultist","floor":2,"turns":3},{"damage":6,"enemies":"Jaw Worm","floor":4,"turns":3},{"damage":6,"enemies":"Blue Slaver","floor":7,"turns":4},{"damage":22,"enemies":"Gremlin Nob","floor":8,"turns":4},{"damage":18,"enemies":"2 Fungi Beasts","floor":12,"turns":3},{"damage":19,"enemies":"3 Sentries","floor":13,"turns":8},{"damage":8,"enemies":"Red Slaver","floor":14,"turns":3},{"damage":61,"enemies":"Slime Boss","floor":16,"turns":12},{"damage":50,"enemies":"3 Byrds","floor":18,"turns":6},{"damage":26,"enemies":"Spheric Guardian","floor":19,"turns":5},{"damage":35,"enemies":"Colosseum Slavers","floor":20,"turns":7},{"damage":9,"enemies":"Snecko","floor":23,"turns":3}],"seed_played":"-181305947899172916","potions_obtained":[{"floor":1,"key":"Dexterity Potion"},{"floor":7,"key":"Strength Potion"},{"floor":11,"key":"Strength Potion"},{"floor":12,"key":"BloodPotion"},{"floor":13,"key":"Regen Potion"},{"floor":17,"key":"Ancient Potion"}],"is_trial":false,"path_per_floor":["M","M","?","M","?","R","M","?","T","$","?","M","E","M","R","B",null,"M","M","?","$","?","M"],"character_chosen":"IRONCLAD","items_purchased":["Juzu Bracelet","Shrug It Off","Dexterity Potion"],"campfire_rested":1,"item_purchase_floors":[21,21,21],"current_hp_per_floor":[88,88,88,88,88,88,88,72,72,72,72,60,47,45,71,31,93,49,29,9,9,9,0],"gold":295,"neow_bonus":"TEN_PERCENT_HP_BONUS","is_prod":false,"is_daily":false,"chose_seed":false,"campfire_upgraded":1,"win_rate":0,"timestamp":1560909422,"path_taken":["M","M","?","?","?","R","M","?","T","$","?","M","E","?","R","BOSS","M","M","?","$","?","M"],"build_version":"2019-01-23","purchased_purges":0,"victory":false,"max_hp_per_floor":[88,88,88,88,88,88,88,88,88,88,88,88,88,88,88,88,93,93,93,93,93,93,93],"card_choices":[{"not_picked":["Dropkick","Iron Wave"],"picked":"Cleave","floor":1},{"not_picked":["True Grit","Spot Weakness","Disarm"],"picked":"SKIP","floor":2},{"not_picked":["Clothesline","Perfected Strike"],"picked":"Metallicize","floor":4},{"not_picked":["Burning Pact","Clash","Second Wind"],"picked":"SKIP","floor":7},{"not_picked":["Perfected Strike","True Grit"],"picked":"Iron Wave","floor":8},{"not_picked":["Rupture","Cleave"],"picked":"Flex","floor":12},{"not_picked":["Metallicize","Clash"],"picked":"Inflame","floor":13},{"not_picked":["Second Wind","Searing Blow","Limit Break"],"picked":"SKIP","floor":14},{"not_picked":["Double Tap","Brutality"],"picked":"Demon Form","floor":16},{"not_picked":["Havoc","Shrug It Off"],"picked":"Carnage","floor":18},{"not_picked":["Headbutt","True Grit+1","Burning Pact"],"picked":"SKIP","floor":19}],"player_experience":120596,"relics_obtained":[{"floor":8,"key":"Darkstone Periapt"},{"floor":9,"key":"Shuriken"},{"floor":13,"key":"Bag of Preparation"}],"event_choices":[{"damage_healed":0,"gold_gain":100,"player_choice":"Gold","damage_taken":0,"max_hp_gain":0,"max_hp_loss":0,"event_name":"Wheel of Change","floor":3,"gold_loss":0},{"damage_healed":0,"gold_gain":0,"player_choice":"Leave","damage_taken":0,"max_hp_gain":0,"max_hp_loss":0,"event_name":"The Cleric","floor":5,"gold_loss":0},{"damage_healed":0,"gold_gain":30,"player_choice":"Searched \u00273\u0027 times","damage_taken":0,"max_hp_gain":0,"max_hp_loss":0,"event_name":"Dead Adventurer","floor":8,"gold_loss":0},{"damage_healed":0,"gold_gain":0,"player_choice":"Got Potions","damage_taken":0,"max_hp_gain":0,"max_hp_loss":0,"event_name":"Lab","floor":11,"gold_loss":0},{"damage_healed":0,"gold_gain":0,"player_choice":"Fight","damage_taken":0,"max_hp_gain":0,"max_hp_loss":0,"event_name":"Colosseum","floor":20,"gold_loss":0},{"damage_healed":0,"gold_gain":0,"player_choice":"Fled From Nobs","damage_taken":0,"max_hp_gain":0,"max_hp_loss":0,"event_name":"Colosseum","floor":20,"gold_loss":0},{"damage_healed":0,"gold_gain":0,"player_choice":"Copied","damage_taken":0,"max_hp_gain":0,"max_hp_loss":0,"event_name":"Duplicator","floor":22,"gold_loss":0,"cards_obtained":["Inflame"]}],"is_beta":false,"boss_relics":[{"not_picked":["Astrolabe","Runic Cube"],"picked":"Tiny House"}],"items_purged_floors":[],"is_endless":false,"potions_floor_spawned":[1,7,12,13,14],"killed_by":"Snecko","ascension_level":1}