{"gold_per_floor":[17,17,17,17,28,57,57,83,83,94,369,383,399,415,415,415],"floor_reached":16,"playtime":713,"items_purged":[],"score":134,"play_id":"f2c68c6f-ecb0-45f3-a7de-64ef4b07709a","local_time":"20190702153601","is_ascension_mode":true,"campfire_choices":[{"data":"Armaments","floor":7,"key":"SMITH"},{"data":"Searing Blow","floor":15,"key":"SMITH"}],"neow_cost":"NO_GOLD","seed_source_timestamp":1452465858693500,"circlet_count":0,"master_deck":["Strike_R","Strike_R","Strike_R+1","Strike_R","Strike_R","Defend_R","Defend_R","Defend_R","Defend_R+1","Bash","Immolate","Flex+1","Armaments+1","Shrug It Off","Headbutt","Regret","Seeing Red","Searing Blow+1"],"relics":["Burning Blood","Question Card","Bottled Lightning","Pantograph"],"potions_floor_usage":[8,14,16],"damage_taken":[{"damage":13,"enemies":"Jaw Worm","floor":1,"turns":4},{"damage":0,"enemies":"Cultist","floor":5,"turns":2},{"damage":16,"enemies":"Gremlin Nob","floor":6,"turns":3},{"damage":14,"enemies":"Lagavulin","floor":8,"turns":5},{"damage":0,"enemies":"Small Slimes","floor":10,"turns":2},{"damage":9,"enemies":"Blue Slaver","floor":12,"turns":3},{"damage":4,"enemies":"3 Louse","floor":13,"turns":2},{"damage":21,"enemies":"Exordium Thugs","floor":14,"turns":3},{"damage":80,"enemies":"The Guardian","floor":16,"turns":9}],"seed_played":"-4880824335742339392","potions_obtained":[{"floor":6,"key":"FearPotion"},{"floor":8,"key":"BloodPotion"},{"floor":10,"key":"FearPotion"}],"is_trial":false,"path_per_floor":["M","?","$","?","M","E","R","E","T","M","?","M","M","M","R","B"],"character_chosen":"IRONCLAD","items_purchased":[],"campfire_rested":0,"item_purchase_floors":[],"current_hp_per_floor":[73,73,73,57,63,53,53,45,45,51,51,48,50,55,55,0],"gold":415,"neow_bonus":"THREE_RARE_CARDS","is_prod":false,"is_daily":false,"chose_seed":false,"campfire_upgraded":2,"win_rate":0,"timestamp":1562106961,"path_taken":["M","?","?","?","M","E","R","E","T","?","?","?","M","M","R","BOSS"],"build_version":"2019-07-01","purchased_purges":0,"victory":false,"max_hp_per_floor":[80,80,80,80,80,80,80,80,80,80,80,80,80,80,80,80],"card_choices":[{"not_picked":["Limit Break","Dark Embrace"],"picked":"Immolate","floor":0},{"not_picked":["Warcry","Sword Boomerang"],"picked":"Flex","floor":1},{"not_picked":["Anger","Cleave"],"picked":"Armaments","floor":5},{"not_picked":["Sever Soul","Whirlwind","Thunderclap"],"picked":"SKIP","floor":6},{"not_picked":["Reckless Charge","Impervious","Thunderclap"],"picked":"Shrug It Off","floor":8},{"not_picked":["Cleave","Clothesline","Fire Breathing"],"picked":"Headbutt","floor":10},{"not_picked":["Blood for Blood","Cleave","Flex","Wild Strike"],"picked":"SKIP","floor":12},{"not_picked":["Perfected Strike","Havoc","Ghostly Armor"],"picked":"Seeing Red","floor":13},{"not_picked":["Whirlwind","Evolve","Power Through"],"picked":"Searing Blow","floor":14}],"player_experience":600766,"relics_obtained":[{"floor":6,"key":"Question Card"},{"floor":8,"key":"Bottled Lightning"},{"floor":9,"key":"Pantograph"}],"event_choices":[{"damage_healed":0,"gold_gain":0,"player_choice":"Upgraded","damage_taken":0,"max_hp_gain":0,"max_hp_loss":0,"event_name":"Upgrade Shrine","floor":2,"gold_loss":0,"cards_upgraded":["Flex"]},{"damage_healed":0,"gold_gain":0,"player_choice":"Entered Light","damage_taken":16,"max_hp_gain":0,"max_hp_loss":0,"event_name":"Shining Light","floor":4,"gold_loss":0,"cards_upgraded":["Defend_R","Strike_R"]},{"damage_healed":0,"gold_gain":275,"player_choice":"Desecrate","damage_taken":0,"max_hp_gain":0,"max_hp_loss":0,"event_name":"Golden Shrine","floor":11,"gold_loss":0,"cards_obtained":["Regret"]}],"is_beta":false,"boss_relics":[],"items_purged_floors":[],"is_endless":false,"potions_floor_spawned":[6,8,10],"killed_by":"The Guardian","ascension_level":4}