{"gold_per_floor":[215,226,243,254,153,153,118,149,203,203,216,70,70,100,100,205,205,221,202,202],"floor_reached":20,"playtime":1424,"items_purged":[],"score":218,"play_id":"7c030882-0afa-45e9-a302-ad2340955d25","local_time":"20190611234605","is_ascension_mode":true,"campfire_choices":[{"data":"Armaments","floor":6,"key":"SMITH"},{"data":"Metallicize","floor":13,"key":"SMITH"},{"data":"Inflame","floor":15,"key":"SMITH"}],"neow_cost":"NONE","seed_source_timestamp":293412145750838,"circlet_count":0,"master_deck":["Strike_R","Strike_R","Strike_R","Strike_R","Strike_R","Defend_R","Defend_R","Defend_R","Defend_R","Bash","Carnage","Inflame+1","Metallicize+1","Armaments+1","Anger","Demon Form","Twin Strike+1"],"relics":["Burning Blood","Singing Bowl","Strawberry","Regal Pillow","Dream Catcher","Eternal Feather"],"potions_floor_usage":[16,16,20],"damage_taken":[{"damage":5,"enemies":"Cultist","floor":1,"turns":4},{"damage":0,"enemies":"Small Slimes","floor":2,"turns":4},{"damage":4,"enemies":"Jaw Worm","floor":3,"turns":4},{"damage":28,"enemies":"Exordium Thugs","floor":4,"turns":4},{"damage":12,"enemies":"Gremlin Nob","floor":8,"turns":4},{"damage":3,"enemies":"3 Louse","floor":11,"turns":5},{"damage":15,"enemies":"3 Sentries","floor":14,"turns":6},{"damage":43,"enemies":"The Guardian","floor":16,"turns":10},{"damage":17,"enemies":"Spheric Guardian","floor":18,"turns":4},{"damage":26,"enemies":"2 Thieves","floor":19,"turns":4},{"damage":66,"enemies":"Masked Bandits","floor":20,"turns":4}],"seed_played":"442167817505272133","potions_obtained":[{"floor":2,"key":"Dexterity Potion"},{"floor":3,"key":"LiquidBronze"},{"floor":11,"key":"FearPotion"},{"floor":14,"key":"PowerPotion"}],"is_trial":false,"path_per_floor":["M","M","M","M","$","R","?","E","T","$","M","$","R","E","R","B",null,"M","M","?"],"character_chosen":"IRONCLAD","items_purchased":["Armaments","Anger","Regal Pillow"],"campfire_rested":0,"item_purchase_floors":[5,5,12],"current_hp_per_floor":[80,80,80,58,58,58,78,74,81,81,86,86,86,79,79,42,93,82,64,0],"gold":202,"neow_bonus":"HUNDRED_GOLD","is_prod":false,"is_daily":false,"chose_seed":false,"campfire_upgraded":3,"win_rate":0,"timestamp":1560314765,"path_taken":["M","?","M","M","$","R","?","E","T","$","M","?","R","E","R","BOSS","M","M","?"],"build_version":"2019-01-23","purchased_purges":0,"victory":false,"max_hp_per_floor":[80,80,80,80,80,80,80,82,89,89,91,91,91,93,93,93,93,93,95,95],"card_choices":[{"not_picked":["Thunderclap","Fire Breathing","Burning Pact"],"picked":"SKIP","floor":1},{"not_picked":["Havoc","Hemokinesis"],"picked":"Carnage","floor":2},{"not_picked":["Pommel Strike","Hemokinesis"],"picked":"Inflame","floor":3},{"not_picked":["Thunderclap","Sever Soul"],"picked":"Metallicize","floor":4},{"not_picked":["Dual Wield","True Grit","Rupture"],"picked":"Singing Bowl","floor":8},{"not_picked":["Perfected Strike","Warcry","Entrench"],"picked":"Singing Bowl","floor":11},{"not_picked":["Anger","Havoc","Entrench"],"picked":"Singing Bowl","floor":14},{"not_picked":["Feed","Brutality"],"picked":"Demon Form","floor":16},{"not_picked":["Wild Strike+1","Hemokinesis+1"],"picked":"Twin Strike+1","floor":18},{"not_picked":["Intimidate+1","Combust","Pommel Strike"],"picked":"Singing Bowl","floor":19}],"player_experience":118849,"relics_obtained":[{"floor":8,"key":"Singing Bowl"},{"floor":9,"key":"Strawberry"},{"floor":14,"key":"Dream Catcher"}],"event_choices":[{"damage_healed":20,"gold_gain":0,"player_choice":"Healed","damage_taken":0,"max_hp_gain":0,"max_hp_loss":0,"event_name":"The Cleric","floor":7,"gold_loss":35},{"damage_healed":0,"gold_gain":0,"player_choice":"Fought Bandits","damage_taken":0,"max_hp_gain":0,"max_hp_loss":0,"event_name":"Masked Bandits","floor":20,"gold_loss":0}],"is_beta":false,"boss_relics":[{"not_picked":["Snecko Eye","Cursed Key"],"picked":"Eternal Feather"}],"items_purged_floors":[],"is_endless":false,"potions_floor_spawned":[2,3,11,14],"killed_by":"Masked Bandits","ascension_level":1}