{"gold_per_floor":[119,131,56,56,56,88,88,48,48,48,65,65,77,95,95,195,195,206,216,216,116,131,131,151,151,151,165,264,264,276,8,8,109,109,129,145,161,11,11,11,21,21,21,36,50,50,0,19,19,19],"floor_reached":50,"playtime":5747,"items_purged":["Strike_R","Strike_R+1","Second Wind","Defend_R+1"],"score":669,"play_id":"3c16867f-a296-472a-bb4e-d104137af97a","local_time":"20181109212748","is_ascension_mode":true,"campfire_choices":[{"floor":7,"key":"REST"},{"floor":10,"key":"REST"},{"data":"Thunderclap","floor":12,"key":"SMITH"},{"data":"Flex","floor":15,"key":"SMITH"},{"floor":23,"key":"REST"},{"data":"Rampage","floor":25,"key":"SMITH"},{"data":"Double Tap","floor":32,"key":"SMITH"},{"data":"Shrug It Off","floor":40,"key":"SMITH"},{"floor":42,"key":"REST"},{"data":"Flex","floor":49,"key":"SMITH"}],"neow_cost":"PERCENT_DAMAGE","seed_source_timestamp":27406972575555,"circlet_count":0,"master_deck":["AscendersBane","Strike_R+1","Defend_R+1","Defend_R+1","Defend_R+1","Bash+1","Dropkick","Pommel Strike+1","Ghostly Armor","Thunderclap+1","Thunderclap","Flex+1","Reaper","Rampage+1","Double Tap+1","Shrug It Off+1","Flex+1","Pommel Strike+1","Inflame+1","Parasite"],"relics":["Burning Blood","Bird Faced Urn","Darkstone Periapt","Question Card","Busted Crown","Ornamental Fan","Philosopher\u0027s Stone","Letter Opener","Red Mask"],"potions_floor_usage":[6,6,14,16,16,22,33,37,41,50,50],"damage_taken":[{"damage":7,"enemies":"Jaw Worm","floor":1,"turns":3},{"damage":8,"enemies":"2 Louse","floor":2,"turns":3},{"damage":38,"enemies":"Lagavulin","floor":6,"turns":7},{"damage":8,"enemies":"Small Slimes","floor":11,"turns":4},{"damage":17,"enemies":"Gremlin Gang","floor":13,"turns":4},{"damage":0,"enemies":"Exordium Wildlife","floor":14,"turns":3},{"damage":52,"enemies":"Hexaghost","floor":16,"turns":10},{"damage":19,"enemies":"Spheric Guardian","floor":18,"turns":4},{"damage":20,"enemies":"Shell Parasite","floor":19,"turns":5},{"damage":31,"enemies":"Chosen and Byrds","floor":22,"turns":7},{"damage":12,"enemies":"3 Cultists","floor":24,"turns":5},{"damage":16,"enemies":"Snake Plant","floor":27,"turns":3},{"damage":4,"enemies":"Cultist and Chosen","floor":30,"turns":4},{"damage":70,"enemies":"Collector","floor":33,"turns":8},{"damage":37,"enemies":"3 Darklings","floor":35,"turns":4},{"damage":26,"enemies":"3 Shapes","floor":36,"turns":2},{"damage":28,"enemies":"Writhing Mass","floor":37,"turns":7},{"damage":45,"enemies":"Sphere and 2 Shapes","floor":41,"turns":5},{"damage":8,"enemies":"Jaw Worm Horde","floor":44,"turns":5},{"damage":39,"enemies":"4 Shapes","floor":45,"turns":4},{"damage":4,"enemies":"Writhing Mass","floor":48,"turns":5},{"damage":98,"enemies":"Time Eater","floor":50,"turns":5}],"seed_played":"-4430693567976350198","potions_obtained":[{"floor":1,"key":"Fruit Juice"},{"floor":2,"key":"BloodPotion"},{"floor":8,"key":"SmokeBomb"},{"floor":8,"key":"AttackPotion"},{"floor":8,"key":"Block Potion"},{"floor":13,"key":"Energy Potion"},{"floor":19,"key":"SkillPotion"},{"floor":24,"key":"SteroidPotion"},{"floor":33,"key":"PowerPotion"},{"floor":36,"key":"SpeedPotion"},{"floor":44,"key":"BloodPotion"},{"floor":48,"key":"Fire Potion"}],"is_trial":false,"path_per_floor":["M","M","$","?","?","E","R","?","T","R","M","R","M","M","R","B",null,"M","M","?","$","M","R","M","R","T","M","?","?","M","$","R","B",null,"M","M","M","$","?","R","M","R","T","M","M","?","?","M","R","B"],"character_chosen":"IRONCLAD","items_purchased":["Double Tap"],"campfire_rested":4,"item_purchase_floors":[31],"current_hp_per_floor":[50,48,48,32,32,13,38,38,38,63,61,61,50,56,56,10,66,53,45,45,45,29,54,66,66,66,56,56,56,70,70,70,28,71,54,69,57,57,57,57,18,43,43,52,52,52,52,74,74,0],"gold":19,"neow_bonus":"ONE_RARE_RELIC","is_prod":false,"is_daily":false,"chose_seed":false,"campfire_upgraded":6,"win_rate":0,"timestamp":1541827668,"path_taken":["M","M","$","?","?","E","R","?","T","R","M","R","M","M","R","BOSS","M","?","?","$","M","R","M","R","T","M","?","?","M","$","R","BOSS","M","?","M","$","?","R","M","R","T","M","M","?","?","M","R","BOSS"],"build_version":"2018-11-08","purchased_purges":4,"victory":false,"max_hp_per_floor":[80,80,80,80,80,85,85,85,85,85,85,85,85,85,85,85,85,85,85,85,85,85,85,85,85,85,85,85,85,85,85,85,85,85,85,85,85,85,85,85,85,85,85,85,85,85,85,91,91,91],"card_choices":[{"not_picked":["Warcry","Heavy Blade"],"picked":"Dropkick","floor":1},{"not_picked":["Perfected Strike","Heavy Blade"],"picked":"Pommel Strike","floor":2},{"not_picked":["Twin Strike","True Grit"],"picked":"Ghostly Armor","floor":6},{"not_picked":["Bloodletting","Cleave","Searing Blow"],"picked":"Thunderclap","floor":11},{"not_picked":["Carnage","Inflame","Sword Boomerang"],"picked":"Thunderclap","floor":13},{"not_picked":["Shrug It Off","Headbutt","Clothesline"],"picked":"Flex","floor":14},{"not_picked":["Barricade","Fiend Fire","Juggernaut"],"picked":"Reaper","floor":16},{"not_picked":["Shrug It Off","Twin Strike"],"picked":"SKIP","floor":18},{"not_picked":["Iron Wave+1"],"picked":"Rampage","floor":19},{"not_picked":["Ghostly Armor","Clothesline+1"],"picked":"SKIP","floor":22},{"not_picked":["Twin Strike","Rage"],"picked":"SKIP","floor":24},{"not_picked":["Hemokinesis","Searing Blow+1"],"picked":"SKIP","floor":27},{"not_picked":["Intimidate+1","Pummel"],"picked":"SKIP","floor":30},{"not_picked":["Ghostly Armor+1","Armaments"],"picked":"SKIP","floor":35},{"not_picked":["Pommel Strike"],"picked":"Shrug It Off","floor":36},{"not_picked":["Shrug It Off","Clash+1"],"picked":"SKIP","floor":37},{"not_picked":["Body Slam"],"picked":"Flex","floor":41},{"not_picked":["Anger+1"],"picked":"Pommel Strike+1","floor":44},{"not_picked":["Clash+1"],"picked":"Inflame+1","floor":45},{"not_picked":["Body Slam+1","Second Wind"],"picked":"SKIP","floor":48}],"player_experience":324007,"relics_obtained":[{"floor":6,"key":"Darkstone Periapt"},{"floor":9,"key":"Question Card"},{"floor":26,"key":"Ornamental Fan"},{"floor":43,"key":"Letter Opener"}],"event_choices":[{"damage_healed":0,"gold_gain":0,"player_choice":"Entered Light","damage_taken":16,"max_hp_gain":0,"max_hp_loss":0,"event_name":"Shining Light","floor":4,"gold_loss":0,"cards_upgraded":["Defend_R","Pommel Strike"]},{"damage_healed":0,"gold_gain":0,"player_choice":"Grow","damage_taken":0,"max_hp_gain":0,"max_hp_loss":0,"event_name":"Living Wall","floor":5,"gold_loss":0,"cards_upgraded":["Bash"]},{"damage_healed":0,"gold_gain":0,"player_choice":"Bought 3 Potions","damage_taken":0,"max_hp_gain":0,"max_hp_loss":0,"event_name":"The Woman in Blue","floor":8,"gold_loss":0},{"damage_healed":0,"gold_gain":0,"player_choice":"Simplicity","damage_taken":0,"max_hp_gain":0,"max_hp_loss":0,"event_name":"Back to Basics","floor":20,"gold_loss":0,"cards_upgraded":["Strike_R","Strike_R","Strike_R","Strike_R","Defend_R","Defend_R","Defend_R"]},{"damage_healed":0,"gold_gain":99,"player_choice":"Stole From Cult","damage_taken":0,"max_hp_gain":0,"max_hp_loss":0,"event_name":"Nest","floor":28,"gold_loss":0},{"damage_healed":0,"gold_gain":0,"cards_transformed":["Strike_R"],"player_choice":"Transformed","damage_taken":0,"max_hp_gain":0,"max_hp_loss":0,"event_name":"Transmorgrifier","floor":29,"gold_loss":0,"cards_obtained":["Second Wind"]},{"damage_healed":0,"gold_gain":0,"player_choice":"Ignored","damage_taken":0,"max_hp_gain":0,"max_hp_loss":0,"event_name":"Mysterious Sphere","floor":39,"gold_loss":0},{"cards_removed":["Strike_R"],"damage_healed":0,"gold_gain":0,"player_choice":"Removed Attack","damage_taken":0,"max_hp_gain":0,"max_hp_loss":0,"event_name":"Falling","floor":46,"gold_loss":0},{"damage_healed":0,"gold_gain":0,"player_choice":"Paid","damage_taken":0,"relics_obtained":["Red Mask"],"max_hp_gain":0,"max_hp_loss":0,"event_name":"Tomb of Lord Red Mask","floor":47,"gold_loss":50}],"is_beta":false,"boss_relics":[{"not_picked":["Black Star","Sozu"],"picked":"Busted Crown"},{"not_picked":["Astrolabe","Runic Dome"],"picked":"Philosopher\u0027s Stone"}],"items_purged_floors":[3,21,31,38],"is_endless":false,"potions_floor_spawned":[1,2,13,19,24,33,36,44,48],"killed_by":"Time Eater","ascension_level":10}