{"gold_per_floor":[116,116,130,14,14,14,45,45,45,72,87,99,130,192,192,192],"floor_reached":16,"playtime":1232,"items_purged":[],"score":172,"play_id":"5886836c-4540-43d2-9e53-6400bda3873f","local_time":"20190711115812","is_ascension_mode":true,"campfire_choices":[{"data":"Leg Sweep","floor":6.0,"key":"SMITH"},{"data":"Dodge and Roll","floor":8.0,"key":"SMITH"},{"data":"Well Laid Plans","floor":15.0,"key":"SMITH"}],"neow_cost":"NONE","seed_source_timestamp":0,"circlet_count":0,"master_deck":["Strike_G","Strike_G","Strike_G","Strike_G","Strike_G","Defend_G","Defend_G","Defend_G","Defend_G","Defend_G","Survivor","Neutralize","Leg Sweep+1","Dodge and Roll+1","PiercingWail","Quick Slash","Well Laid Plans+1","Deadly Poison","After Image"],"special_seed":0,"relics":["Ring of the Snake","NeowsBlessing","Thread and Needle","Girya","Bird Faced Urn","The Courier","Anchor","Ancient Tea Set","Pen Nib"],"potions_floor_usage":[16],"damage_taken":[{"damage":0.0,"enemies":"Jaw Worm","floor":1.0,"turns":1.0},{"damage":0.0,"enemies":"2 Louse","floor":3.0,"turns":1.0},{"damage":0.0,"enemies":"Lagavulin","floor":7.0,"turns":1.0},{"damage":17.0,"enemies":"Gremlin Nob","floor":10.0,"turns":5.0},{"damage":0.0,"enemies":"Cultist","floor":11.0,"turns":4.0},{"damage":1.0,"enemies":"3 Louse","floor":12.0,"turns":4.0},{"damage":6.0,"enemies":"3 Sentries","floor":13.0,"turns":15.0},{"damage":1.0,"enemies":"Lagavulin Event","floor":14.0,"turns":12.0},{"damage":51,"enemies":"Hexaghost","floor":16,"turns":17}],"seed_played":"5865230954855676921","potions_obtained":[{"floor":3.0,"key":"SneckoOil"},{"floor":7.0,"key":"Dexterity Potion"},{"floor":14.0,"key":"GamblersBrew"}],"is_trial":false,"path_per_floor":["M","?","M","$","?","R","E","R","T","E","M","M","E","?","R","B"],"character_chosen":"THE_SILENT","items_purchased":["Blur","Fire Potion"],"campfire_rested":0,"item_purchase_floors":[4,4],"current_hp_per_floor":[70,67,67,67,67,67,67,67,67,50,50,49,45,46,46,0],"gold":192,"neow_bonus":"THREE_ENEMY_KILL","is_prod":false,"is_daily":false,"chose_seed":false,"campfire_upgraded":3,"win_rate":0,"timestamp":1562860692,"path_taken":["M","?","M","$","?","R","E","R","T","E","?","M","E","?","R","BOSS"],"build_version":"2019-07-05","purchased_purges":0,"victory":false,"max_hp_per_floor":[70,70,70,70,70,70,70,70,70,70,70,70,70,70,70,70],"card_choices":[{"not_picked":["Bane","Dagger Throw","Quick Slash"],"picked":"SKIP","floor":1.0},{"not_picked":["Cloak And Dagger","Skewer"],"picked":"Leg Sweep","floor":3.0},{"not_picked":["Underhanded Strike","Expertise"],"picked":"Dodge and Roll","floor":7.0},{"not_picked":["Bullet Time","Flying Knee"],"picked":"PiercingWail","floor":10.0},{"not_picked":["Flechettes","Deadly Poison"],"picked":"Quick Slash","floor":11.0},{"not_picked":["Outmaneuver","Bane"],"picked":"Well Laid Plans","floor":12.0},{"not_picked":["Prepared","Deflect"],"picked":"Deadly Poison","floor":13.0},{"not_picked":["Underhanded Strike","Dagger Throw"],"picked":"After Image","floor":14.0}],"player_experience":270144,"relics_obtained":[{"floor":7.0,"key":"Bird Faced Urn"},{"floor":9.0,"key":"The Courier"},{"floor":10.0,"key":"Anchor"},{"floor":13.0,"key":"Ancient Tea Set"},{"floor":14.0,"key":"Pen Nib"}],"event_choices":[{"damage_healed":0.0,"max_hp_gain":0.0,"max_hp_loss":0.0,"gold_gain":0.0,"event_name":"Scrap Ooze","player_choice":"Success","floor":2.0,"gold_loss":0.0,"damage_taken":3.0,"relics_obtained":["Thread and Needle"]},{"cards_removed":["Blur"],"damage_healed":0.0,"max_hp_gain":0.0,"max_hp_loss":0.0,"gold_gain":0.0,"event_name":"WeMeetAgain","player_choice":"Gave Card","floor":5.0,"gold_loss":0.0,"damage_taken":0.0,"relics_obtained":["Girya"]},{"damage_healed":0.0,"max_hp_gain":0.0,"max_hp_loss":0.0,"gold_gain":0.0,"event_name":"Dead Adventurer","player_choice":"Searched \u00272\u0027 times","floor":14.0,"gold_loss":0.0,"damage_taken":0.0}],"is_beta":false,"boss_relics":[],"items_purged_floors":[],"is_endless":false,"potions_floor_spawned":[3,7,14],"killed_by":"Hexaghost","ascension_level":4}