{"gold_per_floor":[110,110,33,33,11,11,29,29,29,49,60,235,266,281,281,377,377,361,361,361,376,395,395,72,89,89,89,14,49,49,49,49,49],"floor_reached":33,"playtime":5294,"items_purged":["Doubt"],"score":446,"play_id":"7301052b-06b4-443a-9446-ae5fc205b311","local_time":"20181224124852","is_ascension_mode":true,"campfire_choices":[{"data":"Armaments","floor":6,"key":"SMITH"},{"data":"Metallicize","floor":8,"key":"SMITH"},{"data":"Armaments","floor":15,"key":"SMITH"},{"data":"Seeing Red","floor":23,"key":"SMITH"},{"data":"Flame Barrier","floor":27,"key":"SMITH"},{"data":"Searing Blow","floor":32,"key":"SMITH"}],"neow_cost":"NONE","seed_source_timestamp":81881926833745,"circlet_count":0,"master_deck":["AscendersBane","Defend_R","Defend_R","Defend_R","Defend_R","Bash","Barricade+1","Metallicize+1","Armaments+1","Cleave","Seeing Red+1","Whirlwind","Battle Trance","Armaments+1","Feed","Shrug It Off","Flame Barrier+1","Disarm","Bloodletting","Forethought","Searing Blow+1","Writhe","Bite","Bite","Bite","Bite","Bite"],"relics":["Burning Blood","Pear","Pantograph","Centennial Puzzle","Coffee Dripper","Nilry\u0027s Codex","Letter Opener","Toxic Egg 2","Matryoshka"],"potions_floor_usage":[13,16,18,22,29],"damage_taken":[{"damage":13,"enemies":"Jaw Worm","floor":1,"turns":5},{"damage":6,"enemies":"Cultist","floor":7,"turns":4},{"damage":1,"enemies":"Small Slimes","floor":10,"turns":6},{"damage":14,"enemies":"Gremlin Gang","floor":11,"turns":9},{"damage":64,"enemies":"Gremlin Nob","floor":13,"turns":7},{"damage":8,"enemies":"Large Slime","floor":14,"turns":8},{"damage":31,"enemies":"The Guardian","floor":16,"turns":21},{"damage":13,"enemies":"2 Thieves","floor":18,"turns":4},{"damage":0,"enemies":"Chosen","floor":21,"turns":10},{"damage":19,"enemies":"Snake Plant","floor":22,"turns":7},{"damage":20,"enemies":"Shelled Parasite and Fungi","floor":25,"turns":9},{"damage":14,"enemies":"Book of Stabbing","floor":29,"turns":9},{"damage":63,"enemies":"Collector","floor":33,"turns":7}],"seed_played":"7204617288662526598","potions_obtained":[{"floor":7,"key":"BloodPotion"},{"floor":11,"key":"SpeedPotion"},{"floor":13,"key":"Ancient Potion"},{"floor":18,"key":"SteroidPotion"},{"floor":21,"key":"Poison Potion"}],"is_trial":false,"path_per_floor":["M","?","$","?","$","R","M","R","T","M","M","?","E","M","R","B",null,"M","?","?","M","M","R","$","M","T","R","$","E","?","?","R","B"],"character_chosen":"IRONCLAD","items_purchased":["Metallicize","Armaments","Letter Opener","Forethought"],"campfire_rested":0,"item_purchase_floors":[3,5,24,24],"current_hp_per_floor":[65,75,75,75,75,75,75,75,75,80,72,72,23,21,21,21,73,69,69,53,59,49,49,49,35,35,35,35,31,31,31,31,8],"gold":49,"neow_bonus":"ONE_RANDOM_RARE_CARD","is_prod":false,"is_daily":false,"chose_seed":false,"campfire_upgraded":6,"win_rate":0,"timestamp":1545684532,"path_taken":["M","?","?","?","$","R","?","R","T","M","M","?","E","M","R","BOSS","M","?","?","M","M","R","$","M","T","R","?","E","?","?","R","BOSS"],"build_version":"2018-12-20","purchased_purges":1,"victory":false,"max_hp_per_floor":[80,90,90,90,90,90,90,90,90,90,90,90,90,90,90,90,90,93,93,93,93,96,96,96,96,96,96,96,100,100,70,70,70],"card_choices":[{"not_picked":["Thunderclap","Rampage"],"picked":"Headbutt","floor":1},{"not_picked":["Hemokinesis","Pommel Strike"],"picked":"Cleave","floor":7},{"not_picked":["Ghostly Armor","Evolve"],"picked":"Seeing Red","floor":10},{"not_picked":["Havoc","Cleave"],"picked":"Whirlwind","floor":11},{"not_picked":["Flex","Iron Wave"],"picked":"Battle Trance","floor":13},{"not_picked":["Sword Boomerang","Dark Embrace"],"picked":"Armaments","floor":14},{"not_picked":["Double Tap","Dark Embrace"],"picked":"Feed","floor":16},{"not_picked":["Pommel Strike+1","Feel No Pain"],"picked":"Shrug It Off","floor":18},{"not_picked":["Clothesline","Uppercut"],"picked":"Disarm","floor":21},{"not_picked":["Iron Wave","Warcry"],"picked":"Bloodletting","floor":22},{"not_picked":["Armaments","True Grit","Sentinel"],"picked":"SKIP","floor":25},{"not_picked":["Wild Strike","Heavy Blade"],"picked":"Searing Blow","floor":29}],"player_experience":520435,"relics_obtained":[{"floor":9,"key":"Pantograph"},{"floor":13,"key":"Centennial Puzzle"},{"floor":20,"key":"Nilry\u0027s Codex"},{"floor":29,"key":"Toxic Egg 2"}],"event_choices":[{"cards_removed":["Headbutt"],"damage_healed":0,"gold_gain":0,"player_choice":"Gave Card","damage_taken":0,"relics_obtained":["Pear"],"max_hp_gain":0,"max_hp_loss":0,"event_name":"WeMeetAgain","floor":2,"gold_loss":0},{"damage_healed":0,"gold_gain":0,"player_choice":"Upgraded","damage_taken":0,"max_hp_gain":0,"max_hp_loss":0,"event_name":"Upgrade Shrine","floor":4,"gold_loss":0,"cards_upgraded":["Barricade"]},{"damage_healed":0,"gold_gain":175,"player_choice":"AGREE","damage_taken":0,"max_hp_gain":0,"max_hp_loss":0,"event_name":"Liars Game","floor":12,"gold_loss":0,"cards_obtained":["Doubt"]},{"damage_healed":0,"gold_gain":0,"player_choice":"Read","damage_taken":0,"max_hp_gain":0,"max_hp_loss":0,"event_name":"The Library","floor":19,"gold_loss":0,"cards_obtained":["Flame Barrier"]},{"damage_healed":0,"gold_gain":0,"player_choice":"Obtained Book","damage_taken":16,"max_hp_gain":0,"max_hp_loss":0,"event_name":"Cursed Tome","floor":20,"gold_loss":0},{"damage_healed":0,"gold_gain":0,"player_choice":"Opened","damage_taken":0,"relics_obtained":["Matryoshka"],"max_hp_gain":0,"max_hp_loss":0,"event_name":"The Mausoleum","floor":30,"gold_loss":0,"cards_obtained":["Writhe"]},{"damage_healed":0,"gold_gain":0,"player_choice":"Became a vampire","damage_taken":0,"max_hp_gain":0,"max_hp_loss":30,"event_name":"Vampires","floor":31,"gold_loss":0,"cards_obtained":["Bite","Bite","Bite","Bite","Bite"]}],"is_beta":false,"boss_relics":[{"not_picked":["Sozu","Mark of Pain"],"picked":"Coffee Dripper"}],"items_purged_floors":[28],"is_endless":false,"potions_floor_spawned":[7,11,13,14,18,21],"killed_by":"Collector","ascension_level":12}