{"gold_per_floor":[113,130,143,56,56,82,82,98,98,115,133,133,165,184,184,289,289,299,313,323,335,345,345,345,345,368,386,401,71,71,71,71,71],"floor_reached":33,"playtime":4339,"items_purged":["Defend_G"],"score":288,"play_id":"42c9dd31-f554-4590-85ae-90c254f7d826","local_time":"20190713004852","is_ascension_mode":false,"campfire_choices":[{"data":"Bouncing Flask","floor":7,"key":"SMITH"},{"floor":12,"key":"REST"},{"data":"Glass Knife","floor":15,"key":"SMITH"},{"floor":23,"key":"REST"},{"data":"Glass Knife","floor":25,"key":"SMITH"},{"floor":30,"key":"REST"},{"data":"Backstab","floor":32,"key":"SMITH"}],"neow_cost":"NONE","seed_source_timestamp":47210652765486,"circlet_count":0,"master_deck":["Strike_G","Strike_G","Strike_G","Strike_G","Defend_G","Defend_G","Defend_G","Defend_G","Survivor","Neutralize","Quick Slash","Dagger Spray","PiercingWail","Glass Knife+1","Bouncing Flask+1","Bane","Poisoned Stab","Acrobatics","Slice","PiercingWail","PiercingWail","Backstab+1","Tools of the Trade+1","All Out Attack","Sucker Punch+1","Glass Knife+1","Heel Hook","Deflect+1"],"relics":["Ring of the Snake","Oddly Smooth Stone","Omamori","Frozen Egg 2","Eternal Feather","MutagenicStrength","Ancient Tea Set","Meat on the Bone"],"potions_floor_usage":[13,19,22,28,33,33],"damage_taken":[{"damage":0,"enemies":"Jaw Worm","floor":1,"turns":5},{"damage":0,"enemies":"Cultist","floor":2,"turns":3},{"damage":0,"enemies":"2 Louse","floor":3,"turns":3},{"damage":20,"enemies":"Lagavulin","floor":6,"turns":6},{"damage":2,"enemies":"Large Slime","floor":8,"turns":5},{"damage":13,"enemies":"Exordium Wildlife","floor":10,"turns":4},{"damage":0,"enemies":"Blue Slaver","floor":11,"turns":2},{"damage":0,"enemies":"Gremlin Nob","floor":13,"turns":2},{"damage":3,"enemies":"Lots of Slimes","floor":14,"turns":4},{"damage":11,"enemies":"Hexaghost","floor":16,"turns":8},{"damage":1,"enemies":"Chosen","floor":18,"turns":4},{"damage":10,"enemies":"2 Thieves","floor":19,"turns":4},{"damage":16,"enemies":"Cultist and Chosen","floor":20,"turns":6},{"damage":24,"enemies":"Snake Plant","floor":21,"turns":6},{"damage":7,"enemies":"Snecko","floor":22,"turns":6},{"damage":18,"enemies":"3 Cultists","floor":27,"turns":6},{"damage":30,"enemies":"Shelled Parasite and Fungi","floor":28,"turns":5},{"damage":65,"enemies":"Champ","floor":33,"turns":10}],"seed_played":"4590492524043618001","potions_obtained":[{"floor":2,"key":"FearPotion"},{"floor":3,"key":"Swift Potion"},{"floor":6,"key":"Strength Potion"},{"floor":13,"key":"FairyPotion"},{"floor":19,"key":"SteroidPotion"},{"floor":20,"key":"Ancient Potion"},{"floor":27,"key":"FearPotion"}],"is_trial":false,"path_per_floor":["M","M","M","$","?","E","R","M","T","M","M","R","E","M","R","B",null,"M","M","M","M","M","R","?","R","T","M","M","$","R","?","R","B"],"character_chosen":"THE_SILENT","items_purchased":["Bouncing Flask","Bane","Meat on the Bone"],"campfire_rested":3,"item_purchase_floors":[4,4,29],"current_hp_per_floor":[70,70,70,70,70,50,50,48,48,35,35,56,56,53,53,42,70,69,59,43,19,12,48,48,63,63,45,15,15,51,42,57,0],"gold":71,"neow_bonus":"THREE_CARDS","is_prod":false,"is_daily":false,"chose_seed":false,"campfire_upgraded":4,"win_rate":0.0,"timestamp":1562975332,"path_taken":["M","M","M","$","?","E","R","M","T","?","M","R","E","M","R","BOSS","M","M","M","M","M","R","?","R","T","M","M","$","R","?","R","BOSS"],"build_version":"2019-07-05","purchased_purges":1,"victory":false,"max_hp_per_floor":[70,70,70,70,70,70,70,70,70,70,70,70,70,70,70,70,70,70,70,70,70,70,70,70,70,70,70,70,70,70,70,70,70],"card_choices":[{"not_picked":["Finisher","PiercingWail"],"picked":"Quick Slash","floor":0},{"not_picked":["Riddle With Holes","Underhanded Strike"],"picked":"Dagger Spray","floor":1},{"not_picked":["Dagger Throw","Deadly Poison"],"picked":"PiercingWail","floor":2},{"not_picked":["Blur","Deadly Poison"],"picked":"Glass Knife","floor":3},{"not_picked":["Acrobatics","Cloak And Dagger"],"picked":"Poisoned Stab","floor":6},{"not_picked":["Blade Dance","Dagger Spray"],"picked":"Acrobatics","floor":8},{"not_picked":["Outmaneuver","Cloak And Dagger"],"picked":"Slice","floor":10},{"not_picked":["Slice","Reflex"],"picked":"PiercingWail","floor":11},{"not_picked":["Underhanded Strike","Acrobatics"],"picked":"PiercingWail","floor":13},{"not_picked":["Poisoned Stab","Underhanded Strike"],"picked":"Backstab","floor":14},{"not_picked":["Phantasmal Killer","Bullet Time"],"picked":"Tools of the Trade+1","floor":16},{"not_picked":["Expertise+1","Distraction"],"picked":"All Out Attack","floor":18},{"not_picked":["Masterful Stab","Outmaneuver"],"picked":"Sucker Punch+1","floor":19},{"not_picked":["Blade Dance+1","Deflect"],"picked":"Glass Knife","floor":20},{"not_picked":["Dodge and Roll","Eviscerate","Cloak And Dagger"],"picked":"SKIP","floor":21},{"not_picked":["Outmaneuver","Dagger Spray"],"picked":"Heel Hook","floor":22},{"not_picked":["Prepared+1","Accuracy+1"],"picked":"Deflect+1","floor":27},{"not_picked":["Expertise","Dagger Spray","Eviscerate"],"picked":"SKIP","floor":28}],"player_experience":64056,"relics_obtained":[{"floor":6,"key":"Oddly Smooth Stone"},{"floor":9,"key":"Omamori"},{"floor":13,"key":"Frozen Egg 2"},{"floor":26,"key":"Ancient Tea Set"}],"event_choices":[{"cards_removed":["Strike_G"],"damage_healed":0,"gold_gain":0,"player_choice":"Offered Basic","damage_taken":0,"max_hp_gain":0,"max_hp_loss":0,"event_name":"Bonfire Elementals","floor":5,"gold_loss":0},{"damage_healed":0,"gold_gain":0,"player_choice":"Inject Mutagens","damage_taken":0,"relics_obtained":["MutagenicStrength"],"max_hp_gain":0,"max_hp_loss":0,"event_name":"Drug Dealer","floor":24,"gold_loss":0},{"damage_healed":0,"gold_gain":0,"player_choice":"Stopped","damage_taken":9,"max_hp_gain":0,"max_hp_loss":0,"event_name":"Cursed Tome","floor":31,"gold_loss":0}],"is_beta":false,"boss_relics":[{"not_picked":["Orrery","Runic Dome"],"picked":"Eternal Feather"}],"items_purged_floors":[29],"is_endless":false,"potions_floor_spawned":[2,3,6,13,14,19,20,27],"killed_by":"Champ","ascension_level":0}