{"gold_per_floor":[117,137,137,4,14,43,61,89,112,112,27,27,62,62],"floor_reached":14,"playtime":2453,"items_purged":[],"score":205,"play_id":"30e01794-b722-45e2-abb6-977d58e37e5d","local_time":"20190620004626","is_ascension_mode":true,"campfire_choices":[{"data":"Crippling Poison","floor":12,"key":"SMITH"}],"neow_cost":"NONE","seed_source_timestamp":172015663857329,"circlet_count":0,"master_deck":["AscendersBane","Defend_G","Defend_G","Defend_G","Defend_G","Defend_G","Strike_G","Strike_G","Strike_G","Strike_G","Strike_G","Survivor","Neutralize","PiercingWail","Deadly Poison+1","Crippling Poison+1","Quick Slash","PiercingWail","Dodge and Roll","Leg Sweep","Masterful Stab"],"relics":["Ring of the Snake","Paper Crane","Snake Skull","Juzu Bracelet","Happy Flower"],"potions_floor_usage":[6,7,13,14],"damage_taken":[{"damage":0,"enemies":"Jaw Worm","floor":1,"turns":6},{"damage":0,"enemies":"Small Slimes","floor":2,"turns":5},{"damage":0,"enemies":"Cultist","floor":5,"turns":4},{"damage":32,"enemies":"3 Sentries","floor":6,"turns":11},{"damage":0,"enemies":"2 Fungi Beasts","floor":7,"turns":4},{"damage":38,"enemies":"Gremlin Nob","floor":8,"turns":5},{"damage":15,"enemies":"Lagavulin","floor":13,"turns":7},{"damage":16,"enemies":"Exordium Thugs","floor":14,"turns":1}],"seed_played":"5618438452993153046","potions_obtained":[{"floor":2,"key":"Regen Potion"},{"floor":13,"key":"AttackPotion"}],"is_trial":false,"path_per_floor":["M","M","?","$","M","E","M","E","T","?","$","R","E","M"],"character_chosen":"THE_SILENT","items_purchased":["Crippling Poison","Fire Potion","Regen Potion"],"campfire_rested":0,"item_purchase_floors":[4,4,11],"current_hp_per_floor":[65,65,65,65,65,48,48,10,10,10,10,10,10,0],"gold":62,"neow_bonus":"TEN_PERCENT_HP_BONUS","is_prod":false,"is_daily":false,"chose_seed":false,"campfire_upgraded":1,"win_rate":0,"timestamp":1561016786,"path_taken":["M","M","?","$","M","E","M","E","T","?","?","R","E","M"],"build_version":"2019-01-23","purchased_purges":0,"victory":false,"max_hp_per_floor":[72,72,72,72,72,72,72,72,72,72,72,72,72,72],"card_choices":[{"not_picked":["Underhanded Strike","Tactician"],"picked":"PiercingWail","floor":1},{"not_picked":["Underhanded Strike","PiercingWail"],"picked":"Deadly Poison","floor":2},{"not_picked":["Footwork","Backflip"],"picked":"Quick Slash","floor":5},{"not_picked":["Prepared","Dagger Spray"],"picked":"PiercingWail","floor":6},{"not_picked":["Underhanded Strike","Prepared"],"picked":"Dodge and Roll","floor":7},{"not_picked":["Tools of the Trade","Skewer"],"picked":"Leg Sweep","floor":8},{"not_picked":["Bane","Accuracy"],"picked":"Masterful Stab","floor":13}],"player_experience":1282349,"relics_obtained":[{"floor":6,"key":"Paper Crane"},{"floor":8,"key":"Snake Skull"},{"floor":9,"key":"Juzu Bracelet"},{"floor":13,"key":"Happy Flower"}],"event_choices":[{"damage_healed":0,"gold_gain":0,"player_choice":"Grow","damage_taken":0,"max_hp_gain":0,"max_hp_loss":0,"event_name":"Living Wall","floor":3,"gold_loss":0,"cards_upgraded":["Deadly Poison"]},{"damage_healed":0,"gold_gain":0,"player_choice":"Ignored","damage_taken":0,"max_hp_gain":0,"max_hp_loss":0,"event_name":"Shining Light","floor":10,"gold_loss":0}],"is_beta":false,"boss_relics":[],"items_purged_floors":[],"is_endless":false,"potions_floor_spawned":[2,13],"killed_by":"Exordium Thugs","ascension_level":18}