{"gold_per_floor":[116,116,127,103,2,20,38,52,52,72,87,87,87,106,106,209,209,225,239,253,253],"floor_reached":21,"playtime":2669,"items_purged":[],"score":177,"play_id":"a280c9d1-8c3a-4649-bff3-16acb30e80ff","local_time":"20190109184922","is_ascension_mode":false,"campfire_choices":[{"floor":12,"key":"REST"},{"data":"All Out Attack","floor":15,"key":"SMITH"}],"neow_cost":"NONE","seed_source_timestamp":7181816678520,"circlet_count":0,"master_deck":["Defend_G","Defend_G","Defend_G","Defend_G","Defend_G","Strike_G","Strike_G","Strike_G","Strike_G","Strike_G","Survivor+1","Neutralize","Noxious Fumes","All Out Attack+1","Underhanded Strike","Deadly Poison","Escape Plan","Deflect","Crippling Poison","Acrobatics","Poisoned Stab","Finesse","Neutralize","Poisoned Stab","Quick Slash","Backflip"],"relics":["Ring of the Snake","Bronze Scales","Regal Pillow","HoveringKite"],"potions_floor_usage":[16,16,20,20,21],"damage_taken":[{"damage":2,"enemies":"Cultist","floor":1,"turns":5},{"damage":0,"enemies":"Jaw Worm","floor":3,"turns":4},{"damage":0,"enemies":"Small Slimes","floor":6,"turns":1},{"damage":6,"enemies":"Exordium Wildlife","floor":7,"turns":4},{"damage":6,"enemies":"3 Louse","floor":8,"turns":3},{"damage":8,"enemies":"Large Slime","floor":10,"turns":6},{"damage":7,"enemies":"Exordium Thugs","floor":11,"turns":5},{"damage":1,"enemies":"Blue Slaver","floor":14,"turns":3},{"damage":55,"enemies":"Slime Boss","floor":16,"turns":10},{"damage":12,"enemies":"3 Byrds","floor":18,"turns":3},{"damage":26,"enemies":"Spheric Guardian","floor":19,"turns":6},{"damage":11,"enemies":"Snecko","floor":20,"turns":7},{"damage":26,"enemies":"Sentry and Sphere","floor":21,"turns":5}],"seed_played":"-4896347575721674539","potions_obtained":[{"floor":3,"key":"Strength Potion"},{"floor":7,"key":"Regen Potion"},{"floor":10,"key":"GamblersBrew"},{"floor":11,"key":"Dexterity Potion"},{"floor":18,"key":"Block Potion"},{"floor":19,"key":"GhostInAJar"}],"is_trial":false,"path_per_floor":["M","?","M","?","$","M","M","M","T","M","M","R","?","M","R","B",null,"M","M","M","M"],"character_chosen":"THE_SILENT","items_purchased":["Underhanded Strike","Deadly Poison"],"campfire_rested":1,"item_purchase_floors":[5,5],"current_hp_per_floor":[68,65,65,65,65,65,59,53,53,45,38,70,70,69,69,29,70,58,32,21,0],"gold":253,"neow_bonus":"UPGRADE_CARD","is_prod":false,"is_daily":false,"chose_seed":false,"campfire_upgraded":1,"win_rate":0.0,"timestamp":1547056162,"path_taken":["M","?","M","?","$","M","M","M","T","M","M","R","?","M","R","BOSS","M","M","?","M"],"build_version":"2019-01-03v4","purchased_purges":0,"victory":false,"max_hp_per_floor":[70,70,70,70,70,70,70,70,70,70,70,70,70,70,70,70,70,70,70,70,70],"card_choices":[{"not_picked":["Outmaneuver","Predator"],"picked":"Noxious Fumes","floor":1},{"not_picked":["Blur","Backflip"],"picked":"All Out Attack","floor":3},{"not_picked":["Calculated Gamble","Acrobatics"],"picked":"Escape Plan","floor":6},{"not_picked":["Acrobatics","Footwork"],"picked":"Deflect","floor":7},{"not_picked":["PiercingWail","Blade Dance"],"picked":"Crippling Poison","floor":8},{"not_picked":["Outmaneuver","Die Die Die"],"picked":"Acrobatics","floor":10},{"not_picked":["Quick Slash","Acrobatics"],"picked":"Poisoned Stab","floor":11},{"not_picked":["Underhanded Strike","Flying Knee"],"picked":"Poisoned Stab","floor":14},{"not_picked":["Outmaneuver","Endless Agony"],"picked":"Quick Slash","floor":18},{"not_picked":["Deadly Poison","Outmaneuver"],"picked":"Backflip","floor":19},{"not_picked":["Dagger Throw","PiercingWail+1","Outmaneuver"],"picked":"SKIP","floor":20}],"player_experience":12825,"relics_obtained":[{"floor":9,"key":"Regal Pillow"}],"event_choices":[{"damage_healed":0,"gold_gain":0,"player_choice":"Success","damage_taken":3,"relics_obtained":["Bronze Scales"],"max_hp_gain":0,"max_hp_loss":0,"event_name":"Scrap Ooze","floor":2,"gold_loss":0},{"damage_healed":0,"gold_gain":0,"player_choice":"Left Gold","damage_taken":0,"max_hp_gain":0,"max_hp_loss":0,"event_name":"World of Goop","floor":4,"gold_loss":24},{"damage_healed":0,"gold_gain":0,"player_choice":"2 cards matched","damage_taken":0,"max_hp_gain":0,"max_hp_loss":0,"event_name":"Match and Keep!","floor":13,"gold_loss":0,"cards_obtained":["Finesse","Neutralize"]}],"is_beta":false,"boss_relics":[{"not_picked":["Runic Dome","Calling Bell"],"picked":"HoveringKite"}],"items_purged_floors":[],"is_endless":false,"potions_floor_spawned":[3,7,10,11,18,19],"killed_by":"Sentry and Sphere","ascension_level":0}