{"gold_per_floor":[115,40,55,55,66,66,16,45,72,87,87,87,87,97,97,197,197,208,388,403,403,149,149,184,204,204,204,204,214,214,225,225,327,327,339,386,401,124,139,139,139,151,207,225,225,243,243,259,259,259],"floor_reached":50,"playtime":2847,"items_purged":["Strike_R","Writhe","Strike_R"],"score":689,"play_id":"257dacc1-a88e-469c-b9f1-b04332dbfb8a","local_time":"20180629185819","is_ascension_mode":false,"campfire_choices":[{"data":"Searing Blow","floor":6,"key":"SMITH"},{"data":"Bludgeon","floor":11,"key":"SMITH"},{"data":"Clash","floor":13,"key":"SMITH"},{"data":"Searing Blow+1","floor":15,"key":"SMITH"},{"data":"Double Tap","floor":23,"key":"SMITH"},{"floor":27,"key":"REST"},{"data":"Offering","floor":30,"key":"SMITH"},{"data":"Searing Blow+2","floor":32,"key":"SMITH"},{"floor":40,"key":"REST"},{"data":"Double Tap","floor":47,"key":"SMITH"},{"data":"Searing Blow+3","floor":49,"key":"SMITH"}],"neow_cost":"","seed_source_timestamp":937953482728446,"circlet_count":0,"master_deck":["Strike_R","Strike_R+1","Defend_R","Defend_R","Bash+1","Searing Blow+4","Clash+1","Uppercut+1","Bludgeon+1","Offering+1","Double Tap+1","Blood for Blood+1","Double Tap+1"],"relics":["Burning Blood","Bag of Marbles","Pen Nib","Busted Crown","Boot","Whetstone","Potion Belt","Velvet Choker","Sundial","Vajra","Magic Flower","Tiny Chest"],"potions_floor_usage":[50,50,50,50,50],"damage_taken":[{"damage":0,"enemies":"Small Slimes","floor":1,"turns":3},{"damage":10,"enemies":"2 Louse","floor":3,"turns":3},{"damage":5,"enemies":"Cultist","floor":5,"turns":4},{"damage":29,"enemies":"Gremlin Nob","floor":8,"turns":5},{"damage":0,"enemies":"2 Fungi Beasts","floor":10,"turns":2},{"damage":15,"enemies":"Gremlin Gang","floor":14,"turns":3},{"damage":42,"enemies":"The Guardian","floor":16,"turns":7},{"damage":5,"enemies":"2 Thieves","floor":18,"turns":2},{"damage":4,"enemies":"Spheric Guardian","floor":20,"turns":2},{"damage":30,"enemies":"Book of Stabbing","floor":24,"turns":4},{"damage":9,"enemies":"Centurion and Healer","floor":25,"turns":3},{"damage":4,"enemies":"Snake Plant","floor":29,"turns":1},{"damage":0,"enemies":"Snecko","floor":31,"turns":2},{"damage":44,"enemies":"Automaton","floor":33,"turns":5},{"damage":33,"enemies":"3 Shapes","floor":35,"turns":2},{"damage":24,"floor":36,"turns":3},{"damage":20,"enemies":"3 Darklings","floor":37,"turns":3},{"damage":12,"enemies":"4 Shapes","floor":39,"turns":3},{"damage":0,"floor":41,"turns":2},{"damage":0,"enemies":"Maw","floor":42,"turns":4},{"damage":4,"enemies":"Sphere and 2 Shapes","floor":44,"turns":2},{"damage":4,"enemies":"3 Darklings","floor":46,"turns":3},{"damage":15,"enemies":"Maw","floor":48,"turns":4},{"damage":107,"enemies":"Awakened One","floor":50,"turns":6}],"seed_played":"-3080770464985338349","potions_obtained":[{"floor":5,"key":"EssenceOfSteel"},{"floor":8,"key":"Swift Potion"},{"floor":14,"key":"Strength Potion"},{"floor":24,"key":"GamblersBrew"},{"floor":29,"key":"Ancient Potion"},{"floor":33,"key":"Regen Potion"},{"floor":39,"key":"Fire Potion"}],"is_trial":false,"path_per_floor":["M","$","M","$","M","R","?","E","T","M","R","?","R","M","R","B",null,"M","?","M","?","$","R","E","M","T","R","?","M","R","M","R","B",null,"M","?","M","$","M","R","?","M","T","M","?","M","R","M","R"],"character_chosen":"IRONCLAD","items_purchased":["Double Tap","Vajra"],"campfire_rested":2,"item_purchase_floors":[22,38],"current_hp_per_floor":[80,80,76,76,77,77,77,54,54,60,60,60,60,51,51,15,80,80,56,58,58,58,58,34,31,31,55,55,57,57,63,63,25,80,53,35,21,21,15,39,45,54,54,59,59,64,64,58,58,0],"gold":259,"neow_bonus":"","is_prod":false,"is_daily":false,"chose_seed":false,"campfire_upgraded":9,"win_rate":0.0,"timestamp":1530323899,"path_taken":["M","$","M","$","M","R","?","E","T","?","R","?","R","M","R","BOSS","M","?","M","?","$","R","E","M","T","R","?","M","R","M","R","BOSS","M","?","M","$","?","R","?","M","T","M","?","M","R","M","R","BOSS"],"build_version":"2018-06-28","purchased_purges":3,"victory":false,"max_hp_per_floor":[80,80,80,80,80,80,80,80,80,80,80,80,80,80,80,80,80,80,80,80,80,80,80,80,80,80,80,80,80,80,80,80,80,80,80,80,80,80,80,80,80,80,80,80,80,80,80,80,80,80],"card_choices":[{"not_picked":["Warcry","Clash"],"picked":"Searing Blow","floor":1},{"not_picked":["Bloodletting","Sword Boomerang","Body Slam"],"picked":"SKIP","floor":3},{"not_picked":["Entrench","Iron Wave"],"picked":"Clash","floor":5},{"not_picked":["Armaments","Thunderclap"],"picked":"Uppercut","floor":8},{"not_picked":["Burning Pact","Pommel Strike"],"picked":"Bludgeon","floor":10},{"not_picked":["Carnage","Dual Wield","Iron Wave"],"picked":"SKIP","floor":14},{"not_picked":["Impervious","Fiend Fire"],"picked":"Offering","floor":16},{"not_picked":["Cleave"],"picked":"SKIP","floor":18},{"not_picked":["Shrug It Off"],"picked":"SKIP","floor":20},{"not_picked":["Shockwave"],"picked":"SKIP","floor":24},{"not_picked":[],"picked":"Blood for Blood+1","floor":25},{"not_picked":["Warcry"],"picked":"SKIP","floor":29},{"not_picked":["Twin Strike"],"picked":"SKIP","floor":31},{"not_picked":[],"picked":"Double Tap","floor":33},{"not_picked":["Anger+1"],"picked":"SKIP","floor":35},{"not_picked":["Infernal Blade"],"picked":"SKIP","floor":37},{"not_picked":["Infernal Blade"],"picked":"SKIP","floor":39},{"not_picked":["Armaments+1"],"picked":"SKIP","floor":42},{"not_picked":["Disarm+1"],"picked":"SKIP","floor":44},{"not_picked":["Anger"],"picked":"SKIP","floor":46},{"not_picked":["Pommel Strike+1"],"picked":"SKIP","floor":48}],"player_experience":15882,"relics_obtained":[{"floor":8,"key":"Bag of Marbles"},{"floor":9,"key":"Pen Nib"},{"floor":24,"key":"Whetstone"},{"floor":26,"key":"Potion Belt"},{"floor":36,"key":"Sundial"},{"floor":41,"key":"Magic Flower"},{"floor":43,"key":"Tiny Chest"}],"event_choices":[{"event_name":"The Cleric","player_choice":"Card Removal","floor":7,"damage_taken":0},{"event_name":"Accursed Blacksmith","player_choice":"Forge","floor":12,"damage_taken":0},{"event_name":"Knowing Skull","player_choice":"GOLD GOLD ","floor":19,"damage_taken":0},{"event_name":"The Mausoleum","player_choice":"Yes","floor":21,"damage_taken":0},{"event_name":"Back to Basics","player_choice":"Elegance","floor":28,"damage_taken":0},{"event_name":"Mysterious Sphere","player_choice":"Fight","floor":36,"damage_taken":0},{"event_name":"MindBloom","player_choice":"Fight","floor":41,"damage_taken":0},{"event_name":"Falling","player_choice":"Removed Skill","floor":45,"damage_taken":0}],"boss_relics":[{"not_picked":["White Beast Statue","Mark of Pain"],"picked":"Busted Crown"},{"not_picked":["Tiny House","Coffee Dripper"],"picked":"Velvet Choker"}],"items_purged_floors":[2,22,38],"is_endless":false,"potions_floor_spawned":[5,8,14,24,29,33,39,42,44],"killed_by":"Awakened One","ascension_level":0}