{"gold_per_floor":[111,36,49,49,69,94,94,94,94,107,123,137,137,37,37,133,133,116,116,116,116,116,116,129,147,173,173,48,48,77,88,88,88],"floor_reached":33,"playtime":2032,"items_purged":["Injury","Strike_G","Strike_G"],"score":265,"play_id":"95dc1628-b679-433c-93e0-e8a71692df15","local_time":"20180715163527","is_ascension_mode":false,"campfire_choices":[{"floor":13.0,"key":"REST"},{"data":"Backflip","floor":15.0,"key":"SMITH"},{"data":"Terror","floor":23.0,"key":"SMITH"},{"data":"Neutralize","floor":27.0,"key":"SMITH"},{"data":"Survivor","floor":29.0,"key":"SMITH"},{"floor":32.0,"key":"REST"}],"neow_cost":"CURSE","seed_source_timestamp":0,"circlet_count":0,"master_deck":["Defend_G","Defend_G","Defend_G","Defend_G","Strike_G","Strike_G","Strike_G","Survivor+1","Neutralize+1","Blade Dance+1","Cloak And Dagger+1","Backflip+1","Dagger Throw+1","Terror+1","Cloak And Dagger"],"special_seed":0,"relics":["Ring of the Snake","Bird Faced Urn","Incense Burner","Molten Egg 2","Mercury Hourglass","Juzu Bracelet","Anchor"],"potions_floor_usage":[],"damage_taken":[{"damage":0.0,"enemies":"Small Slimes","floor":1.0,"turns":4.0},{"damage":0.0,"enemies":"Cultist","floor":3.0,"turns":5.0},{"damage":4.0,"enemies":"2 Louse","floor":5.0,"turns":2.0},{"damage":63.0,"enemies":"Gremlin Nob","floor":6.0,"turns":7.0},{"damage":0.0,"enemies":"Large Slime","floor":10.0,"turns":5.0},{"damage":0.0,"enemies":"Blue Slaver","floor":11.0,"turns":4.0},{"damage":0.0,"enemies":"Lots of Slimes","floor":12.0,"turns":4.0},{"damage":22.0,"enemies":"Slime Boss","floor":16.0,"turns":13.0},{"damage":11.0,"enemies":"2 Thieves","floor":18.0,"turns":4.0},{"damage":0.0,"enemies":"3 Byrds","floor":24.0,"turns":5.0},{"damage":13.0,"enemies":"Centurion and Healer","floor":25.0,"turns":6.0},{"damage":32.0,"enemies":"Gremlin Leader","floor":30.0,"turns":9.0},{"damage":9.0,"enemies":"Snake Plant","floor":31.0,"turns":5.0},{"damage":26,"enemies":"Automaton","floor":33,"turns":4}],"seed_played":"-5395902283892158677","potions_obtained":[{"floor":1.0,"key":"Explosive Potion"},{"floor":10.0,"key":"AttackPotion"},{"floor":11.0,"key":"SteroidPotion"},{"floor":25.0,"key":"FearPotion"},{"floor":31.0,"key":"Poison Potion"}],"is_trial":false,"path_per_floor":["M","$","M","?","M","E","$","?","T","M","M","M","R","$","R","B",null,"M","$","T","?","?","R","M","M","T","R","$","R","E","M","R"],"character_chosen":"THE_SILENT","items_purchased":[],"campfire_rested":2,"item_purchase_floors":[],"current_hp_per_floor":[70,70,70,70,66,3,3,3,3,3,3,3,24,24,24,2,70,59,59,59,59,59,59,59,46,46,46,46,46,14,5,26,0],"gold":88,"neow_bonus":"ONE_RARE_RELIC","is_prod":false,"is_daily":false,"chose_seed":false,"campfire_upgraded":4,"win_rate":0.0,"timestamp":1531697727,"path_taken":["M","$","M","?","M","E","$","?","T","M","M","M","R","?","R","BOSS","M","$","?","?","?","R","M","M","T","R","?","R","E","M","R","BOSS"],"build_version":"2018-07-12","purchased_purges":3,"victory":false,"max_hp_per_floor":[70,70,70,70,70,70,70,70,70,70,70,70,70,70,70,70,70,70,70,70,70,70,70,70,70,70,70,70,70,70,70,70,70],"card_choices":[{"not_picked":["Acrobatics","Dash"],"picked":"Blade Dance","floor":1.0},{"not_picked":["Dash","Distraction"],"picked":"Cloak And Dagger","floor":3.0},{"not_picked":["Flying Knee","Sucker Punch"],"picked":"Backflip","floor":5.0},{"not_picked":["Outmaneuver","Sucker Punch","Underhanded Strike"],"picked":"SKIP","floor":6.0},{"not_picked":["Predator+1","Sucker Punch+1"],"picked":"Dagger Throw+1","floor":10.0},{"not_picked":["Blade Dance","Sucker Punch+1"],"picked":"Terror","floor":11.0},{"not_picked":["Bane+1","Backflip","Bouncing Flask"],"picked":"SKIP","floor":12.0},{"not_picked":["Quick Slash+1","Blade Dance+1","Dagger Spray+1"],"picked":"SKIP","floor":18.0},{"not_picked":["Prepared","Underhanded Strike+1","Sucker Punch+1"],"picked":"SKIP","floor":24.0},{"not_picked":["Acrobatics","Quick Slash+1","Glass Knife+1"],"picked":"SKIP","floor":25.0},{"not_picked":["Sucker Punch+1","Acrobatics"],"picked":"Cloak And Dagger","floor":30.0},{"not_picked":["Slice+1","Dash+1","Underhanded Strike+1"],"picked":"SKIP","floor":31.0}],"player_experience":29167,"relics_obtained":[{"floor":6.0,"key":"Incense Burner"},{"floor":9.0,"key":"Molten Egg 2"},{"floor":20.0,"key":"Mercury Hourglass"},{"floor":26.0,"key":"Juzu Bracelet"},{"floor":30.0,"key":"Anchor"}],"event_choices":[{"event_name":"Upgrade Shrine","player_choice":"Upgraded","floor":4.0,"damage_taken":0.0},{"event_name":"Living Wall","player_choice":"Forget","floor":8.0,"damage_taken":0.0},{"event_name":"Accursed Blacksmith","player_choice":"Forge","floor":21.0,"damage_taken":0.0},{"event_name":"Ghosts","player_choice":"Ignored","floor":22.0,"damage_taken":0.0}],"boss_relics":[{"not_picked":["Busted Crown","Coffee Dripper","Velvet Choker"]}],"items_purged_floors":[],"is_endless":false,"potions_floor_spawned":[1,10,11,12,25,31],"killed_by":"Automaton","ascension_level":0}