{"gold_per_floor":[213,225,236,249,214,214,249,249,323,323,323,178,178,191,191,294,294,314,22,40,40,51,51,71,71],"floor_reached":25,"playtime":1197,"items_purged":["Strike_B","Strike_B"],"score":213,"play_id":"95c97bed-91c0-4f32-8de4-98195a35210a","local_time":"20190413095549","is_ascension_mode":true,"campfire_choices":[{"data":"Tempest","floor":6,"key":"SMITH"},{"floor":8,"key":"REST"},{"data":"Conserve Battery","floor":11,"key":"SMITH"},{"floor":15,"key":"REST"},{"data":"Creative AI","floor":23,"key":"SMITH"}],"neow_cost":"NONE","seed_source_timestamp":102015529526283,"circlet_count":0,"master_deck":["Strike_B","Defend_B","Defend_B","Defend_B","Defend_B","Zap","Dualcast","Tempest+1","Conserve Battery+1","Redo","Melter","Blizzard","Creative AI+1","Capacitor","Cold Snap+1","White Noise"],"relics":["Cracked Core","Shuriken","WingedGreaves","Velvet Choker","Chemical X","Nloth\u0027s Gift"],"potions_floor_usage":[7,16,16,16,16,16,24],"damage_taken":[{"damage":1,"enemies":"Cultist","floor":1,"turns":3},{"damage":8,"enemies":"Jaw Worm","floor":2,"turns":3},{"damage":7,"enemies":"2 Louse","floor":3,"turns":3},{"damage":52,"enemies":"Gremlin Gang","floor":4,"turns":5},{"damage":22,"enemies":"Lagavulin","floor":7,"turns":7},{"damage":0,"enemies":"2 Fungi Beasts","floor":14,"turns":3},{"damage":35,"enemies":"Hexaghost","floor":16,"turns":9},{"damage":9,"enemies":"Chosen","floor":18,"turns":5},{"damage":0,"enemies":"Spheric Guardian","floor":20,"turns":3},{"damage":43,"enemies":"Shelled Parasite and Fungi","floor":22,"turns":5},{"damage":15,"enemies":"Snecko","floor":24,"turns":4}],"seed_played":"6809781475878741315","potions_obtained":[{"floor":1,"key":"SkillPotion"},{"floor":3,"key":"EntropicBrew"},{"floor":7,"key":"PowerPotion"},{"floor":14,"key":"PowerPotion"},{"floor":20,"key":"Explosive Potion"}],"is_trial":false,"path_per_floor":["M","M","M","M","?","R","E","R","T","T","R","$","?","M","R","B",null,"M","$","M","?","M","R","M","?"],"character_chosen":"DEFECT","items_purchased":["Melter","Chemical X"],"campfire_rested":2,"item_purchase_floors":[12,19],"current_hp_per_floor":[74,66,59,7,25,25,3,25,25,25,25,25,18,18,40,5,75,66,66,66,66,23,23,8,0],"gold":71,"neow_bonus":"HUNDRED_GOLD","is_prod":false,"is_daily":false,"chose_seed":false,"campfire_upgraded":3,"win_rate":0,"timestamp":1555174549,"path_taken":["M","M","M","M","?","R","E","R","T","?","R","$","?","M","R","BOSS","M","$","M","?","?","R","?","?"],"build_version":"2019-01-23","purchased_purges":2,"victory":false,"max_hp_per_floor":[75,75,75,75,75,75,75,75,75,75,75,75,75,75,75,75,75,75,75,75,75,75,75,75,75],"card_choices":[{"not_picked":["Reprogram","Chill"],"picked":"Tempest","floor":1},{"not_picked":["Rebound","Sweeping Beam"],"picked":"Conserve Battery","floor":2},{"not_picked":["Chaos","Barrage","Rip and Tear"],"picked":"SKIP","floor":3},{"not_picked":["Hologram","Barrage","Rebound"],"picked":"SKIP","floor":4},{"not_picked":["Leap","Steam"],"picked":"Redo","floor":7},{"not_picked":["Storm","Force Field"],"picked":"Blizzard","floor":14},{"not_picked":["Multi-Cast","Machine Learning"],"picked":"Creative AI","floor":16},{"not_picked":["BootSequence","Gash+1","Rebound"],"picked":"SKIP","floor":18},{"not_picked":["Coolheaded","Rip and Tear"],"picked":"Capacitor","floor":20},{"not_picked":["Reprogram","Barrage+1"],"picked":"Cold Snap+1","floor":22},{"not_picked":["Creative AI","Compile Driver"],"picked":"White Noise","floor":24}],"player_experience":170417,"relics_obtained":[{"floor":7,"key":"Peace Pipe"},{"floor":9,"key":"Shuriken"},{"floor":10,"key":"WingedGreaves"}],"event_choices":[{"damage_healed":18,"gold_gain":0,"player_choice":"Healed","damage_taken":0,"max_hp_gain":0,"max_hp_loss":0,"event_name":"The Cleric","floor":5,"gold_loss":35},{"cards_removed":["Strike_B"],"damage_healed":0,"gold_gain":0,"player_choice":"Card Removal","damage_taken":7,"max_hp_gain":0,"max_hp_loss":0,"event_name":"Golden Wing","floor":13,"gold_loss":0},{"damage_healed":0,"gold_gain":0,"player_choice":"Traded Relic","damage_taken":0,"relics_obtained":["Nloth\u0027s Gift"],"max_hp_gain":0,"max_hp_loss":0,"event_name":"N\u0027loth","floor":21,"relics_lost":["Peace Pipe"],"gold_loss":0}],"is_beta":false,"boss_relics":[{"not_picked":["Busted Crown","Sozu"],"picked":"Velvet Choker"}],"items_purged_floors":[12,19],"is_endless":false,"potions_floor_spawned":[1,3,7,14,20],"ascension_level":1}