{"gold_per_floor":[216,236,236,249,266,266,282,311,311,343,356,383,383,398,398,498,498,518,107,121,220,230,265,276,276,327,352,364,364],"floor_reached":29,"playtime":2521,"items_purged":["Strike_B"],"score":381,"play_id":"faf93484-11ce-41f5-8bb0-6ef58961b70c","local_time":"20190711225623","is_ascension_mode":true,"campfire_choices":[{"data":"Zap","floor":6,"key":"SMITH"},{"data":"Capacitor","floor":13,"key":"SMITH"},{"data":"Defragment","floor":15,"key":"SMITH"},{"data":"Apotheosis","floor":25,"key":"SMITH"}],"neow_cost":"NONE","seed_source_timestamp":83250612429708,"circlet_count":0,"master_deck":["Strike_B","Strike_B+1","Strike_B","Defend_B","Defend_B","Defend_B","Defend_B","Zap+1","Dualcast","Glacier","Defragment+1","Auto Shields","Chill","Consume","Capacitor+1","Go for the Eyes+1","Cold Snap","Barrage","Chill","Loop","Echo Form","Conserve Battery+1","Blizzard","Loop","Apotheosis+1"],"relics":["Cracked Core","Prayer Wheel","Pear","Omamori","Shovel","Coffee Dripper","Meat on the Bone","Whetstone","Toxic Egg 2"],"potions_floor_usage":[14,16,23,24,24,29],"damage_taken":[{"damage":10,"enemies":"Small Slimes","floor":1,"turns":2},{"damage":0,"enemies":"2 Louse","floor":2,"turns":2},{"damage":0,"enemies":"Cultist","floor":4,"turns":4},{"damage":0,"enemies":"Blue Slaver","floor":5,"turns":5},{"damage":12,"enemies":"Large Slime","floor":7,"turns":8},{"damage":3,"enemies":"3 Sentries","floor":8,"turns":11},{"damage":0,"enemies":"Lagavulin","floor":10,"turns":8},{"damage":3,"enemies":"Lots of Slimes","floor":11,"turns":6},{"damage":0,"enemies":"3 Sentries","floor":12,"turns":8},{"damage":2,"enemies":"Blue Slaver","floor":14,"turns":3},{"damage":21,"enemies":"Slime Boss","floor":16,"turns":11},{"damage":9,"enemies":"3 Byrds","floor":18,"turns":7},{"damage":11,"enemies":"Spheric Guardian","floor":20,"turns":6},{"damage":2,"enemies":"Snecko","floor":22,"turns":8},{"damage":3,"enemies":"Book of Stabbing","floor":23,"turns":9},{"damage":11,"enemies":"Cultist and Chosen","floor":24,"turns":9},{"damage":29,"enemies":"Slavers","floor":27,"turns":8},{"damage":9,"enemies":"Sentry and Sphere","floor":28,"turns":4},{"damage":43,"enemies":"Gremlin Leader","floor":29,"turns":6}],"seed_played":"-3041936257026021873","potions_obtained":[{"floor":1,"key":"Block Potion"},{"floor":8,"key":"FearPotion"},{"floor":11,"key":"PowerPotion"},{"floor":16,"key":"AttackPotion"},{"floor":18,"key":"Block Potion"},{"floor":20,"key":"Weak Potion"},{"floor":28,"key":"Poison Potion"}],"is_trial":false,"path_per_floor":["M","M","?","M","M","R","M","E","T","E","M","E","R","M","R","B",null,"M","$","M","?","M","E","M","R","T","E","M","E"],"character_chosen":"DEFECT","items_purchased":["Blizzard","Loop","Apotheosis"],"campfire_rested":0,"item_purchase_floors":[19,19,19],"current_hp_per_floor":[65,65,70,70,70,70,58,55,65,65,62,62,62,60,60,39,90,81,81,70,70,68,65,54,54,54,37,40,0],"gold":364,"neow_bonus":"HUNDRED_GOLD","is_prod":false,"is_daily":false,"chose_seed":false,"campfire_upgraded":4,"win_rate":0,"timestamp":1562900183,"path_taken":["M","M","?","M","M","R","M","E","T","E","M","E","R","M","R","BOSS","M","$","M","?","M","E","M","R","T","E","M","E"],"build_version":"2019-07-05","purchased_purges":1,"victory":false,"max_hp_per_floor":[75,75,80,80,80,80,80,80,90,90,90,90,90,90,90,90,90,90,90,90,90,90,90,90,90,90,90,90,90],"card_choices":[{"not_picked":["Streamline","Ball Lightning"],"picked":"Glacier","floor":1},{"not_picked":["Conserve Battery","Reprogram"],"picked":"Defragment","floor":2},{"not_picked":["Leap","Hologram"],"picked":"Auto Shields","floor":4},{"not_picked":["Chaos","Conserve Battery"],"picked":"Chill","floor":5},{"not_picked":["Double Energy","Loop"],"picked":"Consume","floor":7},{"not_picked":["Leap","Stack"],"picked":"Capacitor","floor":8},{"not_picked":["Go for the Eyes","Hello World","Turbo"],"picked":"SKIP","floor":10},{"not_picked":["Hello World","Turbo"],"picked":"Go for the Eyes","floor":10},{"not_picked":["Stack","Tempest"],"picked":"Cold Snap","floor":11},{"not_picked":["Hologram","Barrage","Compile Driver"],"picked":"SKIP","floor":11},{"not_picked":["Hologram","Compile Driver"],"picked":"Barrage","floor":11},{"not_picked":["Consume","Rebound"],"picked":"Chill","floor":12},{"not_picked":["Compile Driver","Fusion"],"picked":"Loop","floor":14},{"not_picked":["Sweeping Beam","Ball Lightning","Turbo"],"picked":"SKIP","floor":14},{"not_picked":["Rainbow","All For One"],"picked":"Echo Form","floor":16},{"not_picked":["Compile Driver","Leap"],"picked":"Conserve Battery+1","floor":18},{"not_picked":["Leap","Conserve Battery","Rip and Tear"],"picked":"SKIP","floor":18},{"not_picked":["Darkness","Gash","White Noise"],"picked":"SKIP","floor":20},{"not_picked":["Redo","Conserve Battery+1","Genetic Algorithm"],"picked":"SKIP","floor":20},{"not_picked":["Auto Shields","Barrage","Leap+1"],"picked":"SKIP","floor":22},{"not_picked":["Beam Cell+1","Hyperbeam","Conserve Battery"],"picked":"SKIP","floor":22},{"not_picked":["Reprogram","Stack","Streamline+1"],"picked":"SKIP","floor":23},{"not_picked":["Barrage","Turbo","Ball Lightning"],"picked":"SKIP","floor":24},{"not_picked":["Stack+1","Ball Lightning","Barrage+1"],"picked":"SKIP","floor":24},{"not_picked":["Genetic Algorithm","Tempest","Fission"],"picked":"SKIP","floor":27},{"not_picked":["Gash","Turbo+1","Go for the Eyes+1"],"picked":"SKIP","floor":28},{"not_picked":["Turbo+1","Redo+1","Go for the Eyes+1"],"picked":"SKIP","floor":28}],"player_experience":295342,"relics_obtained":[{"floor":8,"key":"Prayer Wheel"},{"floor":9,"key":"Pear"},{"floor":10,"key":"Omamori"},{"floor":12,"key":"Shovel"},{"floor":23,"key":"Meat on the Bone"},{"floor":26,"key":"Whetstone"},{"floor":27,"key":"Toxic Egg 2"}],"event_choices":[{"damage_healed":0,"gold_gain":0,"player_choice":"Donut","damage_taken":0,"max_hp_gain":5,"max_hp_loss":0,"event_name":"Big Fish","floor":3,"gold_loss":0},{"damage_healed":0,"gold_gain":99,"player_choice":"Stole From Cult","damage_taken":0,"max_hp_gain":0,"max_hp_loss":0,"event_name":"Nest","floor":21,"gold_loss":0}],"is_beta":false,"boss_relics":[{"not_picked":["Orrery","FrozenCore"],"picked":"Coffee Dripper"}],"items_purged_floors":[19],"is_endless":false,"potions_floor_spawned":[1,8,11,16,18,20,28],"killed_by":"Gremlin Leader","ascension_level":1}