{"gold_per_floor":[116,116,132,6,6,6,38,38,65,76,109,57,91,108,108,181,181,197,107,123,138,138,165,165,615,694,694,156,175,75,94,94,170,170,190,209,262,262,275,304,71,71,96,96],"floor_reached":44,"playtime":6133,"items_purged":["Strike_G","Defend_G"],"score":873,"play_id":"02b13167-b05e-450f-b46b-22d28af76de3","local_time":"20190502220348","is_ascension_mode":true,"campfire_choices":[{"data":"Choke","floor":6,"key":"SMITH"},{"data":"Well Laid Plans","floor":8,"key":"SMITH"},{"data":"Bouncing Flask","floor":15,"key":"SMITH"},{"data":"Noxious Fumes","floor":24,"key":"SMITH"},{"floor":27,"key":"REST"},{"floor":32,"key":"REST"},{"floor":42,"key":"REST"}],"neow_cost":"NONE","seed_source_timestamp":1503913985229758,"circlet_count":0,"master_deck":["AscendersBane","Defend_G+1","Defend_G","Defend_G","Strike_G","Strike_G","Survivor+1","Neutralize+1","Masterful Stab","Choke+1","Well Laid Plans+1","Infinite Blades","Deflect","Dodge and Roll","Bouncing Flask+1","Glass Knife","Noxious Fumes+1","Cloak And Dagger+1","Leg Sweep","Acrobatics","Bullet Time","Choke","Good Instincts","Die Die Die","Backflip","Adrenaline","Dodge and Roll+1","Deadly Poison+1","Backflip","Dodge and Roll","Burst","Footwork"],"relics":["Ring of the Serpent","NeowsBlessing","Centennial Puzzle","Bag of Preparation","Nunchaku","Anchor","Sozu","Darkstone Periapt","Bottled Lightning","Happy Flower","Mango","Boot"],"potions_floor_usage":[11,13,23],"damage_taken":[{"damage":0,"enemies":"Cultist","floor":1,"turns":1},{"damage":0,"enemies":"Small Slimes","floor":3,"turns":1},{"damage":0,"enemies":"3 Sentries","floor":7,"turns":1},{"damage":0,"enemies":"Jaw Worm","floor":10,"turns":4},{"damage":14,"enemies":"Lagavulin","floor":11,"turns":5},{"damage":7,"enemies":"3 Sentries","floor":13,"turns":8},{"damage":0,"enemies":"Lots of Slimes","floor":14,"turns":6},{"damage":2,"enemies":"Hexaghost","floor":16,"turns":8},{"damage":0,"enemies":"Shell Parasite","floor":18,"turns":3},{"damage":0,"enemies":"Chosen","floor":20,"turns":3},{"damage":6,"enemies":"Centurion and Healer","floor":21,"turns":5},{"damage":1,"enemies":"Book of Stabbing","floor":23,"turns":5},{"damage":9,"enemies":"Snecko","floor":29,"turns":4},{"damage":3,"enemies":"3 Cultists","floor":31,"turns":5},{"damage":36,"enemies":"Automaton","floor":33,"turns":12},{"damage":1,"enemies":"3 Shapes","floor":35,"turns":3},{"damage":3,"enemies":"Orb Walker","floor":36,"turns":4},{"damage":23,"enemies":"2 Orb Walkers","floor":37,"turns":4},{"damage":0,"enemies":"Maw","floor":39,"turns":7},{"damage":36,"enemies":"Giant Head","floor":40,"turns":8},{"damage":29,"enemies":"Reptomancer","floor":44,"turns":2}],"seed_played":"-308071112881323386","potions_obtained":[{"floor":1,"key":"Explosive Potion"},{"floor":10,"key":"Fire Potion"},{"floor":11,"key":"Dexterity Potion"}],"is_trial":false,"path_per_floor":["M","?","M","$","?","R","E","R","T","M","E","$","E","M","R","B",null,"M","?","M","M","?","E","R","?","T","R","$","M","$","M","R","B",null,"M","M","?","?","M","E","$","R","T","E"],"character_chosen":"THE_SILENT","items_purchased":["Well Laid Plans","Poison Potion","Block Potion","Bullet Time","Choke","Good Instincts","Happy Flower","Burst","Footwork"],"campfire_rested":3,"item_purchase_floors":[4,4,12,28,28,28,28,41,41],"current_hp_per_floor":[59,46,46,46,39,39,39,39,39,39,25,25,18,18,18,16,54,54,54,54,48,48,47,47,11,11,30,30,21,21,18,37,1,50,49,46,37,37,37,1,1,25,25,0],"gold":96,"neow_bonus":"THREE_ENEMY_KILL","is_prod":false,"is_daily":false,"chose_seed":false,"campfire_upgraded":4,"win_rate":0,"timestamp":1556859828,"path_taken":["M","?","M","$","?","R","E","R","T","M","E","$","E","M","R","BOSS","M","?","M","?","?","E","R","?","T","R","$","?","?","?","R","BOSS","M","M","?","?","?","E","$","R","T","E"],"build_version":"2019-01-23","purchased_purges":2,"victory":false,"max_hp_per_floor":[66,66,66,66,66,66,66,66,66,66,66,66,66,66,66,66,66,66,66,66,66,66,66,66,66,66,66,66,66,66,66,66,66,66,66,66,80,80,80,80,80,80,80,80],"card_choices":[{"not_picked":["Accuracy","Blade Dance"],"picked":"Masterful Stab","floor":1},{"not_picked":["Heel Hook","Cloak And Dagger"],"picked":"Choke","floor":3},{"not_picked":["Well Laid Plans","Flying Knee"],"picked":"Infinite Blades","floor":10},{"not_picked":["Distraction","PiercingWail"],"picked":"Deflect","floor":11},{"not_picked":["Well Laid Plans","Masterful Stab"],"picked":"Dodge and Roll","floor":13},{"not_picked":["Sucker Punch","Quick Slash"],"picked":"Bouncing Flask","floor":14},{"not_picked":["Phantasmal Killer","Grand Finale"],"picked":"Glass Knife","floor":16},{"not_picked":["Cloak And Dagger","Deadly Poison"],"picked":"Noxious Fumes","floor":18},{"not_picked":["Backflip","Slice"],"picked":"Cloak And Dagger+1","floor":20},{"not_picked":["All Out Attack","Terror"],"picked":"Leg Sweep","floor":21},{"not_picked":["Riddle With Holes","Reflex"],"picked":"Acrobatics","floor":23},{"not_picked":["PiercingWail","Backflip+1"],"picked":"Die Die Die","floor":29},{"not_picked":["Outmaneuver","Slice"],"picked":"Backflip","floor":31},{"not_picked":["Storm of Steel","Die Die Die"],"picked":"Adrenaline","floor":33},{"not_picked":["Choke","Riddle With Holes+1"],"picked":"Dodge and Roll+1","floor":35},{"not_picked":["Bouncing Flask","Bane"],"picked":"Deadly Poison+1","floor":36},{"not_picked":["Setup+1","Caltrops+1"],"picked":"Backflip","floor":37},{"not_picked":["Blade Dance","Dagger Spray","Skewer+1"],"picked":"SKIP","floor":39}],"player_experience":1102851,"relics_obtained":[{"floor":7,"key":"Centennial Puzzle"},{"floor":9,"key":"Bag of Preparation"},{"floor":11,"key":"Nunchaku"},{"floor":13,"key":"Anchor"},{"floor":23,"key":"Darkstone Periapt"},{"floor":26,"key":"Bottled Lightning"},{"floor":37,"key":"Mango"},{"floor":40,"key":"Boot"}],"event_choices":[{"damage_healed":0,"gold_gain":0,"player_choice":"Entered Light","damage_taken":13,"max_hp_gain":0,"max_hp_loss":0,"event_name":"Shining Light","floor":2,"gold_loss":0,"cards_upgraded":["Survivor","Neutralize"]},{"cards_removed":["Strike_G"],"damage_healed":0,"gold_gain":0,"player_choice":"Card Removal","damage_taken":7,"max_hp_gain":0,"max_hp_loss":0,"event_name":"Golden Wing","floor":5,"gold_loss":0},{"cards_removed":["Strike_G"],"damage_healed":0,"gold_gain":0,"player_choice":"Upgrade and Remove","damage_taken":0,"max_hp_gain":0,"max_hp_loss":0,"event_name":"Designer","floor":19,"gold_loss":90,"cards_upgraded":["Defend_G"]},{"damage_healed":0,"gold_gain":0,"player_choice":"Ignored","damage_taken":0,"max_hp_gain":0,"max_hp_loss":0,"event_name":"Vampires","floor":22,"gold_loss":0},{"damage_healed":0,"gold_gain":450,"player_choice":"GOLD GOLD GOLD GOLD GOLD ","damage_taken":36,"max_hp_gain":0,"max_hp_loss":0,"event_name":"Knowing Skull","floor":25,"potions_obtained":[],"gold_loss":0,"cards_obtained":[]},{"damage_healed":0,"gold_gain":0,"player_choice":"Fight","damage_taken":0,"max_hp_gain":0,"max_hp_loss":0,"event_name":"Mysterious Sphere","floor":37,"gold_loss":0},{"damage_healed":0,"gold_gain":0,"cards_transformed":["Defend_G"],"player_choice":"Transformed","damage_taken":0,"max_hp_gain":0,"max_hp_loss":0,"event_name":"Transmorgrifier","floor":38,"gold_loss":0,"cards_obtained":["Dodge and Roll"]}],"is_beta":false,"boss_relics":[{"not_picked":["Empty Cage","Runic Dome"],"picked":"Sozu"},{"not_picked":["Eternal Feather","Black Star"],"picked":"Ring of the Serpent"}],"items_purged_floors":[28,30],"is_endless":false,"potions_floor_spawned":[1,10,11,20,29,35,37,39,40],"killed_by":"Reptomancer","ascension_level":14}