{"gold_per_floor":[116,116,26,36,56,88,88,103,103,103,123,143,143,171,171,268,268,283,283,283,4,4,38,14,14],"floor_reached":25,"playtime":1593,"items_purged":[],"score":366,"play_id":"c0e57b0f-a82e-49b3-933d-a9071d02417a","local_time":"20181219141104","is_ascension_mode":true,"campfire_choices":[{"data":"Defend_R","floor":7,"key":"SMITH"},{"data":"Burning Pact","floor":10,"key":"SMITH"},{"data":"Shrug It Off","floor":13,"key":"SMITH"},{"floor":15,"key":"REST"}],"neow_cost":"NONE","seed_source_timestamp":3199025998372000,"circlet_count":0,"master_deck":["AscendersBane","Strike_R+1","Strike_R+1","Strike_R+1","Strike_R+1","Defend_R+1","Defend_R+1","Defend_R+1","Defend_R+1","Bash","Rampage","Fiend Fire","Impatience","Burning Pact+1","Shrug It Off+1","Battle Trance","Feed","J.A.X.","Bandage Up","Body Slam"],"relics":["Burning Blood","NeowsBlessing","StoneCalendar","Pear","Shuriken","Sozu","HandDrill","Shovel"],"potions_floor_usage":[6,14,16],"damage_taken":[{"damage":0,"enemies":"Small Slimes","floor":1,"turns":1},{"damage":0,"enemies":"Cultist","floor":4,"turns":1},{"damage":0,"enemies":"2 Louse","floor":5,"turns":1},{"damage":35,"enemies":"Lagavulin","floor":6,"turns":5},{"damage":37,"enemies":"Large Slime","floor":8,"turns":7},{"damage":6,"enemies":"2 Fungi Beasts","floor":11,"turns":4},{"damage":4,"enemies":"Looter","floor":12,"turns":3},{"damage":17,"enemies":"3 Sentries","floor":14,"turns":7},{"damage":14,"enemies":"Slime Boss","floor":16,"turns":7},{"damage":13,"enemies":"Shell Parasite","floor":18,"turns":7},{"damage":56,"enemies":"Book of Stabbing","floor":23,"turns":7},{"damage":26,"enemies":"Gremlin Leader","floor":25,"turns":3}],"seed_played":"6908938148885404352","potions_obtained":[{"floor":1,"key":"AttackPotion"},{"floor":11,"key":"Explosive Potion"},{"floor":14,"key":"SkillPotion"}],"is_trial":false,"path_per_floor":["M","?","$","M","M","E","R","M","T","R","M","M","R","E","R","B",null,"M","?","?","$","?","E","$","E"],"character_chosen":"IRONCLAD","items_purchased":["Impatience","Bandage Up","HandDrill","Body Slam"],"campfire_rested":1,"item_purchase_floors":[3,21,21,24],"current_hp_per_floor":[78,78,78,80,80,51,51,20,30,30,30,32,32,21,48,40,78,71,71,71,71,71,25,25,3],"gold":14,"neow_bonus":"THREE_ENEMY_KILL","is_prod":false,"is_daily":false,"chose_seed":false,"campfire_upgraded":3,"win_rate":0,"timestamp":1545257464,"path_taken":["M","?","?","?","M","E","R","M","T","R","?","M","R","E","R","BOSS","M","?","?","$","?","E","$","E"],"build_version":"2018-12-13","purchased_purges":0,"victory":false,"max_hp_per_floor":[80,80,80,80,80,80,80,80,90,90,90,90,90,90,90,90,90,90,90,90,90,90,90,90,90],"card_choices":[{"not_picked":["Power Through","Headbutt"],"picked":"Rampage","floor":1},{"not_picked":["Pommel Strike","Clothesline"],"picked":"Burning Pact","floor":4},{"not_picked":["Iron Wave","Twin Strike","Wild Strike"],"picked":"SKIP","floor":5},{"not_picked":["Body Slam","Cleave","Clash"],"picked":"SKIP","floor":6},{"not_picked":["Body Slam","Cleave","Clash"],"picked":"SKIP","floor":6},{"not_picked":["Anger","Sever Soul","Seeing Red"],"picked":"SKIP","floor":8},{"not_picked":["Cleave","Anger","True Grit"],"picked":"SKIP","floor":11},{"not_picked":["Flex","Berserk"],"picked":"Shrug It Off","floor":12},{"not_picked":["Corruption","Cleave"],"picked":"Battle Trance","floor":14},{"not_picked":["Berserk","Fiend Fire"],"picked":"Feed","floor":16},{"not_picked":["Carnage","Power Through","Heavy Blade"],"picked":"SKIP","floor":18},{"not_picked":["Whirlwind+1","Uppercut","Clothesline+1"],"picked":"SKIP","floor":23}],"player_experience":484170,"relics_obtained":[{"floor":6,"key":"StoneCalendar"},{"floor":9,"key":"Pear"},{"floor":14,"key":"Shuriken"},{"floor":23,"key":"Shovel"}],"event_choices":[{"damage_healed":0,"gold_gain":0,"cards_transformed":["Strike_R"],"player_choice":"Transformed","damage_taken":0,"max_hp_gain":0,"max_hp_loss":0,"event_name":"Transmorgrifier","floor":2,"gold_loss":0,"cards_obtained":["Fiend Fire"]},{"damage_healed":0,"gold_gain":0,"player_choice":"Simplicity","damage_taken":0,"max_hp_gain":0,"max_hp_loss":0,"event_name":"Back to Basics","floor":19,"gold_loss":0,"cards_upgraded":["Strike_R","Strike_R","Strike_R","Strike_R","Defend_R","Defend_R","Defend_R"]},{"damage_healed":0,"gold_gain":0,"player_choice":"Obtain J.A.X.","damage_taken":0,"max_hp_gain":0,"max_hp_loss":0,"event_name":"Drug Dealer","floor":20,"gold_loss":0,"cards_obtained":["J.A.X."]},{"damage_healed":0,"gold_gain":0,"player_choice":"Ignored","damage_taken":0,"max_hp_gain":0,"max_hp_loss":0,"event_name":"Vampires","floor":22,"gold_loss":0}],"is_beta":false,"boss_relics":[{"not_picked":["Runic Cube","Astrolabe"],"picked":"Sozu"}],"items_purged_floors":[],"is_endless":false,"potions_floor_spawned":[1,11,14,18],"killed_by":"Gremlin Leader","ascension_level":12}