{"gold_per_floor":[117,131,151,151,151,151,177,177,177,5,5,17,17,358,358,478,478,491,48,63,63,79,79,79,123,123,158,158,181,181,221,221,341,341,362,381,396,396,419,452,577,603,672,672,693,693,693,711,711,711],"floor_reached":51,"playtime":4935,"items_purged":["Strike_G"],"score":1146,"play_id":"f6f50286-7b4c-4ba7-bbc7-a5386ff2a412","local_time":"20190403133233","is_ascension_mode":true,"campfire_choices":[{"data":"Dagger Spray","floor":6.0,"key":"SMITH"},{"data":"Poisoned Stab","floor":8.0,"key":"SMITH"},{"data":"Noxious Fumes","floor":11.0,"key":"SMITH"},{"floor":15.0,"key":"DIG"},{"floor":23.0,"key":"DIG"},{"floor":28.0,"key":"REST"},{"floor":32.0,"key":"DIG"},{"floor":44.0,"key":"DIG"},{"floor":49,"key":"DIG"}],"neow_cost":"NONE","seed_source_timestamp":0,"circlet_count":0,"master_deck":["Defend_G+1","Defend_G+1","Defend_G+1","Defend_G+1","Defend_G+1","Strike_G+1","Strike_G+1","Survivor","Neutralize+1","Leg Sweep","Dagger Spray+1","Calculated Gamble","Poisoned Stab+1","Noxious Fumes+1","Crippling Poison","Glass Knife+1","Noxious Fumes+1","Dodge and Roll","PiercingWail","Backstab+1","Pain","Malaise","Malaise","Catalyst+1","Blur","Deflect+1","Writhe","Deflect","Outmaneuver+1"],"special_seed":0,"relics":["Ring of the Snake","Unceasing Top","Shovel","Golden Idol","Old Coin","Bronze Scales","Runic Pyramid","Frozen Egg 2","Potion Belt","Regal Pillow","Gambling Chip","Mercury Hourglass","Boot","WarpedTongs","Strawberry","Matryoshka","Philosopher\u0027s Stone","Whetstone","Turnip","Orichalcum","Omamori","Darkstone Periapt","Meat on the Bone","Question Card","Centennial Puzzle"],"potions_floor_usage":[48],"damage_taken":[{"damage":8.0,"enemies":"Small Slimes","floor":1.0,"turns":4.0},{"damage":0.0,"enemies":"Jaw Worm","floor":2.0,"turns":7.0},{"damage":0.0,"enemies":"2 Louse","floor":3.0,"turns":3.0},{"damage":8.0,"enemies":"3 Sentries","floor":7.0,"turns":10.0},{"damage":0.0,"enemies":"Looter","floor":12.0,"turns":4.0},{"damage":0.0,"enemies":"Lagavulin","floor":14.0,"turns":7.0},{"damage":12.0,"enemies":"Slime Boss","floor":16.0,"turns":10.0},{"damage":3.0,"enemies":"2 Thieves","floor":18.0,"turns":5.0},{"damage":10.0,"enemies":"Spheric Guardian","floor":20.0,"turns":4.0},{"damage":0.0,"enemies":"Centurion and Healer","floor":22.0,"turns":6.0},{"damage":0.0,"enemies":"Gremlin Leader","floor":25.0,"turns":7.0},{"damage":17.0,"enemies":"Slavers","floor":27.0,"turns":3.0},{"damage":0.0,"enemies":"Snecko","floor":29.0,"turns":4.0},{"damage":2.0,"enemies":"Gremlin Leader","floor":31.0,"turns":5.0},{"damage":17.0,"enemies":"Collector","floor":33.0,"turns":8.0},{"damage":14.0,"enemies":"3 Shapes","floor":35.0,"turns":4.0},{"damage":0.0,"enemies":"Orb Walker","floor":36.0,"turns":4.0},{"damage":7.0,"enemies":"4 Shapes","floor":37.0,"turns":5.0},{"damage":2.0,"enemies":"Sphere and 2 Shapes","floor":39.0,"turns":5.0},{"damage":11.0,"enemies":"Giant Head","floor":40.0,"turns":9.0},{"damage":0.0,"enemies":"Mind Bloom Boss Battle","floor":41.0,"turns":7.0},{"damage":20.0,"enemies":"Transient","floor":45.0,"turns":5.0},{"damage":2,"enemies":"3 Darklings","floor":48,"turns":4},{"damage":5,"enemies":"Time Eater","floor":50,"turns":13}],"seed_played":"8121074550407402527","potions_obtained":[{"floor":1.0,"key":"FearPotion"},{"floor":7.0,"key":"Explosive Potion"},{"floor":16.0,"key":"SkillPotion"},{"floor":20.0,"key":"Fire Potion"},{"floor":22.0,"key":"AttackPotion"},{"floor":27.0,"key":"Poison Potion"},{"floor":31.0,"key":"GhostInAJar"},{"floor":35.0,"key":"SkillPotion"},{"floor":37.0,"key":"Block Potion"},{"floor":41.0,"key":"Weak Potion"},{"floor":48,"key":"Swift Potion"}],"is_trial":false,"path_per_floor":["M","M","M","?","?","R","E","R","T","$","R","M","?","E","R","B",null,"M","$","M","?","M","R","?","E","T","E","R","M","?","E","R","B",null,"M","M","M","?","M","E","?","T","T","R","M","?","T","M","R","B",null],"character_chosen":"THE_SILENT","items_purchased":["Noxious Fumes","EntropicBrew","Frozen Egg 2","Noxious Fumes+1","Dodge and Roll"],"campfire_rested":1,"item_purchase_floors":[10,10,19,19,19],"current_hp_per_floor":[55,55,55,48,48,48,40,40,40,40,40,40,40,40,40,28,56,53,53,43,43,43,43,43,43,43,26,60,60,60,65,65,48,66,52,52,45,63,61,50,50,50,50,50,42,42,42,40,40,47],"gold":711,"neow_bonus":"UPGRADE_CARD","is_prod":false,"is_daily":false,"chose_seed":false,"campfire_upgraded":3,"win_rate":0,"timestamp":1554323553,"path_taken":["M","M","M","?","?","R","E","R","T","?","R","M","?","E","R","BOSS","M","$","M","?","M","R","?","E","T","E","R","M","?","E","R","BOSS","M","M","M","?","M","E","?","?","T","R","?","?","?","M","R","BOSS"],"build_version":"2019-01-23","purchased_purges":1,"victory":true,"max_hp_per_floor":[70,70,70,70,70,70,70,70,70,70,70,70,65,65,65,65,65,65,65,65,65,65,65,65,65,65,65,65,65,65,72,72,72,72,72,72,72,72,72,72,72,72,72,72,72,72,72,72,72,72],"card_choices":[{"not_picked":["Flechettes","Blade Dance"],"picked":"Leg Sweep","floor":1.0},{"not_picked":["Concentrate","Tactician"],"picked":"Dagger Spray","floor":2.0},{"not_picked":["Bouncing Flask","Finisher"],"picked":"Calculated Gamble","floor":3.0},{"not_picked":["Sucker Punch","Bane"],"picked":"Poisoned Stab","floor":7.0},{"not_picked":["Backflip","Quick Slash"],"picked":"Crippling Poison","floor":12.0},{"not_picked":["Deadly Poison","Acrobatics","Slice"],"picked":"SKIP","floor":14.0},{"not_picked":["Storm of Steel","A Thousand Cuts"],"picked":"Glass Knife","floor":16.0},{"not_picked":["Masterful Stab+1","Flying Knee","Acrobatics"],"picked":"SKIP","floor":18.0},{"not_picked":["Expertise","Escape Plan"],"picked":"PiercingWail","floor":20.0},{"not_picked":["Underhanded Strike","Acrobatics"],"picked":"Backstab","floor":22.0},{"not_picked":["Dodge and Roll","Quick Slash","Dagger Spray+1"],"picked":"SKIP","floor":25.0},{"not_picked":["Distraction","Cloak And Dagger","Setup"],"picked":"SKIP","floor":27.0},{"not_picked":["Distraction","Cloak And Dagger","Setup"],"picked":"SKIP","floor":27.0},{"not_picked":["Distraction","Flechettes","Skewer+1"],"picked":"SKIP","floor":29.0},{"not_picked":["Distraction","Flechettes","Skewer+1"],"picked":"SKIP","floor":29.0},{"not_picked":["Skewer","Flechettes"],"picked":"Malaise","floor":31.0},{"not_picked":["Storm of Steel","Die Die Die"],"picked":"Malaise","floor":33.0},{"not_picked":["Infinite Blades+1","Underhanded Strike"],"picked":"Catalyst+1","floor":35.0},{"not_picked":["Cloak And Dagger+1","Dagger Spray"],"picked":"Blur","floor":36.0},{"not_picked":["Backflip","Cloak And Dagger+1"],"picked":"Deflect+1","floor":37.0},{"not_picked":["Sucker Punch","Bane","Heel Hook"],"picked":"SKIP","floor":39.0},{"not_picked":["Slice","Predator"],"picked":"Deflect","floor":40.0},{"not_picked":["Crippling Poison+1","Blade Dance+1"],"picked":"Outmaneuver+1","floor":45.0},{"not_picked":["Poisoned Stab+1","Masterful Stab","Riddle With Holes+1","Storm of Steel"],"picked":"SKIP","floor":48}],"player_experience":836487,"relics_obtained":[{"floor":7.0,"key":"Unceasing Top"},{"floor":9.0,"key":"Shovel"},{"floor":14.0,"key":"Old Coin"},{"floor":15.0,"key":"Bronze Scales"},{"floor":23.0,"key":"Regal Pillow"},{"floor":25.0,"key":"Gambling Chip"},{"floor":26.0,"key":"Mercury Hourglass"},{"floor":27.0,"key":"Boot"},{"floor":31.0,"key":"Strawberry"},{"floor":32.0,"key":"Matryoshka"},{"floor":40.0,"key":"Whetstone"},{"floor":41.0,"key":"Turnip"},{"floor":42.0,"key":"Orichalcum"},{"floor":43.0,"key":"Omamori"},{"floor":43.0,"key":"Darkstone Periapt"},{"floor":44.0,"key":"Meat on the Bone"},{"floor":47,"key":"Question Card"},{"floor":49,"key":"Centennial Puzzle"}],"event_choices":[{"cards_removed":["Strike_G"],"damage_healed":0.0,"max_hp_gain":0.0,"max_hp_loss":0.0,"gold_gain":0.0,"event_name":"Golden Wing","player_choice":"Card Removal","floor":4.0,"gold_loss":0.0,"damage_taken":7.0},{"cards_removed":["Strike_G"],"damage_healed":0.0,"max_hp_gain":0.0,"max_hp_loss":0.0,"gold_gain":0.0,"event_name":"Living Wall","player_choice":"Forget","floor":5.0,"gold_loss":0.0,"damage_taken":0.0},{"damage_healed":0.0,"max_hp_gain":0.0,"max_hp_loss":5.0,"gold_gain":0.0,"event_name":"Golden Idol","player_choice":"Lose Max HP","floor":13.0,"gold_loss":0.0,"damage_taken":0.0,"relics_obtained":["Golden Idol"]},{"damage_healed":0.0,"max_hp_gain":0.0,"max_hp_loss":0.0,"gold_gain":0.0,"event_name":"The Mausoleum","player_choice":"Opened","floor":21.0,"gold_loss":0.0,"damage_taken":0.0,"relics_obtained":["Potion Belt"]},{"damage_healed":0.0,"max_hp_gain":0.0,"max_hp_loss":0.0,"gold_gain":0.0,"event_name":"Back to Basics","player_choice":"Simplicity","floor":24.0,"gold_loss":0.0,"damage_taken":0.0,"cards_upgraded":["Defend_G","Defend_G","Defend_G","Defend_G","Defend_G","Strike_G","Strike_G"]},{"damage_healed":0.0,"max_hp_gain":0.0,"max_hp_loss":0.0,"gold_gain":0.0,"event_name":"Accursed Blacksmith","player_choice":"Rummage","floor":30.0,"gold_loss":0.0,"damage_taken":0.0,"relics_obtained":["WarpedTongs"],"cards_obtained":["Pain"]},{"damage_healed":18.0,"max_hp_gain":0.0,"max_hp_loss":0.0,"gold_gain":0.0,"event_name":"Winding Halls","player_choice":"Writhe","floor":38.0,"gold_loss":0.0,"damage_taken":0.0,"cards_obtained":["Writhe"]},{"damage_healed":0.0,"max_hp_gain":0.0,"max_hp_loss":0.0,"gold_gain":0.0,"event_name":"MindBloom","player_choice":"Fight","floor":41.0,"gold_loss":0.0,"damage_taken":0.0},{"damage_healed":0,"gold_gain":0,"player_choice":"Ignored","damage_taken":0,"max_hp_gain":0,"max_hp_loss":0,"event_name":"Mysterious Sphere","floor":46,"gold_loss":0}],"is_beta":false,"boss_relics":[{"not_picked":["Cursed Key","Ectoplasm"],"picked":"Runic Pyramid"},{"not_picked":["Astrolabe","Tiny House"],"picked":"Philosopher\u0027s Stone"}],"items_purged_floors":[19],"is_endless":false,"potions_floor_spawned":[1,7,16,20,22,27,31,35,37,41,48],"ascension_level":7}