{"gold_per_floor":[109,109,409,425,66,66,93,104,104,104,133,133,152,182,182,284,284,298,313,327,327,327,327,362,362,389,399,433,447,460,474,474,578,578,592,647,663,663,308,308,333,333,333,365,381,381,393,393,393,393],"floor_reached":50,"playtime":2603,"items_purged":["Strike_B","Defragment"],"score":639,"play_id":"8917d326-c019-4c59-84fd-32f742a23e25","local_time":"20190323145109","is_ascension_mode":true,"campfire_choices":[{"data":"Defragment","floor":6,"key":"SMITH"},{"data":"Loop","floor":10,"key":"SMITH"},{"floor":15,"key":"REST"},{"data":"Force Field","floor":23,"key":"SMITH"},{"data":"Defragment","floor":25,"key":"SMITH"},{"data":"Static Discharge","floor":32,"key":"SMITH"},{"floor":40,"key":"REST"},{"data":"Creative AI","floor":42,"key":"SMITH"},{"floor":46,"key":"REST"},{"floor":49,"key":"REST"}],"neow_cost":"NONE","seed_source_timestamp":298704588012823,"circlet_count":0,"master_deck":["Defend_B+1","Defend_B+1","Zap","Dualcast","Defragment+1","Force Field+1","Loop+1","Static Discharge+1","Electrodynamics","Self Repair","Heatsinks","Defragment+1","Leap+1","Self Repair","Capacitor+1","Creative AI+1","Defragment+1","Tempest+1","Echo Form"],"relics":["Cracked Core","NeowsBlessing","Old Coin","Strange Spoon","Toxic Egg 2","Gremlin Horn","Sundial","Centennial Puzzle","Empty Cage","Strawberry","War Paint","Bag of Marbles","Orrery","Ginger","Bottled Lightning","Ice Cream","Vajra","Bronze Scales"],"potions_floor_usage":[11,24,24,28,44,45,45,47],"damage_taken":[{"damage":0,"enemies":"Jaw Worm","floor":1,"turns":1},{"damage":0,"enemies":"2 Louse","floor":4,"turns":1},{"damage":0,"enemies":"3 Sentries","floor":7,"turns":1},{"damage":3,"enemies":"Cultist","floor":8,"turns":5},{"damage":23,"enemies":"Gremlin Nob","floor":11,"turns":4},{"damage":6,"enemies":"Large Slime","floor":13,"turns":4},{"damage":14,"enemies":"3 Sentries","floor":14,"turns":5},{"damage":28,"enemies":"The Guardian","floor":16,"turns":9},{"damage":15,"enemies":"Chosen","floor":18,"turns":5},{"damage":7,"enemies":"Shell Parasite","floor":19,"turns":5},{"damage":18,"enemies":"Snake Plant","floor":20,"turns":3},{"damage":18,"enemies":"Slavers","floor":24,"turns":3},{"damage":16,"enemies":"Shelled Parasite and Fungi","floor":27,"turns":5},{"damage":1,"enemies":"Gremlin Leader","floor":28,"turns":4},{"damage":12,"enemies":"Centurion and Healer","floor":29,"turns":4},{"damage":4,"enemies":"Snecko","floor":30,"turns":6},{"damage":2,"enemies":"Cultist and Chosen","floor":31,"turns":5},{"damage":36,"enemies":"Collector","floor":33,"turns":6},{"damage":25,"enemies":"3 Darklings","floor":35,"turns":3},{"damage":40,"enemies":"2 Orb Walkers","floor":36,"turns":3},{"damage":13,"enemies":"3 Shapes","floor":37,"turns":2},{"damage":34,"enemies":"Giant Head","floor":41,"turns":8},{"damage":16,"enemies":"Reptomancer","floor":44,"turns":5},{"damage":14,"enemies":"Jaw Worm Horde","floor":45,"turns":3},{"damage":39,"enemies":"Maw","floor":47,"turns":7},{"damage":46,"enemies":"Donu and Deca","floor":50,"turns":4}],"seed_played":"-1075549596091728888","potions_obtained":[{"floor":4,"key":"Explosive Potion"},{"floor":8,"key":"Weak Potion"},{"floor":11,"key":"Energy Potion"},{"floor":12,"key":"SpeedPotion"},{"floor":12,"key":"Fire Potion"},{"floor":18,"key":"Dexterity Potion"},{"floor":28,"key":"AttackPotion"},{"floor":29,"key":"SkillPotion"},{"floor":30,"key":"Ancient Potion"},{"floor":37,"key":"Dexterity Potion"},{"floor":44,"key":"AttackPotion"},{"floor":45,"key":"Regen Potion"},{"floor":47,"key":"FearPotion"}],"is_trial":false,"path_per_floor":["M","?","?","M","$","R","E","M","T","R","E","?","M","E","R","B",null,"M","M","M","?","?","R","E","R","T","M","E","M","M","M","R","B",null,"M","?","M","?","$","R","E","R","T","E","M","R","M","?","R","B"],"character_chosen":"DEFECT","items_purchased":["Loop","Strange Spoon","Bottled Lightning"],"campfire_rested":4,"item_purchase_floors":[5,5,39],"current_hp_per_floor":[75,75,63,63,63,63,63,60,60,60,37,37,31,17,39,11,75,60,53,42,28,28,28,24,24,24,15,21,23,33,45,45,23,87,62,29,23,23,23,49,29,29,29,20,6,32,19,19,45,0],"gold":393,"neow_bonus":"THREE_ENEMY_KILL","is_prod":false,"is_daily":false,"chose_seed":false,"campfire_upgraded":6,"win_rate":0,"timestamp":1553377869,"path_taken":["M","?","?","M","$","R","E","M","T","R","E","?","M","E","R","BOSS","M","?","M","?","?","R","E","R","T","?","E","M","M","M","R","BOSS","M","?","M","?","$","R","E","R","T","E","?","R","M","?","R","BOSS"],"build_version":"2019-01-23","purchased_purges":2,"victory":false,"max_hp_per_floor":[75,75,75,75,75,75,75,75,75,75,75,75,75,75,75,75,75,75,75,75,80,80,80,87,87,87,87,87,87,87,87,87,87,87,87,87,87,87,87,87,87,87,87,87,87,87,87,87,87,87],"card_choices":[{"not_picked":["Streamline","Rip and Tear"],"picked":"Defragment","floor":1},{"not_picked":["Coolheaded","Conserve Battery"],"picked":"Force Field","floor":4},{"not_picked":["Streamline","Cold Snap","Leap"],"picked":"SKIP","floor":7},{"not_picked":["BootSequence+1","Compile Driver","Go for the Eyes"],"picked":"SKIP","floor":8},{"not_picked":["Multi-Cast+1","Go for the Eyes"],"picked":"Static Discharge","floor":11},{"not_picked":["Chill+1","Go for the Eyes","Compile Driver"],"picked":"SKIP","floor":13},{"not_picked":["Hologram+1","Stack+1","Hyperbeam"],"picked":"SKIP","floor":14},{"not_picked":["Machine Learning","Fission+1"],"picked":"Electrodynamics","floor":16},{"not_picked":["Turbo+1","Beam Cell","Steam Power+1"],"picked":"SKIP","floor":18},{"not_picked":["Gash+1","Melter"],"picked":"Self Repair","floor":19},{"not_picked":["Beam Cell","Chill+1"],"picked":"Heatsinks","floor":20},{"not_picked":["Leap+1","Coolheaded+1"],"picked":"Defragment","floor":24},{"not_picked":["All For One","Doom and Gloom"],"picked":"Leap+1","floor":27},{"not_picked":["Cold Snap","Heatsinks"],"picked":"Self Repair","floor":28},{"not_picked":["Melter","Defragment"],"picked":"Capacitor+1","floor":29},{"not_picked":["Glacier+1","Scrape+1","Rip and Tear+1"],"picked":"SKIP","floor":30},{"not_picked":["Sunder+1","Beam Cell","Gash"],"picked":"SKIP","floor":31},{"not_picked":["BootSequence+1","White Noise+1"],"picked":"Defragment","floor":34},{"not_picked":["Coolheaded+1","Compile Driver"],"picked":"Ball Lightning","floor":34},{"not_picked":["Aggregate+1","Hologram+1"],"picked":"Creative AI","floor":35},{"not_picked":["Beam Cell+1","Stack+1"],"picked":"Defragment+1","floor":36},{"not_picked":["Streamline","Genetic Algorithm+1","BootSequence+1"],"picked":"SKIP","floor":37},{"not_picked":["Gash","Beam Cell+1","Compile Driver"],"picked":"SKIP","floor":41},{"not_picked":["Go for the Eyes+1","Lockon+1"],"picked":"Echo Form","floor":44},{"not_picked":["Go for the Eyes","Coolheaded+1","Glacier+1"],"picked":"SKIP","floor":45},{"not_picked":["Undo+1","Go for the Eyes","Sweeping Beam+1"],"picked":"SKIP","floor":47}],"player_experience":118117,"relics_obtained":[{"floor":7,"key":"Toxic Egg 2"},{"floor":9,"key":"Gremlin Horn"},{"floor":11,"key":"Sundial"},{"floor":14,"key":"Centennial Puzzle"},{"floor":24,"key":"Strawberry"},{"floor":26,"key":"War Paint"},{"floor":28,"key":"Bag of Marbles"},{"floor":36,"key":"Ginger"},{"floor":41,"key":"Ice Cream"},{"floor":43,"key":"Vajra"},{"floor":44,"key":"Bronze Scales"}],"event_choices":[{"cards_removed":["Strike_B"],"damage_healed":0,"gold_gain":0,"player_choice":"Forget","damage_taken":0,"max_hp_gain":0,"max_hp_loss":0,"event_name":"Living Wall","floor":2,"gold_loss":0},{"damage_healed":0,"gold_gain":0,"player_choice":"Success","damage_taken":12,"relics_obtained":["Old Coin"],"max_hp_gain":0,"max_hp_loss":0,"event_name":"Scrap Ooze","floor":3,"gold_loss":0},{"damage_healed":0,"gold_gain":0,"player_choice":"Got Potions","damage_taken":0,"max_hp_gain":0,"max_hp_loss":0,"event_name":"Lab","floor":12,"gold_loss":0},{"damage_healed":0,"gold_gain":0,"player_choice":"Shed Blood","damage_taken":19,"max_hp_gain":5,"max_hp_loss":0,"event_name":"Forgotten Altar","floor":21,"gold_loss":0},{"cards_removed":["Defend_B"],"damage_healed":0,"gold_gain":0,"player_choice":"Card Removal","damage_taken":0,"max_hp_gain":0,"max_hp_loss":0,"event_name":"Wheel of Change","floor":22,"gold_loss":0},{"damage_healed":0,"gold_gain":0,"player_choice":"Fight","damage_taken":0,"max_hp_gain":0,"max_hp_loss":0,"event_name":"Mysterious Sphere","floor":36,"gold_loss":0},{"damage_healed":0,"gold_gain":0,"cards_transformed":["Defend_B"],"player_choice":"Transformed","damage_taken":0,"max_hp_gain":0,"max_hp_loss":0,"event_name":"Transmorgrifier","floor":38,"gold_loss":0,"cards_obtained":["Tempest"]},{"cards_removed":["Ball Lightning"],"damage_healed":0,"gold_gain":0,"player_choice":"Removed Attack","damage_taken":0,"max_hp_gain":0,"max_hp_loss":0,"event_name":"Falling","floor":48,"gold_loss":0}],"is_beta":false,"boss_relics":[{"not_picked":["Philosopher\u0027s Stone","Ectoplasm"],"picked":"Empty Cage"},{"not_picked":["Runic Dome","Fusion Hammer"],"picked":"Orrery"}],"items_purged_floors":[5,39],"is_endless":false,"potions_floor_spawned":[4,8,11,14,18,28,29,30,31,35,37,44,45,47],"killed_by":"Donu and Deca","ascension_level":1}