{"gold_per_floor":[119,21,35,35,46,46,46,46,72,72,72,103,103,116,116,219,219,236,161,161,175,194,194,213,213,213,229,27,37,37,54,54,54],"floor_reached":33,"playtime":949,"items_purged":[],"score":272,"play_id":"99d45858-7bfd-4208-9ec7-750fcdadea9c","local_time":"20190620232924","is_ascension_mode":true,"campfire_choices":[{"data":"Tempest","floor":6,"key":"SMITH"},{"data":"Dualcast","floor":11,"key":"SMITH"},{"data":"Loop","floor":13,"key":"SMITH"},{"data":"Zap","floor":15,"key":"SMITH"},{"data":"Sunder","floor":23,"key":"SMITH"},{"data":"Loop","floor":30,"key":"SMITH"},{"data":"Biased Cognition","floor":32,"key":"SMITH"}],"neow_cost":"NONE","seed_source_timestamp":165818652204971,"circlet_count":0,"master_deck":["Strike_B+1","Strike_B+1","Defend_B","Defend_B","Defend_B","Zap+1","Dualcast+1","Tempest+1","Loop+1","Biased Cognition+1","Conserve Battery","Cold Snap","Redo","Sunder+1","Cold Snap","Writhe","Self Repair","Ball Lightning+1","White Noise+1","Loop+1","Leap+1","Consume+1"],"relics":["Cracked Core","NeowsBlessing","Meat on the Bone","Vajra","Potion Belt","Bottled Lightning","Orrery","Toxic Egg 2","Bottled Flame","Lee\u0027s Waffle"],"potions_floor_usage":[33,33],"damage_taken":[{"damage":0,"enemies":"2 Louse","floor":1,"turns":1},{"damage":0,"enemies":"Cultist","floor":3,"turns":1},{"damage":0,"enemies":"Small Slimes","floor":5,"turns":1},{"damage":10,"enemies":"Gremlin Nob","floor":12,"turns":3},{"damage":6,"enemies":"3 Louse","floor":14,"turns":2},{"damage":7,"enemies":"Slime Boss","floor":16,"turns":7},{"damage":22,"enemies":"2 Thieves","floor":18,"turns":3},{"damage":12,"enemies":"Chosen","floor":21,"turns":3},{"damage":24,"enemies":"Snake Plant","floor":22,"turns":3},{"damage":25,"enemies":"Centurion and Healer","floor":24,"turns":5},{"damage":18,"enemies":"3 Cultists","floor":27,"turns":4},{"damage":24,"enemies":"Cultist and Chosen","floor":29,"turns":5},{"damage":31,"enemies":"Sentry and Sphere","floor":31,"turns":4},{"damage":56,"enemies":"Collector","floor":33,"turns":5}],"seed_played":"687252566420286122","potions_obtained":[{"floor":5,"key":"FearPotion"},{"floor":12,"key":"Ancient Potion"},{"floor":14,"key":"Strength Potion"},{"floor":18,"key":"Strength Potion"},{"floor":22,"key":"AttackPotion"},{"floor":29,"key":"Energy Potion"}],"is_trial":false,"path_per_floor":["M","?","M","$","M","R","?","?","T","?","R","E","R","M","R","B",null,"M","?","?","M","M","R","M","?","T","M","$","M","R","M","R","B"],"character_chosen":"DEFECT","items_purchased":["Lee\u0027s Waffle"],"campfire_rested":0,"item_purchase_floors":[28],"current_hp_per_floor":[75,75,75,75,75,75,60,60,60,42,42,44,44,38,38,43,75,53,53,53,41,29,29,23,23,23,17,82,65,65,53,53,0],"gold":54,"neow_bonus":"THREE_ENEMY_KILL","is_prod":false,"is_daily":false,"chose_seed":false,"campfire_upgraded":7,"win_rate":0,"timestamp":1561098564,"path_taken":["M","?","?","$","M","R","?","?","T","?","R","E","R","M","R","BOSS","M","?","?","M","M","R","M","?","T","M","?","M","R","M","R","BOSS"],"build_version":"2019-01-23","purchased_purges":0,"victory":false,"max_hp_per_floor":[75,75,75,75,75,75,75,75,75,75,75,75,75,75,75,75,75,75,75,75,75,75,75,75,75,75,75,82,82,82,82,82,82],"card_choices":[{"not_picked":["Streamline","Steam Power"],"picked":"Tempest","floor":1},{"not_picked":["Aggregate","Lockon","Gash"],"picked":"SKIP","floor":3},{"not_picked":["Gash","Aggregate","Turbo"],"picked":"SKIP","floor":5},{"not_picked":["Rainbow","Genetic Algorithm"],"picked":"Loop","floor":12},{"not_picked":["Beam Cell","Skim","Sweeping Beam"],"picked":"SKIP","floor":14},{"not_picked":["Machine Learning","Reboot"],"picked":"Biased Cognition","floor":16},{"not_picked":["Streamline","Coolheaded"],"picked":"Conserve Battery","floor":17},{"not_picked":["Heatsinks","Aggregate"],"picked":"Cold Snap","floor":17},{"not_picked":["Leap","Static Discharge"],"picked":"Redo","floor":17},{"not_picked":["Hologram","Steam"],"picked":"Sunder","floor":17},{"not_picked":["Buffer","Beam Cell"],"picked":"Cold Snap","floor":18},{"not_picked":["Redo+1","Go for the Eyes"],"picked":"Self Repair","floor":21},{"not_picked":["Tempest+1","Reinforced Body+1"],"picked":"Ball Lightning+1","floor":22},{"not_picked":["Streamline","Beam Cell"],"picked":"White Noise+1","floor":24},{"not_picked":["Compile Driver","Beam Cell"],"picked":"Consume+1","floor":27},{"not_picked":["Gash","Melter","Sweeping Beam+1"],"picked":"SKIP","floor":29},{"not_picked":["Rip and Tear","Buffer","Barrage+1"],"picked":"SKIP","floor":31}],"player_experience":212455,"relics_obtained":[{"floor":9,"key":"Vajra"},{"floor":12,"key":"Bottled Lightning"},{"floor":26,"key":"Bottled Flame"}],"event_choices":[{"damage_healed":0,"gold_gain":0,"player_choice":"Paid Gold","damage_taken":0,"relics_obtained":["Meat on the Bone"],"max_hp_gain":0,"max_hp_loss":0,"event_name":"WeMeetAgain","floor":2,"gold_loss":98},{"damage_healed":0,"gold_gain":0,"player_choice":"Entered Light","damage_taken":15,"max_hp_gain":0,"max_hp_loss":0,"event_name":"Shining Light","floor":7,"gold_loss":0,"cards_upgraded":["Strike_B","Strike_B"]},{"damage_healed":0,"gold_gain":0,"player_choice":"Ignored","damage_taken":0,"max_hp_gain":0,"max_hp_loss":0,"event_name":"Liars Game","floor":8,"gold_loss":0},{"damage_healed":0,"gold_gain":0,"player_choice":"Success","damage_taken":18,"relics_obtained":["Potion Belt"],"max_hp_gain":0,"max_hp_loss":0,"event_name":"Scrap Ooze","floor":10,"gold_loss":0},{"cards_removed":["Strike_B"],"damage_healed":0,"gold_gain":0,"player_choice":"Gave Gold","damage_taken":0,"max_hp_gain":0,"max_hp_loss":0,"event_name":"Beggar","floor":19,"gold_loss":75},{"damage_healed":0,"gold_gain":0,"player_choice":"Opened","damage_taken":0,"relics_obtained":["Toxic Egg 2"],"max_hp_gain":0,"max_hp_loss":0,"event_name":"The Mausoleum","floor":20,"gold_loss":0,"cards_obtained":["Writhe"]},{"damage_healed":0,"gold_gain":0,"cards_transformed":["Strike_B","Defend_B"],"player_choice":"Became Test Subject","damage_taken":0,"max_hp_gain":0,"max_hp_loss":0,"event_name":"Drug Dealer","floor":25,"gold_loss":0,"cards_obtained":["Loop","Leap"]}],"is_beta":false,"boss_relics":[{"not_picked":["Ectoplasm","Snecko Eye"],"picked":"Orrery"}],"items_purged_floors":[],"is_endless":false,"potions_floor_spawned":[5,12,14,18,22,29],"killed_by":"Collector","ascension_level":2}