{"gold_per_floor":[117,42,58,158,172,172,229,21,73,33,33,33],"floor_reached":12,"playtime":274,"items_purged":["Strike_G","Defend_G"],"score":80,"play_id":"2244ce45-2fec-46c8-bd4d-092cf8862120","local_time":"20190321194632","is_ascension_mode":true,"campfire_choices":[{"data":"Leg Sweep","floor":6,"key":"SMITH"}],"neow_cost":"NONE","seed_source_timestamp":145957843171525,"circlet_count":0,"master_deck":["Defend_G","Defend_G","Defend_G","Defend_G","Strike_G+1","Strike_G","Strike_G+1","Strike_G","Survivor","Neutralize","Poisoned Stab","Leg Sweep+1","Footwork","Catalyst","Noxious Fumes","Noxious Fumes"],"relics":["Ring of the Snake","NeowsBlessing","Tiny Chest","Whetstone"],"potions_floor_usage":[],"damage_taken":[{"damage":0,"enemies":"2 Louse","floor":1,"turns":2},{"damage":0,"enemies":"Cultist","floor":3,"turns":1},{"damage":0,"enemies":"Small Slimes","floor":5,"turns":1},{"damage":60,"enemies":"Gremlin Nob","floor":7,"turns":7},{"damage":13,"enemies":"Red Slaver","floor":12,"turns":4}],"seed_played":"3293194982577057821","potions_obtained":[{"floor":3,"key":"Weak Potion"},{"floor":5,"key":"Explosive Potion"},{"floor":11,"key":"Swift Potion"}],"is_trial":false,"path_per_floor":["M","$","M","?","M","R","E","$","T","$","?","M"],"character_chosen":"THE_SILENT","items_purchased":["Catalyst","Noxious Fumes","Noxious Fumes"],"campfire_rested":0,"item_purchase_floors":[8,8,10],"current_hp_per_floor":[70,70,70,70,70,70,10,10,10,10,10,0],"gold":33,"neow_bonus":"THREE_ENEMY_KILL","is_prod":false,"is_daily":false,"chose_seed":false,"campfire_upgraded":1,"win_rate":0,"timestamp":1553222792,"path_taken":["M","$","M","?","M","R","E","$","T","?","?","?"],"build_version":"2019-01-23","purchased_purges":2,"victory":false,"max_hp_per_floor":[70,70,70,70,70,70,70,70,70,70,70,70],"card_choices":[{"not_picked":["Prepared","Outmaneuver"],"picked":"Poisoned Stab","floor":1},{"not_picked":["Deflect","Distraction","PiercingWail"],"picked":"SKIP","floor":3},{"not_picked":["Prepared","Sucker Punch"],"picked":"Leg Sweep","floor":5},{"not_picked":["Tools of the Trade","Riddle With Holes"],"picked":"Footwork","floor":7}],"player_experience":105644,"relics_obtained":[{"floor":7,"key":"Tiny Chest"},{"floor":9,"key":"Whetstone"}],"event_choices":[{"damage_healed":0,"gold_gain":100,"player_choice":"Pray","damage_taken":0,"max_hp_gain":0,"max_hp_loss":0,"event_name":"Golden Shrine","floor":4,"gold_loss":0},{"damage_healed":0,"gold_gain":0,"player_choice":"Got Potions","damage_taken":0,"max_hp_gain":0,"max_hp_loss":0,"event_name":"Lab","floor":11,"gold_loss":0}],"is_beta":false,"boss_relics":[],"items_purged_floors":[2,8],"is_endless":false,"potions_floor_spawned":[3,5],"killed_by":"Red Slaver","ascension_level":1}