{"gold_per_floor":[216,234,245,520,21,21,49,61,138,150,150,150,150,185,185,259,259,270,285,285,285,298,298,328,328,355,280,335,363,388,426,438,450],"floor_reached":33,"playtime":2153,"items_purged":["Regret"],"score":625,"play_id":"7ae21513-c620-4e5a-9cc9-82a1d6d38c54","local_time":"20190624162356","is_ascension_mode":true,"campfire_choices":[{"data":"Sucker Punch","floor":6,"key":"SMITH"},{"floor":13,"key":"REST"},{"floor":15,"key":"REST"},{"data":"Caltrops","floor":23,"key":"SMITH"},{"floor":25,"key":"REST"},{"floor":32,"key":"REST"}],"neow_cost":"NONE","seed_source_timestamp":345999735457124,"circlet_count":0,"master_deck":["AscendersBane","Defend_G+1","Defend_G","Defend_G+1","Defend_G","Defend_G","Survivor","Neutralize","Dagger Spray","Backstab","Predator+1","Sucker Punch+1","Dodge and Roll","Well Laid Plans","Glass Knife","Caltrops+1","Adrenaline","Acrobatics","Dagger Spray+1","Bite","Bite","Bite","Bite","Bite+1","Footwork","Blur","Acrobatics"],"relics":["Ring of the Snake","Lantern","Bronze Scales","Mango","Sundial","War Paint","Black Star","Blue Candle","Gremlin Horn","Whetstone","Tiny Chest","MawBank","Pen Nib"],"potions_floor_usage":[24,28,29,29,30],"damage_taken":[{"damage":12,"enemies":"Jaw Worm","floor":1,"turns":7},{"damage":4,"enemies":"Cultist","floor":2,"turns":4},{"damage":0,"enemies":"Small Slimes","floor":3,"turns":2},{"damage":43,"enemies":"Lagavulin","floor":7,"turns":5},{"damage":7,"enemies":"3 Louse","floor":8,"turns":2},{"damage":1,"enemies":"Exordium Wildlife","floor":10,"turns":3},{"damage":16,"enemies":"3 Sentries","floor":14,"turns":6},{"damage":25,"enemies":"The Guardian","floor":16,"turns":14},{"damage":17,"enemies":"2 Thieves","floor":18,"turns":4},{"damage":7,"enemies":"Shell Parasite","floor":19,"turns":5},{"damage":34,"enemies":"Centurion and Healer","floor":22,"turns":14},{"damage":32,"enemies":"Slavers","floor":24,"turns":4},{"damage":17,"enemies":"Book of Stabbing","floor":28,"turns":5},{"damage":15,"enemies":"Shelled Parasite and Fungi","floor":29,"turns":7},{"damage":3,"enemies":"Snecko","floor":30,"turns":5},{"damage":95,"enemies":"Automaton","floor":33,"turns":10}],"seed_played":"-4804704086173153546","potions_obtained":[{"floor":1,"key":"FairyPotion"},{"floor":7,"key":"PowerPotion"},{"floor":8,"key":"Poison Potion"},{"floor":22,"key":"EntropicBrew"},{"floor":24,"key":"FearPotion"},{"floor":29,"key":"GhostInAJar"}],"is_trial":false,"path_per_floor":["M","M","M","?","$","R","E","M","T","M","?","?","R","E","R","B",null,"M","M","?","?","M","R","E","R","T","?","E","M","M","T","R","B"],"character_chosen":"THE_SILENT","items_purchased":["Lantern","Bronze Scales","Predator","Sucker Punch"],"campfire_rested":4,"item_purchase_floors":[5,5,5,5],"current_hp_per_floor":[47,43,43,43,43,43,20,13,13,12,12,12,36,20,44,19,65,48,41,41,41,41,41,15,31,31,31,23,19,27,27,43,0],"gold":450,"neow_bonus":"HUNDRED_GOLD","is_prod":false,"is_daily":false,"chose_seed":false,"campfire_upgraded":2,"win_rate":0,"timestamp":1561418636,"path_taken":["M","M","M","?","$","R","E","?","T","M","?","?","R","E","R","BOSS","M","M","?","?","M","R","E","R","T","?","E","M","M","?","R","BOSS"],"build_version":"2019-01-23","purchased_purges":1,"victory":false,"max_hp_per_floor":[66,66,66,66,66,66,80,80,80,80,80,80,80,80,80,80,80,80,80,80,56,56,56,56,56,56,56,56,56,56,56,56,56],"card_choices":[{"not_picked":["Setup","Underhanded Strike"],"picked":"Dagger Spray","floor":1},{"not_picked":["Deadly Poison","Distraction"],"picked":"Backstab","floor":2},{"not_picked":["Blade Dance","Calculated Gamble","Slice"],"picked":"SKIP","floor":3},{"not_picked":["Poisoned Stab","Blade Dance"],"picked":"Dodge and Roll","floor":7},{"not_picked":["Cloak And Dagger","Sucker Punch"],"picked":"Well Laid Plans","floor":8},{"not_picked":["Catalyst","Quick Slash"],"picked":"Glass Knife","floor":10},{"not_picked":["Blur","Setup"],"picked":"Caltrops","floor":14},{"not_picked":["Phantasmal Killer","Grand Finale"],"picked":"Adrenaline","floor":16},{"not_picked":["Deflect","Cloak And Dagger"],"picked":"Acrobatics","floor":18},{"not_picked":["Deflect","Sucker Punch+1"],"picked":"Dagger Spray+1","floor":19},{"not_picked":["Heel Hook+1","Expertise","Eviscerate"],"picked":"SKIP","floor":22},{"not_picked":["Dash","Dagger Spray+1"],"picked":"Footwork","floor":24},{"not_picked":["Terror","Tactician"],"picked":"Blur","floor":28},{"not_picked":["Dagger Spray","Slice","Calculated Gamble"],"picked":"SKIP","floor":29},{"not_picked":["Well Laid Plans","Underhanded Strike"],"picked":"Acrobatics","floor":30}],"player_experience":1306081,"relics_obtained":[{"floor":7,"key":"Mango"},{"floor":9,"key":"Sundial"},{"floor":14,"key":"War Paint"},{"floor":24,"key":"Blue Candle"},{"floor":24,"key":"Gremlin Horn"},{"floor":26,"key":"Whetstone"},{"floor":28,"key":"Tiny Chest"},{"floor":28,"key":"MawBank"},{"floor":31,"key":"Pen Nib"}],"event_choices":[{"damage_healed":0,"gold_gain":275,"player_choice":"Desecrate","damage_taken":0,"max_hp_gain":0,"max_hp_loss":0,"event_name":"Golden Shrine","floor":4,"gold_loss":0,"cards_obtained":["Regret"]},{"damage_healed":0,"gold_gain":0,"player_choice":"Searched \u00270\u0027 times","damage_taken":0,"max_hp_gain":0,"max_hp_loss":0,"event_name":"Dead Adventurer","floor":11,"gold_loss":0},{"damage_healed":0,"gold_gain":0,"player_choice":"Ignored","damage_taken":0,"max_hp_gain":0,"max_hp_loss":0,"event_name":"Shining Light","floor":12,"gold_loss":0},{"damage_healed":0,"gold_gain":0,"player_choice":"Smashed Altar","damage_taken":0,"max_hp_gain":0,"max_hp_loss":0,"event_name":"Forgotten Altar","floor":20,"gold_loss":0,"cards_obtained":["Decay"]},{"damage_healed":0,"gold_gain":0,"player_choice":"Became a vampire","damage_taken":0,"max_hp_gain":0,"max_hp_loss":24,"event_name":"Vampires","floor":21,"gold_loss":0,"cards_obtained":["Bite","Bite","Bite","Bite","Bite"]},{"cards_removed":["Decay"],"damage_healed":0,"gold_gain":0,"player_choice":"Gave Gold","damage_taken":0,"max_hp_gain":0,"max_hp_loss":0,"event_name":"Beggar","floor":27,"gold_loss":75}],"is_beta":false,"boss_relics":[{"not_picked":["WristBlade","Eternal Feather"],"picked":"Black Star"}],"items_purged_floors":[5],"is_endless":false,"potions_floor_spawned":[1,7,8,22,24,29],"killed_by":"Automaton","ascension_level":19}