{"gold_per_floor":[18,38,38,52,52,52,75,102,129,129,129,129,144,159,159,262,262,273,233,253,265,265,265],"floor_reached":23,"playtime":11196,"items_purged":[],"score":287,"play_id":"2534691e-b675-4fb5-a4fe-39ac0f0b34b0","local_time":"20181109184056","is_ascension_mode":true,"campfire_choices":[{"data":"Rupture","floor":6,"key":"SMITH"},{"data":"Rupture","floor":10,"key":"SMITH"},{"data":"Rupture","floor":15,"key":"SMITH"}],"neow_cost":"NO_GOLD","seed_source_timestamp":11178574456444,"circlet_count":0,"master_deck":["AscendersBane","Strike_R","Strike_R","Defend_R","Defend_R","Defend_R","Defend_R","Clothesline","Rupture+1","Rupture+1","Battle Trance","Rupture+1","Headbutt","Rampage","Brutality","True Grit"],"relics":["Burning Blood","Lantern","Dream Catcher","Oddly Smooth Stone","Regal Pillow","Sozu"],"potions_floor_usage":[4,16,16,16],"damage_taken":[{"damage":15,"enemies":"Jaw Worm","floor":1,"turns":6},{"damage":6,"enemies":"2 Louse","floor":2,"turns":3},{"damage":0,"enemies":"Small Slimes","floor":4,"turns":2},{"damage":34,"enemies":"Lagavulin","floor":8,"turns":8},{"damage":10,"enemies":"Red Slaver","floor":13,"turns":5},{"damage":24,"enemies":"2 Fungi Beasts","floor":14,"turns":4},{"damage":24,"enemies":"Slime Boss","floor":16,"turns":8},{"damage":31,"enemies":"Shell Parasite","floor":18,"turns":5},{"damage":18,"enemies":"Spheric Guardian","floor":20,"turns":4},{"damage":26,"enemies":"Cultist and Chosen","floor":21,"turns":8},{"damage":13,"enemies":"Book of Stabbing","floor":23,"turns":4}],"seed_played":"-2251301719000275994","potions_obtained":[{"floor":1,"key":"Weak Potion"},{"floor":2,"key":"Fire Potion"},{"floor":8,"key":"Block Potion"},{"floor":16,"key":"Fruit Juice"}],"is_trial":false,"path_per_floor":["M","M","?","M","?","R","T","E","T","R","?","?","M","M","R","B",null,"M","?","M","M","?","E"],"character_chosen":"IRONCLAD","items_purchased":[],"campfire_rested":0,"item_purchase_floors":[],"current_hp_per_floor":[63,63,63,69,69,69,69,41,41,41,34,80,76,58,58,45,75,50,50,38,18,18,5],"gold":265,"neow_bonus":"TRANSFORM_TWO_CARDS","is_prod":false,"is_daily":false,"chose_seed":false,"campfire_upgraded":3,"win_rate":0,"timestamp":1541817656,"path_taken":["M","M","?","M","?","R","?","E","T","R","?","?","M","?","R","BOSS","M","?","?","M","?","E"],"build_version":"2018-11-08","purchased_purges":0,"victory":false,"max_hp_per_floor":[80,80,80,80,80,80,80,80,80,80,80,80,80,80,80,85,85,85,85,85,85,85,85],"card_choices":[{"not_picked":["Shrug It Off","Clash"],"picked":"Rupture","floor":1},{"not_picked":["Body Slam","Headbutt"],"picked":"Battle Trance","floor":2},{"not_picked":["Clash","Blood for Blood","Pommel Strike"],"picked":"SKIP","floor":4},{"not_picked":["Demon Form","Clash"],"picked":"Headbutt","floor":8},{"not_picked":["Rage","Anger","Twin Strike"],"picked":"SKIP","floor":13},{"not_picked":["Heavy Blade","Armaments"],"picked":"Rampage","floor":14},{"not_picked":["Double Tap","Impervious"],"picked":"Brutality","floor":16},{"not_picked":["Armaments","Rampage","Infernal Blade"],"picked":"SKIP","floor":18},{"not_picked":["Body Slam","Warcry+1"],"picked":"True Grit","floor":20},{"not_picked":["Cleave","Wild Strike+1","Clash"],"picked":"SKIP","floor":21}],"player_experience":308619,"relics_obtained":[{"floor":7,"key":"Dream Catcher"},{"floor":8,"key":"Oddly Smooth Stone"},{"floor":9,"key":"Regal Pillow"}],"event_choices":[{"damage_healed":0,"gold_gain":0,"cards_transformed":["Strike_R"],"player_choice":"Change","damage_taken":0,"max_hp_gain":0,"max_hp_loss":0,"event_name":"Living Wall","floor":3,"gold_loss":0,"cards_obtained":["Rupture"]},{"damage_healed":0,"gold_gain":0,"player_choice":"Box","damage_taken":0,"relics_obtained":["Lantern"],"max_hp_gain":0,"max_hp_loss":0,"event_name":"Big Fish","floor":5,"gold_loss":0,"cards_obtained":["Regret"]},{"cards_removed":["Strike_R"],"damage_healed":0,"gold_gain":0,"player_choice":"Card Removal","damage_taken":7,"max_hp_gain":0,"max_hp_loss":0,"event_name":"Golden Wing","floor":11,"gold_loss":0},{"damage_healed":46,"gold_gain":0,"player_choice":"Full Heal","damage_taken":0,"max_hp_gain":0,"max_hp_loss":0,"event_name":"Wheel of Change","floor":12,"gold_loss":0},{"damage_healed":0,"gold_gain":0,"player_choice":"Bought 3 Potions","damage_taken":0,"max_hp_gain":0,"max_hp_loss":0,"event_name":"The Woman in Blue","floor":19,"gold_loss":0},{"cards_removed":["Regret"],"damage_healed":0,"gold_gain":0,"player_choice":"Elegance","damage_taken":0,"max_hp_gain":0,"max_hp_loss":0,"event_name":"Back to Basics","floor":22,"gold_loss":0}],"is_beta":false,"boss_relics":[{"not_picked":["White Beast Statue","Mark of Pain"],"picked":"Sozu"}],"items_purged_floors":[],"is_endless":false,"potions_floor_spawned":[1,2,8,16,21],"killed_by":"Book of Stabbing","ascension_level":10}