{"gold_per_floor":[109,184,184,194,48,48,76,76,76,26,58,58,87,112,112,210,210,228,178,57,71,71,96,115,140,152,193,236,264,292,319,331,438,450,480,714,743,755,767,779],"floor_reached":40,"playtime":2961,"items_purged":["Defend_G","Strike_G","Strike_G"],"score":586,"play_id":"3ac5576f-802d-4acd-9081-8e9b7e3ab9de","local_time":"20190321203836","is_ascension_mode":true,"campfire_choices":[{"data":"Accuracy","floor":6,"key":"SMITH"},{"data":"Cloak And Dagger","floor":8,"key":"SMITH"},{"data":"After Image","floor":12,"key":"SMITH"},{"data":"Deflect","floor":15,"key":"SMITH"},{"floor":32,"key":"REST"}],"neow_cost":"NONE","seed_source_timestamp":146392739891458,"circlet_count":0,"master_deck":["Survivor+1","Neutralize+1","Cloak And Dagger+1","Deflect+1","Accuracy+1","Terror+1","After Image+1","Backstab+1","Adrenaline+1","Well Laid Plans+1","Accuracy+1","Finisher+1","After Image+1","Cloak And Dagger+1","Cloak And Dagger+1","Finisher+1","Deflect+1","Caltrops+1","Dagger Throw+1","A Thousand Cuts+1","After Image+1","Tactician+1","Finisher+1","Escape Plan+1","Predator+1","After Image+1","Phantasmal Killer+1"],"relics":["Ring of the Snake","NeowsBlessing","Smiling Mask","Lantern","StoneCalendar","Dream Catcher","Juzu Bracelet","Lizard Tail","Ancient Tea Set","MawBank","Ginger","Red Mask","Prayer Wheel","Pandora\u0027s Box","Mark of the Bloom"],"potions_floor_usage":[13,23,23,29,29],"damage_taken":[{"damage":0,"enemies":"Small Slimes","floor":1,"turns":1},{"damage":0,"enemies":"2 Louse","floor":4,"turns":1},{"damage":0,"enemies":"Lagavulin","floor":7,"turns":1},{"damage":11,"enemies":"3 Sentries","floor":11,"turns":12},{"damage":21,"enemies":"Gremlin Nob","floor":13,"turns":4},{"damage":6,"enemies":"Slime Boss","floor":16,"turns":8},{"damage":0,"enemies":"Spheric Guardian","floor":18,"turns":4},{"damage":0,"enemies":"Chosen","floor":21,"turns":3},{"damage":27,"enemies":"Gremlin Leader","floor":23,"turns":7},{"damage":5,"enemies":"3 Cultists","floor":24,"turns":6},{"damage":0,"enemies":"Book of Stabbing","floor":25,"turns":5},{"damage":25,"enemies":"Masked Bandits","floor":27,"turns":6},{"damage":8,"enemies":"Gremlin Leader","floor":28,"turns":6},{"damage":0,"enemies":"Cultist and Chosen","floor":29,"turns":7},{"damage":0,"enemies":"Shelled Parasite and Fungi","floor":30,"turns":4},{"damage":3,"enemies":"Centurion and Healer","floor":31,"turns":6},{"damage":44,"enemies":"Automaton","floor":33,"turns":10},{"damage":0,"enemies":"Orb Walker","floor":35,"turns":5},{"damage":27,"enemies":"3 Darklings","floor":37,"turns":5},{"damage":43,"enemies":"Reptomancer","floor":40,"turns":2}],"seed_played":"-2593188283271099967","potions_obtained":[{"floor":11,"key":"Regen Potion"},{"floor":13,"key":"Dexterity Potion"},{"floor":18,"key":"Weak Potion"},{"floor":27,"key":"Block Potion"},{"floor":28,"key":"Poison Potion"},{"floor":33,"key":"Swift Potion"},{"floor":37,"key":"GhostInAJar"}],"is_trial":false,"path_per_floor":["M","?","?","M","$","R","E","R","T","$","E","R","E","T","R","B",null,"M","?","$","M","?","E","M","E","T","?","E","M","M","M","R","B",null,"M","?","M","?","?","E"],"character_chosen":"THE_SILENT","items_purchased":["Accuracy","Accuracy"],"campfire_rested":1,"item_purchase_floors":[5,20],"current_hp_per_floor":[70,59,59,59,59,59,59,59,59,59,48,48,32,32,32,26,70,70,70,70,70,70,43,38,38,38,13,5,5,5,2,23,14,70,70,70,43,43,43,0],"gold":779,"neow_bonus":"THREE_ENEMY_KILL","is_prod":false,"is_daily":false,"chose_seed":false,"campfire_upgraded":4,"win_rate":0,"timestamp":1553225916,"path_taken":["M","?","?","?","$","R","E","R","T","?","E","R","E","?","R","BOSS","M","?","?","M","?","E","M","E","T","?","E","M","M","M","R","BOSS","M","?","M","?","?","E"],"build_version":"2019-01-23","purchased_purges":3,"victory":false,"max_hp_per_floor":[70,70,70,70,70,70,70,70,70,70,70,70,70,70,70,70,70,70,70,70,70,70,70,70,70,70,70,70,70,70,70,70,70,70,70,70,70,70,70,70],"card_choices":[{"not_picked":["Tactician","Flying Knee"],"picked":"Cloak And Dagger","floor":1},{"not_picked":["Poisoned Stab","Deadly Poison"],"picked":"Deflect","floor":4},{"not_picked":["Slice","Expertise"],"picked":"Terror","floor":7},{"not_picked":["Catalyst","Underhanded Strike"],"picked":"After Image","floor":11},{"not_picked":["Concentrate","Outmaneuver"],"picked":"Backstab","floor":13},{"not_picked":["Wraith Form v2","Malaise"],"picked":"Adrenaline","floor":16},{"not_picked":["Prepared","Expertise"],"picked":"Well Laid Plans+1","floor":18},{"not_picked":["Leg Sweep","Sucker Punch"],"picked":"Finisher","floor":21},{"not_picked":["Sucker Punch","Underhanded Strike+1"],"picked":"Cloak And Dagger","floor":23},{"not_picked":["Blade Dance","Dagger Spray"],"picked":"Cloak And Dagger+1","floor":24},{"not_picked":["Doppelganger","Flechettes+1"],"picked":"Finisher","floor":25},{"not_picked":["Dagger Throw","Finisher"],"picked":"Deflect","floor":28},{"not_picked":["Endless Agony","Reflex+1"],"picked":"Caltrops+1","floor":29},{"not_picked":["Blade Dance+1","PiercingWail+1","Tactician+1"],"picked":"SKIP","floor":29},{"not_picked":["Choke+1","Flying Knee"],"picked":"Dagger Throw+1","floor":30},{"not_picked":["Escape Plan","Cloak And Dagger","Slice"],"picked":"SKIP","floor":30},{"not_picked":["Underhanded Strike+1","Prepared+1","Leg Sweep"],"picked":"SKIP","floor":31},{"not_picked":["Quick Slash","Acrobatics","Catalyst"],"picked":"SKIP","floor":31},{"not_picked":["Acrobatics+1","Blade Dance+1"],"picked":"A Thousand Cuts","floor":32},{"not_picked":["Phantasmal Killer","Night Terror"],"picked":"After Image","floor":33},{"not_picked":["Setup","Dodge and Roll","Noxious Fumes"],"picked":"SKIP","floor":35},{"not_picked":["Dagger Spray+1","Dash","Bane+1"],"picked":"SKIP","floor":35},{"not_picked":["Deadly Poison+1","Acrobatics","Underhanded Strike"],"picked":"SKIP","floor":37},{"not_picked":["Backflip","Deadly Poison","Dagger Throw"],"picked":"SKIP","floor":37}],"player_experience":105918,"relics_obtained":[{"floor":7,"key":"Smiling Mask"},{"floor":9,"key":"Lantern"},{"floor":11,"key":"StoneCalendar"},{"floor":13,"key":"Dream Catcher"},{"floor":14,"key":"Juzu Bracelet"},{"floor":23,"key":"Ancient Tea Set"},{"floor":25,"key":"MawBank"},{"floor":26,"key":"Ginger"},{"floor":27,"key":"Red Mask"},{"floor":28,"key":"Prayer Wheel"}],"event_choices":[{"damage_healed":0,"gold_gain":75,"player_choice":"Gather Gold","damage_taken":11,"max_hp_gain":0,"max_hp_loss":0,"event_name":"World of Goop","floor":2,"gold_loss":0},{"cards_removed":["Strike_G"],"damage_healed":0,"gold_gain":0,"player_choice":"Purged","damage_taken":0,"max_hp_gain":0,"max_hp_loss":0,"event_name":"Purifier","floor":3,"gold_loss":0},{"damage_healed":0,"gold_gain":0,"player_choice":"Bet on Owner","damage_taken":0,"max_hp_gain":0,"max_hp_loss":0,"event_name":"The Joust","floor":19,"gold_loss":50},{"damage_healed":0,"gold_gain":0,"player_choice":"Copied","damage_taken":0,"max_hp_gain":0,"max_hp_loss":0,"event_name":"Duplicator","floor":22,"gold_loss":0,"cards_obtained":["After Image"]},{"damage_healed":0,"gold_gain":0,"player_choice":"Fought Bandits","damage_taken":0,"max_hp_gain":0,"max_hp_loss":0,"event_name":"Masked Bandits","floor":27,"gold_loss":0},{"damage_healed":0,"gold_gain":222,"player_choice":"Wore Mask","damage_taken":0,"max_hp_gain":0,"max_hp_loss":0,"event_name":"Tomb of Lord Red Mask","floor":36,"gold_loss":0},{"damage_healed":0,"gold_gain":0,"player_choice":"Upgrade","damage_taken":0,"relics_obtained":["Mark of the Bloom"],"max_hp_gain":0,"max_hp_loss":0,"event_name":"MindBloom","floor":38,"gold_loss":0,"cards_upgraded":["Survivor","Neutralize","Terror","Backstab","Adrenaline","Accuracy","Finisher","Cloak And Dagger","Finisher","Deflect","A Thousand Cuts","After Image","Tactician","Finisher","Escape Plan","Predator","After Image","Phantasmal Killer"]},{"damage_healed":0,"gold_gain":0,"player_choice":"Memory 1","damage_taken":0,"max_hp_gain":0,"max_hp_loss":0,"event_name":"SensoryStone","floor":39,"gold_loss":0}],"is_beta":false,"boss_relics":[{"not_picked":["Ectoplasm","Orrery"],"picked":"Lizard Tail"},{"not_picked":["Black Star","Runic Dome"],"picked":"Pandora\u0027s Box"}],"items_purged_floors":[5,10,20],"is_endless":false,"potions_floor_spawned":[11,13,18,27,28,33,37],"killed_by":"Reptomancer","ascension_level":1}