{"gold_per_floor":[113,113,130,130,140,140,170,185,185,210,220,245,245,210,210,210],"floor_reached":16,"playtime":837,"items_purged":[],"score":234,"play_id":"302e9fe2-ea60-465f-8011-cd11fe7f012c","local_time":"20190626004510","is_ascension_mode":true,"campfire_choices":[{"data":"Endless Agony","floor":6,"key":"SMITH"},{"data":"Noxious Fumes","floor":15,"key":"SMITH"}],"neow_cost":"NONE","seed_source_timestamp":463788987631122,"circlet_count":0,"master_deck":["AscendersBane","Defend_G","Defend_G","Defend_G","Defend_G","Defend_G","Strike_G","Strike_G","Strike_G","Strike_G","Survivor","Neutralize+1","Quick Slash","PiercingWail","Endless Agony+1","Blur","Infinite Blades","Backstab","Noxious Fumes+1"],"relics":["Ring of the Snake","StoneCalendar","Gambling Chip","Calipers","Torii","Darkstone Periapt"],"potions_floor_usage":[7,12],"damage_taken":[{"damage":0,"enemies":"Cultist","floor":1,"turns":5},{"damage":0,"enemies":"2 Louse","floor":3,"turns":2},{"damage":0,"enemies":"Jaw Worm","floor":5,"turns":4},{"damage":12,"enemies":"Lagavulin","floor":7,"turns":8},{"damage":0,"enemies":"Looter","floor":8,"turns":4},{"damage":16,"enemies":"3 Sentries","floor":10,"turns":7},{"damage":1,"enemies":"2 Fungi Beasts","floor":11,"turns":3},{"damage":22,"enemies":"Gremlin Nob","floor":12,"turns":4},{"damage":36,"enemies":"The Guardian","floor":16,"turns":2}],"seed_played":"1166201014869405482","potions_obtained":[{"floor":1,"key":"GamblersBrew"},{"floor":5,"key":"LiquidBronze"},{"floor":10,"key":"Block Potion"},{"floor":11,"key":"Regen Potion"}],"is_trial":false,"path_per_floor":["M","T","M","?","M","R","E","M","T","E","M","E","?","?","R","B"],"character_chosen":"THE_SILENT","items_purchased":[],"campfire_rested":0,"item_purchase_floors":[],"current_hp_per_floor":[59,59,59,52,52,52,40,40,40,24,23,13,13,29,29,0],"gold":210,"neow_bonus":"UPGRADE_CARD","is_prod":false,"is_daily":false,"chose_seed":false,"campfire_upgraded":2,"win_rate":0,"timestamp":1561535110,"path_taken":["M","?","M","?","M","R","E","M","T","E","?","E","?","?","R","BOSS"],"build_version":"2019-01-23","purchased_purges":0,"victory":false,"max_hp_per_floor":[66,66,66,66,66,66,66,66,66,66,66,66,66,66,66,66],"card_choices":[{"not_picked":["Distraction","Sucker Punch"],"picked":"Quick Slash","floor":1},{"not_picked":["Prepared","Deflect"],"picked":"PiercingWail","floor":3},{"not_picked":["Blade Dance","Burst"],"picked":"Endless Agony","floor":5},{"not_picked":["Bane","Heel Hook"],"picked":"Blur","floor":7},{"not_picked":["Backflip","Bane","Cloak And Dagger"],"picked":"SKIP","floor":8},{"not_picked":["Slice","Terror"],"picked":"Infinite Blades","floor":10},{"not_picked":["Dodge and Roll","Calculated Gamble"],"picked":"Backstab","floor":11},{"not_picked":["Adrenaline","Blade Dance"],"picked":"Noxious Fumes","floor":12}],"player_experience":1341454,"relics_obtained":[{"floor":2,"key":"StoneCalendar"},{"floor":7,"key":"Gambling Chip"},{"floor":9,"key":"Calipers"},{"floor":10,"key":"Torii"},{"floor":12,"key":"Darkstone Periapt"}],"event_choices":[{"cards_removed":["Strike_G"],"damage_healed":0,"gold_gain":0,"player_choice":"Card Removal","damage_taken":7,"max_hp_gain":0,"max_hp_loss":0,"event_name":"Golden Wing","floor":4,"gold_loss":0},{"damage_healed":0,"gold_gain":0,"player_choice":"Fled","damage_taken":0,"max_hp_gain":0,"max_hp_loss":0,"event_name":"Scrap Ooze","floor":13,"gold_loss":0},{"damage_healed":16,"gold_gain":0,"player_choice":"Healed","damage_taken":0,"max_hp_gain":0,"max_hp_loss":0,"event_name":"The Cleric","floor":14,"gold_loss":35}],"is_beta":false,"boss_relics":[],"items_purged_floors":[],"is_endless":false,"potions_floor_spawned":[1,5,10,11],"killed_by":"The Guardian","ascension_level":19}