{"gold_per_floor":[117,117,77,90,109,109,135,135,135,152,152,167,185,185],"floor_reached":14,"playtime":885,"items_purged":[],"score":156,"play_id":"3024848d-01d8-4b61-a066-8222e8ee9736","local_time":"20190704085912","is_ascension_mode":true,"campfire_choices":[{"data":"Sweeping Beam","floor":6,"key":"SMITH"},{"floor":8,"key":"REST"}],"neow_cost":"NONE","seed_source_timestamp":570000734273895,"circlet_count":0,"master_deck":["AscendersBane","Strike_B","Strike_B+1","Strike_B","Strike_B","Defend_B","Defend_B","Defend_B","Defend_B+1","Zap","Dualcast+1","Steam","Sweeping Beam+1","Gash","Doom and Gloom","Consume","Coolheaded","Self Repair"],"relics":["Cracked Core","WingedGreaves","Bottled Flame","Bird Faced Urn"],"potions_floor_usage":[7,12],"damage_taken":[{"damage":1,"enemies":"2 Louse","floor":1,"turns":2},{"damage":6,"enemies":"Cultist","floor":4,"turns":3},{"damage":1,"enemies":"Small Slimes","floor":5,"turns":3},{"damage":21,"enemies":"Lagavulin","floor":7,"turns":5},{"damage":8,"enemies":"Blue Slaver","floor":10,"turns":3},{"damage":22,"enemies":"Exordium Thugs","floor":12,"turns":4},{"damage":3,"enemies":"Looter","floor":13,"turns":2},{"damage":11,"enemies":"3 Sentries","floor":14,"turns":2}],"seed_played":"2508896042840376128","potions_obtained":[{"floor":3,"key":"PowerPotion"},{"floor":3,"key":"Strength Potion"},{"floor":4,"key":"Ancient Potion"},{"floor":7,"key":"SkillPotion"},{"floor":10,"key":"Poison Potion"},{"floor":12,"key":"LiquidBronze"}],"is_trial":false,"path_per_floor":["M","?","?","M","M","R","E","R","T","M","T","M","M","E"],"character_chosen":"DEFECT","items_purchased":[],"campfire_rested":1,"item_purchase_floors":[],"current_hp_per_floor":[63,49,49,43,42,42,21,42,42,34,34,12,9,0],"gold":185,"neow_bonus":"UPGRADE_CARD","is_prod":false,"is_daily":false,"chose_seed":false,"campfire_upgraded":1,"win_rate":0,"timestamp":1562255952,"path_taken":["M","?","?","M","M","R","E","R","T","?","?","?","M","E"],"build_version":"2019-07-01","purchased_purges":0,"victory":false,"max_hp_per_floor":[71,71,71,71,71,71,71,71,71,71,71,71,71,71],"card_choices":[{"not_picked":["Turbo","Consume"],"picked":"Steam","floor":1},{"not_picked":["White Noise","Hello World"],"picked":"Sweeping Beam","floor":4},{"not_picked":["Chaos","Defragment"],"picked":"Gash","floor":5},{"not_picked":["Sunder","Turbo"],"picked":"Doom and Gloom","floor":7},{"not_picked":["Skim","Stack"],"picked":"Consume","floor":10},{"not_picked":["Hologram","Melter"],"picked":"Coolheaded","floor":12},{"not_picked":["Coolheaded","Beam Cell"],"picked":"Self Repair","floor":13}],"player_experience":1390778,"relics_obtained":[{"floor":7,"key":"WingedGreaves"},{"floor":9,"key":"Bottled Flame"},{"floor":11,"key":"Bird Faced Urn"}],"event_choices":[{"damage_healed":0,"gold_gain":0,"player_choice":"Entered Light","damage_taken":14,"max_hp_gain":0,"max_hp_loss":0,"event_name":"Shining Light","floor":2,"gold_loss":0,"cards_upgraded":["Strike_B","Defend_B"]},{"damage_healed":0,"gold_gain":0,"player_choice":"Bought 3 Potions","damage_taken":0,"max_hp_gain":0,"max_hp_loss":0,"event_name":"The Woman in Blue","floor":3,"gold_loss":0}],"is_beta":false,"boss_relics":[],"items_purged_floors":[],"is_endless":false,"potions_floor_spawned":[4,7,10,12],"killed_by":"3 Sentries","ascension_level":14}