{"gold_per_floor":[110,110,120,17,17,45,20,20,20,20,20,20,20,38,38,38],"floor_reached":16,"playtime":810,"items_purged":[],"score":101,"play_id":"6f6da0bd-b42f-4f1d-9a5e-0173f0c130fd","local_time":"20190402221801","is_ascension_mode":true,"campfire_choices":[{"floor":8,"key":"REST"},{"data":"Defend_R","floor":10,"key":"SMITH"},{"data":"Defend_R","floor":12,"key":"SMITH"},{"data":"Spot Weakness","floor":15,"key":"SMITH"}],"neow_cost":"PERCENT_DAMAGE","seed_source_timestamp":292782710857700,"circlet_count":0,"master_deck":["Strike_R+1","Strike_R","Strike_R","Strike_R","Strike_R","Defend_R+1","Defend_R+1","Defend_R+1","Perfected Strike","Clash","Intimidate+1","Clash","Spot Weakness+1","Flex","Iron Wave+1"],"relics":["Burning Blood","Question Card","Molten Egg 2"],"potions_floor_usage":[16],"damage_taken":[{"damage":5,"enemies":"Jaw Worm","floor":1,"turns":5},{"damage":0,"enemies":"Small Slimes","floor":3,"turns":2},{"damage":14,"enemies":"Gremlin Nob","floor":6,"turns":3},{"damage":0,"enemies":"2 Louse","floor":14,"turns":1},{"damage":78,"enemies":"Hexaghost","floor":16,"turns":12}],"seed_played":"-9074990927881265460","potions_obtained":[{"floor":1,"key":"Swift Potion"}],"is_trial":false,"path_per_floor":["M","?","M","$","?","E","$","R","T","R","?","R","$","M","R","B"],"character_chosen":"IRONCLAD","items_purchased":["Intimidate","Clash","Flex"],"campfire_rested":1,"item_purchase_floors":[4,4,7],"current_hp_per_floor":[57,41,47,47,47,39,39,63,63,63,68,68,68,74,74,0],"gold":38,"neow_bonus":"REMOVE_TWO","is_prod":false,"is_daily":false,"chose_seed":false,"campfire_upgraded":3,"win_rate":0,"timestamp":1554268681,"path_taken":["M","?","M","$","?","E","?","R","T","R","?","R","?","M","R","BOSS"],"build_version":"2019-01-23","purchased_purges":0,"victory":false,"max_hp_per_floor":[80,80,80,80,80,80,80,80,80,80,85,85,85,85,85,85],"card_choices":[{"not_picked":["Dropkick","Cleave"],"picked":"Perfected Strike","floor":1},{"not_picked":["Sword Boomerang","Warcry"],"picked":"Clash","floor":3},{"not_picked":["True Grit","Clash"],"picked":"Spot Weakness","floor":6},{"not_picked":["Clash+1","Body Slam+1","Sever Soul+1"],"picked":"Iron Wave+1","floor":14}],"player_experience":407015,"relics_obtained":[{"floor":6,"key":"Question Card"},{"floor":9,"key":"Molten Egg 2"}],"event_choices":[{"damage_healed":0,"gold_gain":0,"player_choice":"Entered Light","damage_taken":16,"max_hp_gain":0,"max_hp_loss":0,"event_name":"Shining Light","floor":2,"gold_loss":0,"cards_upgraded":["Strike_R","Defend_R"]},{"damage_healed":0,"gold_gain":0,"player_choice":"Grow","damage_taken":0,"max_hp_gain":0,"max_hp_loss":0,"event_name":"Living Wall","floor":5,"gold_loss":0,"cards_upgraded":["Intimidate"]},{"damage_healed":0,"gold_gain":0,"player_choice":"Donut","damage_taken":0,"max_hp_gain":5,"max_hp_loss":0,"event_name":"Big Fish","floor":11,"gold_loss":0}],"is_beta":false,"boss_relics":[],"items_purged_floors":[],"is_endless":false,"potions_floor_spawned":[1],"killed_by":"Hexaghost","ascension_level":1}