{"gold_per_floor":[117,45,45,45,55,55,81,98,98,20,50,64,80,95,95,172,172,187,201,201],"floor_reached":20,"playtime":1607,"items_purged":["Strike_R"],"score":348,"play_id":"a8e4e99f-c690-4966-8838-9f40d9290188","local_time":"20181229132346","is_ascension_mode":true,"campfire_choices":[{"data":"Rampage","floor":6.0,"key":"SMITH"},{"data":"Battle Trance","floor":15.0,"key":"SMITH"}],"neow_cost":"NONE","seed_source_timestamp":0,"circlet_count":0,"master_deck":["AscendersBane","Strike_R","Strike_R","Strike_R","Defend_R","Defend_R","Defend_R","Defend_R+1","Bash","Headbutt","Rampage+1","Thunderclap","Cleave+1","Pommel Strike+1","Shrug It Off+1","Battle Trance+1","Berserk"],"special_seed":0,"relics":["Black Blood","NeowsBlessing","The Courier","Molten Egg 2","Omamori","War Paint"],"potions_floor_usage":[16,20],"damage_taken":[{"damage":0.0,"enemies":"Jaw Worm","floor":1.0,"turns":1.0},{"damage":0.0,"enemies":"2 Louse","floor":5.0,"turns":1.0},{"damage":0.0,"enemies":"Lagavulin","floor":7.0,"turns":1.0},{"damage":0.0,"enemies":"Cultist","floor":8.0,"turns":2.0},{"damage":32.0,"enemies":"Gremlin Nob","floor":11.0,"turns":4.0},{"damage":16.0,"enemies":"Exordium Wildlife","floor":12.0,"turns":4.0},{"damage":2.0,"enemies":"Blue Slaver","floor":13.0,"turns":3.0},{"damage":1.0,"enemies":"2 Fungi Beasts","floor":14.0,"turns":2.0},{"damage":20,"enemies":"The Guardian","floor":16,"turns":10},{"damage":30,"enemies":"Spheric Guardian","floor":18,"turns":5},{"damage":20,"enemies":"Chosen","floor":19,"turns":4},{"damage":22,"enemies":"Sentry and Sphere","floor":20,"turns":5}],"seed_played":"-3143518379597635826","potions_obtained":[{"floor":5.0,"key":"Dexterity Potion"},{"floor":7.0,"key":"BloodPotion"},{"floor":13.0,"key":"Ancient Potion"},{"floor":16,"key":"SkillPotion"}],"is_trial":false,"path_per_floor":["M","$","?","?","M","R","E","M","T","$","E","M","M","M","R","B",null,"M","M","M"],"character_chosen":"IRONCLAD","items_purchased":["Rampage","Shrug It Off"],"campfire_rested":0,"item_purchase_floors":[2,10],"current_hp_per_floor":[78,78,60,60,66,66,72,78,78,78,52,42,46,51,51,37,69,49,39,17],"gold":201,"neow_bonus":"THREE_ENEMY_KILL","is_prod":false,"is_daily":false,"chose_seed":false,"campfire_upgraded":2,"win_rate":0,"timestamp":1546118626,"path_taken":["M","$","?","?","M","R","E","M","T","$","E","M","M","M","R","BOSS","M","?","M"],"build_version":"2018-12-20","purchased_purges":1,"victory":false,"max_hp_per_floor":[80,80,80,80,80,80,80,80,80,80,80,80,80,80,80,80,80,80,80,80],"card_choices":[{"not_picked":["Flex","Shockwave"],"picked":"Headbutt","floor":1.0},{"not_picked":["Twin Strike","Clothesline"],"picked":"Thunderclap","floor":5.0},{"not_picked":["Reckless Charge","Metallicize"],"picked":"Cleave","floor":7.0},{"not_picked":["Twin Strike+1","Sword Boomerang+1"],"picked":"Pommel Strike+1","floor":8.0},{"not_picked":["Thunderclap+1","Immolate+1"],"picked":"Battle Trance","floor":11.0},{"not_picked":["Searing Blow+1","Anger+1","Wild Strike+1"],"picked":"SKIP","floor":12.0},{"not_picked":["Corruption","Feel No Pain","Warcry"],"picked":"SKIP","floor":13.0},{"not_picked":["Sentinel","Shockwave","True Grit"],"picked":"SKIP","floor":14.0},{"not_picked":["Immolate+1","Dark Embrace"],"picked":"Berserk","floor":16},{"not_picked":["Cleave+1","Metallicize","Perfected Strike+1"],"picked":"SKIP","floor":18},{"not_picked":["Power Through","Rampage+1","Second Wind"],"picked":"SKIP","floor":19}],"player_experience":638130,"relics_obtained":[{"floor":7.0,"key":"Molten Egg 2"},{"floor":9.0,"key":"Omamori"},{"floor":11.0,"key":"War Paint"}],"event_choices":[{"damage_healed":0.0,"max_hp_gain":0.0,"max_hp_loss":0.0,"gold_gain":0.0,"event_name":"Scrap Ooze","player_choice":"Success","floor":3.0,"gold_loss":0.0,"damage_taken":18.0,"relics_obtained":["The Courier"]},{"cards_removed":["Strike_R"],"damage_healed":0.0,"max_hp_gain":0.0,"max_hp_loss":0.0,"gold_gain":0.0,"event_name":"Bonfire Elementals","player_choice":"Offered Basic","floor":4.0,"gold_loss":0.0,"damage_taken":0.0}],"is_beta":false,"boss_relics":[{"not_picked":["Runic Pyramid","White Beast Statue"],"picked":"Black Blood"}],"items_purged_floors":[10],"is_endless":false,"potions_floor_spawned":[5,7,13,14,16,19],"killed_by":"Sentry and Sphere","ascension_level":13}