{"gold_per_floor":[118,129,144,160,140,172,192,49,49,61,61,74,90,107,107,107],"floor_reached":16,"playtime":1074,"items_purged":["Anger"],"score":157,"play_id":"e606318d-372c-4049-b066-f767b6d9c6d0","local_time":"20181109081949","is_ascension_mode":true,"campfire_choices":[{"floor":11,"key":"REST"},{"data":"Armaments","floor":15,"key":"SMITH"}],"neow_cost":"NONE","seed_source_timestamp":4806848902531197,"circlet_count":0,"master_deck":["Strike_R","Strike_R","Strike_R","Strike_R","Strike_R","Defend_R","Defend_R","Defend_R","Defend_R","Bash","Dark Embrace","Feel No Pain","Burning Pact","Rampage","Shrug It Off","Pommel Strike","Sentinel","Armaments+1","Shrug It Off","Headbutt","Shrug It Off"],"relics":["Burning Blood","Bottled Flame","Question Card"],"potions_floor_usage":[6,6,7,10,16,16],"damage_taken":[{"damage":16,"enemies":"Cultist","floor":1,"turns":4},{"damage":11,"enemies":"2 Louse","floor":2,"turns":3},{"damage":14,"enemies":"Jaw Worm","floor":3,"turns":4},{"damage":17,"enemies":"Looter","floor":4,"turns":3},{"damage":27,"enemies":"Gremlin Nob","floor":6,"turns":5},{"damage":3,"enemies":"Exordium Wildlife","floor":7,"turns":8},{"damage":13,"enemies":"Exordium Thugs","floor":10,"turns":7},{"damage":4,"enemies":"3 Louse","floor":12,"turns":5},{"damage":5,"enemies":"Blue Slaver","floor":13,"turns":8},{"damage":13,"enemies":"Red Slaver","floor":14,"turns":5},{"damage":33,"enemies":"The Guardian","floor":16,"turns":8}],"seed_played":"3986608725527787495","potions_obtained":[{"floor":2,"key":"Weak Potion"},{"floor":3,"key":"FearPotion"},{"floor":5,"key":"FearPotion"},{"floor":6,"key":"Block Potion"},{"floor":10,"key":"Ancient Potion"},{"floor":12,"key":"Strength Potion"},{"floor":14,"key":"FearPotion"}],"is_trial":false,"path_per_floor":["M","M","M","M","?","E","M","$","T","M","R","M","M","M","R","B"],"character_chosen":"IRONCLAD","items_purchased":["Sentinel"],"campfire_rested":1,"item_purchase_floors":[8],"current_hp_per_floor":[62,57,49,38,38,17,20,20,20,13,37,39,40,33,33,0],"gold":107,"neow_bonus":"ONE_RANDOM_RARE_CARD","is_prod":false,"is_daily":false,"chose_seed":false,"campfire_upgraded":1,"win_rate":0,"timestamp":1541780389,"path_taken":["M","M","M","?","?","E","M","$","T","M","R","M","M","M","R","BOSS"],"build_version":"2018-11-08","purchased_purges":1,"victory":false,"max_hp_per_floor":[80,80,80,80,80,80,80,80,80,80,80,80,80,80,80,80],"card_choices":[{"not_picked":["Clash","Evolve"],"picked":"Feel No Pain","floor":1},{"not_picked":["Infernal Blade","Heavy Blade"],"picked":"Burning Pact","floor":2},{"not_picked":["Searing Blow","Pommel Strike"],"picked":"Anger","floor":3},{"not_picked":["Sever Soul","Wild Strike"],"picked":"Rampage","floor":4},{"not_picked":["Sword Boomerang","Inflame"],"picked":"Shrug It Off","floor":6},{"not_picked":["Sever Soul","Iron Wave"],"picked":"Pommel Strike","floor":7},{"not_picked":["Offering","Shockwave","Anger"],"picked":"Armaments","floor":10},{"not_picked":["Whirlwind","True Grit","Cleave"],"picked":"Shrug It Off","floor":12},{"not_picked":["Rupture","Thunderclap","Dropkick"],"picked":"Headbutt","floor":13},{"not_picked":["Feel No Pain","Warcry","Sword Boomerang"],"picked":"Shrug It Off","floor":14}],"player_experience":298852,"relics_obtained":[{"floor":6,"key":"Bottled Flame"},{"floor":9,"key":"Question Card"}],"event_choices":[{"damage_healed":0,"gold_gain":0,"player_choice":"Bought 1 Potion","damage_taken":0,"max_hp_gain":0,"max_hp_loss":0,"event_name":"The Woman in Blue","floor":5,"gold_loss":0}],"is_beta":false,"boss_relics":[],"items_purged_floors":[8],"is_endless":false,"potions_floor_spawned":[2,3,6,10,12,14],"killed_by":"The Guardian","ascension_level":9}