{"gold_per_floor":[110,126,144,161,172,172,186,220,294,308,322,322,389,404,404,503,503,521,621,631,374,450,475,475,537,537,537,587,599,599,618,618,618],"floor_reached":33,"playtime":2600,"items_purged":[],"score":273,"play_id":"5d3d2aa8-4443-4bd3-aa7a-1826493da72d","local_time":"20190624175624","is_ascension_mode":false,"campfire_choices":[{"data":"Backstab","floor":6,"key":"SMITH"},{"data":"Crippling Poison","floor":15,"key":"SMITH"},{"floor":24,"key":"REST"},{"floor":27,"key":"REST"},{"floor":30,"key":"REST"},{"floor":32,"key":"REST"}],"neow_cost":"NONE","seed_source_timestamp":554017493989044,"circlet_count":0,"master_deck":["Defend_G","Defend_G","Defend_G","Defend_G","Defend_G","Strike_G","Strike_G","Strike_G","Strike_G","Strike_G","Survivor","Neutralize","Terror","Backstab+1","Blur","Outmaneuver","Bouncing Flask","Blur","Poisoned Stab","Crippling Poison+1","Envenom","Catalyst+1","Deadly Poison","Outmaneuver+1","Backstab+1","Deadly Poison"],"relics":["Ring of the Snake","Sundial","Bottled Flame","SsserpentHead","White Beast Statue","Lee\u0027s Waffle","Anchor","PreservedInsect","Mummified Hand"],"potions_floor_usage":[8,16,25,31,33,33],"damage_taken":[{"damage":0,"enemies":"Jaw Worm","floor":1,"turns":8},{"damage":0,"enemies":"Cultist","floor":2,"turns":3},{"damage":0,"enemies":"2 Louse","floor":3,"turns":3},{"damage":2,"enemies":"Blue Slaver","floor":4,"turns":5},{"damage":4,"enemies":"Lots of Slimes","floor":5,"turns":7},{"damage":1,"enemies":"Exordium Wildlife","floor":7,"turns":3},{"damage":23,"enemies":"Lagavulin","floor":8,"turns":6},{"damage":0,"enemies":"3 Louse","floor":10,"turns":3},{"damage":2,"enemies":"Looter","floor":11,"turns":4},{"damage":5,"enemies":"2 Fungi Beasts","floor":13,"turns":3},{"damage":40,"enemies":"The Guardian","floor":16,"turns":10},{"damage":28,"enemies":"Chosen","floor":18,"turns":5},{"damage":34,"enemies":"2 Thieves","floor":20,"turns":4},{"damage":56,"enemies":"Slavers","floor":23,"turns":5},{"damage":31,"enemies":"Chosen and Byrds","floor":25,"turns":7},{"damage":8,"enemies":"Centurion and Healer","floor":29,"turns":7},{"damage":0,"enemies":"Snecko","floor":31,"turns":4},{"damage":74,"enemies":"Collector","floor":33,"turns":5}],"seed_played":"1959070105810799972","potions_obtained":[{"floor":4,"key":"SkillPotion"},{"floor":5,"key":"Regen Potion"},{"floor":7,"key":"Strength Potion"},{"floor":13,"key":"Energy Potion"},{"floor":18,"key":"Ancient Potion"},{"floor":20,"key":"SkillPotion"},{"floor":23,"key":"Poison Potion"},{"floor":25,"key":"SteroidPotion"},{"floor":29,"key":"Poison Potion"}],"is_trial":false,"path_per_floor":["M","M","M","M","M","R","M","E","T","M","M","?","M","?","R","B",null,"M","?","M","$","T","E","R","M","T","R","?","M","R","M","R","B"],"character_chosen":"THE_SILENT","items_purchased":["Lee\u0027s Waffle","Deadly Poison"],"campfire_rested":4,"item_purchase_floors":[21,21],"current_hp_per_floor":[70,70,70,68,64,64,63,52,52,52,50,50,45,62,62,22,70,42,42,8,77,77,21,44,13,13,36,36,28,51,51,74,0],"gold":618,"neow_bonus":"THREE_CARDS","is_prod":false,"is_daily":false,"chose_seed":false,"campfire_upgraded":2,"win_rate":0.0,"timestamp":1561416984,"path_taken":["M","M","M","M","M","R","M","E","T","M","M","?","?","?","R","BOSS","M","?","M","$","?","E","R","?","T","R","?","M","R","M","R","BOSS"],"build_version":"2019-01-23","purchased_purges":0,"victory":false,"max_hp_per_floor":[70,70,70,70,70,70,70,70,70,70,70,70,70,70,70,70,70,70,70,70,77,77,77,77,77,77,77,77,77,77,77,77,77],"card_choices":[{"not_picked":["Underhanded Strike","Deflect"],"picked":"Terror","floor":1},{"not_picked":["Predator","Dodge and Roll"],"picked":"Backstab","floor":2},{"not_picked":["Deflect","Blade Dance"],"picked":"Blur","floor":3},{"not_picked":["Escape Plan","Eviscerate"],"picked":"Outmaneuver","floor":4},{"not_picked":["Terror","Calculated Gamble"],"picked":"Bouncing Flask","floor":5},{"not_picked":["Underhanded Strike","Cloak And Dagger","Unload"],"picked":"SKIP","floor":7},{"not_picked":["Quick Slash","Deflect","Dagger Throw"],"picked":"SKIP","floor":8},{"not_picked":["Escape Plan","Deflect"],"picked":"Blur","floor":10},{"not_picked":["Dash","PiercingWail"],"picked":"Poisoned Stab","floor":11},{"not_picked":["Flying Knee","Underhanded Strike"],"picked":"Crippling Poison","floor":13},{"not_picked":["Burst","Wraith Form v2"],"picked":"Envenom","floor":16},{"not_picked":["Bane","Flying Knee"],"picked":"Catalyst+1","floor":18},{"not_picked":["Cloak And Dagger","Blade Dance","Underhanded Strike"],"picked":"SKIP","floor":20},{"not_picked":["Escape Plan","Prepared+1","A Thousand Cuts"],"picked":"SKIP","floor":23},{"not_picked":["Underhanded Strike","Prepared+1"],"picked":"Outmaneuver+1","floor":25},{"not_picked":["Choke","PiercingWail+1","Sucker Punch"],"picked":"SKIP","floor":29},{"not_picked":["Slice+1","Flying Knee"],"picked":"Deadly Poison","floor":31}],"player_experience":171145,"relics_obtained":[{"floor":8,"key":"Sundial"},{"floor":9,"key":"Bottled Flame"},{"floor":22,"key":"Anchor"},{"floor":23,"key":"PreservedInsect"},{"floor":26,"key":"Mummified Hand"}],"event_choices":[{"damage_healed":0,"gold_gain":0,"player_choice":"Trade","damage_taken":0,"relics_obtained":["SsserpentHead"],"max_hp_gain":0,"max_hp_loss":0,"event_name":"FaceTrader","floor":12,"gold_loss":0},{"damage_healed":17,"gold_gain":0,"player_choice":"Healed","damage_taken":0,"max_hp_gain":0,"max_hp_loss":0,"event_name":"The Cleric","floor":14,"gold_loss":35},{"damage_healed":0,"gold_gain":100,"player_choice":"Bet on Murderer","damage_taken":0,"max_hp_gain":0,"max_hp_loss":0,"event_name":"The Joust","floor":19,"gold_loss":50},{"damage_healed":0,"gold_gain":0,"player_choice":"Copied","damage_taken":0,"max_hp_gain":0,"max_hp_loss":0,"event_name":"Duplicator","floor":28,"gold_loss":0,"cards_obtained":["Backstab"]}],"is_beta":false,"boss_relics":[{"not_picked":["Fusion Hammer","Ectoplasm"],"picked":"White Beast Statue"}],"items_purged_floors":[],"is_endless":false,"potions_floor_spawned":[4,5,7,13,18,20,23,25,29,31],"killed_by":"Collector","ascension_level":0}