{"gold_per_floor":[109,38,38,51,66,97,97,97,176,176],"floor_reached":10,"playtime":213,"items_purged":[],"score":76,"play_id":"0b945508-f73c-4f21-b149-8e1da363715c","local_time":"20190705112450","is_ascension_mode":true,"campfire_choices":[{"data":"Corruption","floor":7,"key":"SMITH"}],"neow_cost":"NONE","seed_source_timestamp":1419080657660171,"circlet_count":0,"master_deck":["Strike_R","Strike_R","Strike_R","Strike_R","Strike_R","Defend_R","Defend_R","Defend_R+1","Defend_R","Bash","Intimidate","Corruption+1","Clothesline+1","Uppercut"],"relics":["Burning Blood","NeowsBlessing","Omamori","Dodecahedron"],"potions_floor_usage":[10,10,10],"damage_taken":[{"damage":0,"enemies":"Jaw Worm","floor":1,"turns":1},{"damage":0,"enemies":"Cultist","floor":4,"turns":1},{"damage":0,"enemies":"Small Slimes","floor":5,"turns":1},{"damage":62,"enemies":"Gremlin Nob","floor":6,"turns":6},{"damage":12,"enemies":"Lagavulin","floor":10,"turns":4}],"seed_played":"5803303817318040868","potions_obtained":[{"floor":1,"key":"Explosive Potion"},{"floor":5,"key":"PowerPotion"},{"floor":6,"key":"LiquidBronze"}],"is_trial":false,"path_per_floor":["M","$","?","M","M","E","R","?","T","E"],"character_chosen":"IRONCLAD","items_purchased":["Corruption"],"campfire_rested":0,"item_purchase_floors":[2],"current_hp_per_floor":[80,80,80,80,80,24,24,8,8,0],"gold":176,"neow_bonus":"THREE_ENEMY_KILL","is_prod":false,"is_daily":false,"chose_seed":false,"campfire_upgraded":1,"win_rate":0,"timestamp":1562351090,"path_taken":["M","$","?","?","M","E","R","?","T","E"],"build_version":"2019-07-01","purchased_purges":0,"victory":false,"max_hp_per_floor":[80,80,80,80,80,80,80,80,80,80],"card_choices":[{"not_picked":["Reckless Charge","Headbutt"],"picked":"Intimidate","floor":1},{"not_picked":["Warcry","Clothesline","Headbutt"],"picked":"SKIP","floor":4},{"not_picked":["Warcry","Headbutt"],"picked":"Clothesline","floor":4},{"not_picked":["Thunderclap","Spot Weakness"],"picked":"Uppercut","floor":5},{"not_picked":["Twin Strike","Thunderclap","Sword Boomerang"],"picked":"SKIP","floor":6}],"player_experience":241580,"relics_obtained":[{"floor":6,"key":"Omamori"},{"floor":9,"key":"Dodecahedron"}],"event_choices":[{"damage_healed":0,"gold_gain":0,"player_choice":"Full Heal","damage_taken":0,"max_hp_gain":0,"max_hp_loss":0,"event_name":"Wheel of Change","floor":3,"gold_loss":0},{"damage_healed":0,"gold_gain":0,"player_choice":"Entered Light","damage_taken":16,"max_hp_gain":0,"max_hp_loss":0,"event_name":"Shining Light","floor":8,"gold_loss":0,"cards_upgraded":["Clothesline","Defend_R"]}],"is_beta":false,"boss_relics":[],"items_purged_floors":[],"is_endless":false,"potions_floor_spawned":[1,5,6],"killed_by":"Lagavulin","ascension_level":3}