{"gold_per_floor":[110,110,185,205,54,54,72,72,72,82,117,137,151,76,76,178,178,192,207,306,306,306,335,345,345,345,345,376,376,36,49,49,150,150,160,34,34,134,144,144],"floor_reached":40,"playtime":3069,"items_purged":["Strike_R"],"score":783,"play_id":"458f91cf-de72-47e8-ab85-35725796c70b","local_time":"20181219151509","is_ascension_mode":true,"campfire_choices":[{"data":"Armaments","floor":6,"key":"SMITH"},{"data":"Shrug It Off","floor":8,"key":"SMITH"},{"floor":15,"key":"REST"},{"data":"Pommel Strike","floor":25,"key":"SMITH"},{"data":"Pommel Strike","floor":27,"key":"SMITH"},{"data":"Pommel Strike","floor":29,"key":"SMITH"},{"data":"Uppercut","floor":32,"key":"SMITH"}],"neow_cost":"NONE","seed_source_timestamp":3201310144858222,"circlet_count":0,"master_deck":["AscendersBane","Defend_R","Defend_R+1","Defend_R+1","Defend_R","Bash","Shrug It Off+1","Armaments+1","Shrug It Off","Pommel Strike+1","Bludgeon","Clothesline","Barricade","Flame Barrier+1","Pommel Strike+1","Uppercut+1","Bite","Bite","Bite","Bite","Bite","Pommel Strike+1","Armaments+1","Clothesline","Demon Form","Shrug It Off"],"relics":["Snecko Eye","Vajra","PreservedInsect","Runic Dome","Magic Flower","Torii","Shuriken","Nunchaku","Busted Crown","Tiny Chest","Calipers"],"potions_floor_usage":[11,16,24,33,39,40],"damage_taken":[{"damage":1,"enemies":"2 Louse","floor":1,"turns":2},{"damage":4,"enemies":"Jaw Worm","floor":4,"turns":3},{"damage":11,"enemies":"Small Slimes","floor":7,"turns":4},{"damage":0,"enemies":"2 Fungi Beasts","floor":10,"turns":3},{"damage":16,"enemies":"Gremlin Nob","floor":11,"turns":3},{"damage":0,"enemies":"Blue Slaver","floor":12,"turns":2},{"damage":6,"enemies":"Looter","floor":13,"turns":3},{"damage":6,"enemies":"Hexaghost","floor":16,"turns":7},{"damage":0,"enemies":"Spheric Guardian","floor":18,"turns":2},{"damage":1,"enemies":"3 Byrds","floor":19,"turns":3},{"damage":5,"enemies":"Slavers","floor":23,"turns":3},{"damage":19,"enemies":"Shelled Parasite and Fungi","floor":24,"turns":3},{"damage":1,"enemies":"Book of Stabbing","floor":28,"turns":3},{"damage":0,"enemies":"Centurion and Healer","floor":31,"turns":2},{"damage":0,"enemies":"Champ","floor":33,"turns":6},{"damage":13,"enemies":"3 Shapes","floor":35,"turns":2},{"damage":6,"enemies":"Mind Bloom Boss Battle","floor":38,"turns":5},{"damage":12,"enemies":"3 Darklings","floor":39,"turns":5},{"damage":68,"enemies":"Reptomancer","floor":40,"turns":2}],"seed_played":"6119452270132169164","potions_obtained":[{"floor":7,"key":"SteroidPotion"},{"floor":13,"key":"EssenceOfSteel"},{"floor":16,"key":"SkillPotion"},{"floor":18,"key":"Strength Potion"},{"floor":28,"key":"Poison Potion"},{"floor":33,"key":"GamblersBrew"}],"is_trial":false,"path_per_floor":["M","?","?","M","$","R","M","R","T","M","E","M","M","$","R","B",null,"M","M","?","?","?","E","M","R","T","R","E","R","$","M","R","B",null,"M","$","?","?","M","E"],"character_chosen":"IRONCLAD","items_purchased":["Vajra","Nunchaku","Energy Potion","Tiny Chest"],"campfire_rested":1,"item_purchase_floors":[5,30,30,36],"current_hp_per_floor":[71,55,44,40,40,40,29,29,29,29,13,13,7,7,31,25,66,66,65,65,65,56,55,40,40,40,40,52,52,52,55,55,56,56,52,52,52,50,50,0],"gold":144,"neow_bonus":"BOSS_RELIC","is_prod":false,"is_daily":false,"chose_seed":false,"campfire_upgraded":6,"win_rate":0,"timestamp":1545261309,"path_taken":["M","?","?","M","$","R","M","R","T","M","E","M","M","?","R","BOSS","M","M","?","?","?","E","M","R","T","R","E","R","$","M","R","BOSS","M","$","?","?","M","E"],"build_version":"2018-12-13","purchased_purges":1,"victory":false,"max_hp_per_floor":[80,80,80,80,80,80,80,80,80,80,80,80,80,80,80,80,80,80,80,80,80,56,56,56,56,56,56,56,56,56,56,56,56,56,56,56,53,53,53,53],"card_choices":[{"not_picked":["Wild Strike","Thunderclap"],"picked":"Shrug It Off","floor":1},{"not_picked":["Wild Strike","Body Slam"],"picked":"Armaments","floor":4},{"not_picked":["Wild Strike","Iron Wave"],"picked":"Shrug It Off","floor":7},{"not_picked":["Perfected Strike","Rampage"],"picked":"Pommel Strike","floor":10},{"not_picked":["Clash","Warcry"],"picked":"Bludgeon","floor":11},{"not_picked":["Reckless Charge","Warcry"],"picked":"Clothesline","floor":12},{"not_picked":["Wild Strike","Carnage","Second Wind"],"picked":"SKIP","floor":13},{"not_picked":["Fiend Fire","Double Tap"],"picked":"Barricade","floor":16},{"not_picked":["Clash","Flex"],"picked":"Flame Barrier+1","floor":18},{"not_picked":["Flex","Warcry"],"picked":"Pommel Strike","floor":19},{"not_picked":["Heavy Blade","Inflame"],"picked":"Pommel Strike","floor":23},{"not_picked":["Blood for Blood","Anger"],"picked":"Armaments+1","floor":24},{"not_picked":["Sever Soul","Clash"],"picked":"Clothesline","floor":28},{"not_picked":["Hemokinesis","Cleave+1","Second Wind"],"picked":"SKIP","floor":31},{"not_picked":["Reaper","Limit Break"],"picked":"Demon Form","floor":33},{"not_picked":["Seeing Red"],"picked":"SKIP","floor":35},{"not_picked":[],"picked":"Shrug It Off","floor":38},{"not_picked":["Clash+1"],"picked":"SKIP","floor":39}],"player_experience":485763,"relics_obtained":[{"floor":11,"key":"PreservedInsect"},{"floor":23,"key":"Magic Flower"},{"floor":26,"key":"Torii"},{"floor":28,"key":"Shuriken"},{"floor":38,"key":"Calipers"}],"event_choices":[{"damage_healed":0,"gold_gain":0,"player_choice":"Entered Light","damage_taken":16,"max_hp_gain":0,"max_hp_loss":0,"event_name":"Shining Light","floor":2,"gold_loss":0,"cards_upgraded":["Defend_R","Defend_R"]},{"damage_healed":0,"gold_gain":75,"player_choice":"Gather Gold","damage_taken":11,"max_hp_gain":0,"max_hp_loss":0,"event_name":"World of Goop","floor":3,"gold_loss":0},{"damage_healed":0,"gold_gain":99,"player_choice":"Stole From Cult","damage_taken":0,"max_hp_gain":0,"max_hp_loss":0,"event_name":"Nest","floor":20,"gold_loss":0},{"damage_healed":0,"gold_gain":0,"player_choice":"Read","damage_taken":0,"max_hp_gain":0,"max_hp_loss":0,"event_name":"The Library","floor":21,"gold_loss":0,"cards_obtained":["Uppercut"]},{"damage_healed":0,"gold_gain":0,"player_choice":"Became a vampire","damage_taken":0,"max_hp_gain":0,"max_hp_loss":24,"event_name":"Vampires","floor":22,"gold_loss":0,"cards_obtained":["Bite","Bite","Bite","Bite","Bite"]},{"damage_healed":0,"gold_gain":0,"player_choice":"Max HP","damage_taken":0,"max_hp_gain":0,"max_hp_loss":3,"event_name":"Winding Halls","floor":37,"gold_loss":0},{"damage_healed":0,"gold_gain":0,"player_choice":"Fight","damage_taken":0,"max_hp_gain":0,"max_hp_loss":0,"event_name":"MindBloom","floor":38,"gold_loss":0}],"is_beta":false,"boss_relics":[{"not_picked":["Lizard Tail","White Beast Statue"],"picked":"Runic Dome"},{"not_picked":["Cursed Key","Empty Cage"],"picked":"Busted Crown"}],"items_purged_floors":[14],"is_endless":false,"potions_floor_spawned":[7,13,16,18,19,28,31,33,35],"killed_by":"Reptomancer","ascension_level":12}