{"gold_per_floor":[109,109,127,48,61,97,97,97,97,97,113,288,19,33,33,33],"floor_reached":16,"playtime":778,"items_purged":[],"score":100,"play_id":"e09a25fe-5883-44a2-b090-9409181b0e4b","local_time":"20190516223443","is_ascension_mode":false,"campfire_choices":[{"floor":7,"key":"REST"},{"floor":15,"key":"REST"}],"neow_cost":"NONE","seed_source_timestamp":152325800963983,"circlet_count":0,"master_deck":["Strike_R","Strike_R","Strike_R","Strike_R","Strike_R","Defend_R","Defend_R","Defend_R","Defend_R","Bash","Searing Blow","Inflame","Seeing Red","Shrug It Off","Immolate","Ghostly Armor","Doubt","Entrench","Rampage"],"relics":["Burning Blood","Red Skull","Golden Idol","Letter Opener","Dodecahedron","Blood Vial","Toolbox"],"potions_floor_usage":[],"damage_taken":[{"damage":5,"enemies":"2 Louse","floor":1,"turns":3},{"damage":6,"enemies":"Jaw Worm","floor":3,"turns":3},{"damage":0,"enemies":"Small Slimes","floor":5,"turns":3},{"damage":51,"enemies":"Lagavulin","floor":6,"turns":9},{"damage":5,"enemies":"Looter","floor":11,"turns":3},{"damage":9,"enemies":"2 Fungi Beasts","floor":14,"turns":2},{"damage":69,"enemies":"Slime Boss","floor":16,"turns":8}],"seed_played":"-2791132415689916287","potions_obtained":[{"floor":5,"key":"Block Potion"},{"floor":14,"key":"FearPotion"}],"is_trial":false,"path_per_floor":["M","?","M","$","M","E","R","?","T","?","M","?","$","M","R","B"],"character_chosen":"IRONCLAD","items_purchased":["Seeing Red","Toolbox","Entrench"],"campfire_rested":2,"item_purchase_floors":[4,13,13],"current_hp_per_floor":[80,60,60,60,66,21,45,71,71,38,41,41,41,40,64,0],"gold":33,"neow_bonus":"RANDOM_COMMON_RELIC","is_prod":false,"is_daily":false,"chose_seed":false,"campfire_upgraded":0,"win_rate":0.0,"timestamp":1558064083,"path_taken":["M","?","M","$","M","E","R","?","T","?","M","?","?","M","R","BOSS"],"build_version":"2019-01-23","purchased_purges":0,"victory":false,"max_hp_per_floor":[80,80,80,80,80,80,80,80,80,80,80,80,80,80,80,80],"card_choices":[{"not_picked":["True Grit","Wild Strike"],"picked":"Searing Blow","floor":1},{"not_picked":["Shockwave","Thunderclap"],"picked":"Inflame","floor":3},{"not_picked":["Sentinel","Headbutt"],"picked":"Shrug It Off","floor":5},{"not_picked":["Power Through","Pummel"],"picked":"Immolate","floor":6},{"not_picked":["Sever Soul","Entrench"],"picked":"Ghostly Armor","floor":11},{"not_picked":["Anger","Sentinel"],"picked":"Rampage","floor":14}],"player_experience":40795,"relics_obtained":[{"floor":6,"key":"Letter Opener"},{"floor":9,"key":"Dodecahedron"}],"event_choices":[{"damage_healed":0,"gold_gain":0,"player_choice":"Take Damage","damage_taken":20,"relics_obtained":["Golden Idol"],"max_hp_gain":0,"max_hp_loss":0,"event_name":"Golden Idol","floor":2,"gold_loss":0},{"damage_healed":26,"gold_gain":0,"player_choice":"Banana","damage_taken":0,"max_hp_gain":0,"max_hp_loss":0,"event_name":"Big Fish","floor":8,"gold_loss":0},{"damage_healed":0,"gold_gain":0,"player_choice":"Success","damage_taken":33,"relics_obtained":["Blood Vial"],"max_hp_gain":0,"max_hp_loss":0,"event_name":"Scrap Ooze","floor":10,"gold_loss":0},{"damage_healed":0,"gold_gain":175,"player_choice":"AGREE","damage_taken":0,"max_hp_gain":0,"max_hp_loss":0,"event_name":"Liars Game","floor":12,"gold_loss":0,"cards_obtained":["Doubt"]}],"is_beta":false,"boss_relics":[],"items_purged_floors":[],"is_endless":false,"potions_floor_spawned":[5,14],"killed_by":"Slime Boss","ascension_level":0}