{"gold_per_floor":[112,123,137,147,147,147,180,180,204,51,68,79,79,92,92,192,192,212,135,146,46,46,46,46,106,182,182,182,194,194,211,211,306,306,324,342,123,123,123,150,150,212,212,212],"floor_reached":44,"playtime":2575,"items_purged":["Strike_G","Defend_G","Defend_G"],"score":458,"play_id":"6d172aeb-3dc5-4773-aff0-2e57519c8a39","local_time":"20180805161242","is_ascension_mode":false,"campfire_choices":[{"data":"Flechettes","floor":6.0,"key":"SMITH"},{"floor":13.0,"key":"REST"},{"floor":15.0,"key":"REST"},{"data":"Accuracy","floor":23.0,"key":"SMITH"},{"data":"Accuracy","floor":28.0,"key":"SMITH"},{"floor":32.0,"key":"REST"},{"floor":41,"key":"REST"}],"neow_cost":"NONE","seed_source_timestamp":2115194109234832,"circlet_count":0,"master_deck":["Defend_G","Defend_G","Survivor+1","Neutralize+1","Blade Dance","Cloak And Dagger","Flechettes+1","Choke","Accuracy+1","Accuracy+1","After Image","Blade Dance","After Image","Blade Dance+1","Phantasmal Killer","Cloak And Dagger+1","Flechettes"],"special_seed":0,"relics":["Ring of the Snake","Ancient Tea Set","Whetstone","Runic Pyramid","Tiny Chest","Bottled Lightning","The Courier","Dodecahedron","Empty Cage","Omamori","Kunai","SsserpentHead","Gambling Chip","Question Card"],"potions_floor_usage":[40],"damage_taken":[{"damage":1.0,"enemies":"Cultist","floor":1.0,"turns":5.0},{"damage":0.0,"enemies":"2 Louse","floor":2.0,"turns":3.0},{"damage":0.0,"enemies":"Jaw Worm","floor":3.0,"turns":4.0},{"damage":22.0,"enemies":"Exordium Thugs","floor":4.0,"turns":6.0},{"damage":25.0,"enemies":"Gremlin Nob","floor":7.0,"turns":5.0},{"damage":0.0,"enemies":"Looter","floor":11.0,"turns":3.0},{"damage":10.0,"enemies":"Gremlin Gang","floor":12.0,"turns":7.0},{"damage":0.0,"enemies":"2 Fungi Beasts","floor":14.0,"turns":3.0},{"damage":7.0,"enemies":"Slime Boss","floor":16.0,"turns":16.0},{"damage":0.0,"enemies":"Shell Parasite","floor":18.0,"turns":4.0},{"damage":7.0,"enemies":"Chosen","floor":20.0,"turns":4.0},{"damage":17.0,"enemies":"Book of Stabbing","floor":25.0,"turns":6.0},{"damage":0.0,"enemies":"Snecko","floor":29.0,"turns":5.0},{"damage":16.0,"enemies":"Sentry and Sphere","floor":31.0,"turns":4.0},{"damage":33.0,"enemies":"Champ","floor":33.0,"turns":9.0},{"damage":0,"enemies":"Orb Walker","floor":35,"turns":3},{"damage":12,"enemies":"3 Darklings","floor":36,"turns":4},{"damage":47,"enemies":"2 Orb Walkers","floor":40,"turns":5},{"damage":30,"enemies":"Sphere and 2 Shapes","floor":42,"turns":5},{"damage":8,"enemies":"4 Shapes","floor":44,"turns":1}],"seed_played":"-4656167966629370556","potions_obtained":[{"floor":2.0,"key":"EssenceOfSteel"},{"floor":4.0,"key":"Fruit Juice"},{"floor":14.0,"key":"SpeedPotion"},{"floor":16.0,"key":"FearPotion"},{"floor":25.0,"key":"Swift Potion"},{"floor":31.0,"key":"Strength Potion"}],"is_trial":false,"path_per_floor":["M","M","M","M","?","R","E","?","T","$","M","M","R","M","R","B",null,"M","?","M","$","?","R","?","E","T","?","R","M","T","M","R","B",null,"M","M","$","T","?","E","R","M","T"],"character_chosen":"THE_SILENT","items_purchased":["Accuracy","Omamori"],"campfire_rested":4,"item_purchase_floors":[10,37],"current_hp_per_floor":[69,69,69,47,47,47,27,12,12,12,12,2,24,24,46,39,75,75,75,68,68,68,68,68,51,51,51,51,51,51,35,57,24,75,75,63,63,63,63,16,38,8,8,0],"gold":212,"neow_bonus":"REMOVE_CARD","is_prod":false,"is_daily":false,"chose_seed":false,"campfire_upgraded":3,"win_rate":0.0,"timestamp":1533510762,"path_taken":["M","?","M","M","?","R","E","?","T","?","M","M","R","M","R","BOSS","M","?","M","$","?","R","?","E","T","?","R","M","?","M","R","BOSS","M","M","$","?","?","E","R","?","T","M"],"build_version":"2018-08-02","purchased_purges":3,"victory":false,"max_hp_per_floor":[70,70,70,70,70,70,75,75,75,75,75,75,75,75,75,75,75,75,75,75,75,75,75,75,75,75,75,75,75,75,75,75,75,75,75,75,75,75,75,75,75,75,75,75],"card_choices":[{"not_picked":["Backflip","Prepared"],"picked":"Blade Dance","floor":1.0},{"not_picked":["Outmaneuver","Flying Knee"],"picked":"Cloak And Dagger","floor":2.0},{"not_picked":["Dash","Deflect","Dagger Throw"],"picked":"SKIP","floor":3.0},{"not_picked":["Acrobatics","Prepared"],"picked":"Flechettes","floor":4.0},{"not_picked":["Deadly Poison","Prepared"],"picked":"Choke","floor":7.0},{"not_picked":["Predator","Distraction"],"picked":"Accuracy","floor":11.0},{"not_picked":["Heel Hook","Flying Knee"],"picked":"After Image","floor":12.0},{"not_picked":["Dagger Throw","Prepared"],"picked":"Blade Dance","floor":14.0},{"not_picked":["Burst","Tools of the Trade"],"picked":"After Image","floor":16.0},{"not_picked":["Sucker Punch","Dagger Throw+1","Bane"],"picked":"SKIP","floor":18.0},{"not_picked":["Noxious Fumes+1","Outmaneuver","Sucker Punch"],"picked":"SKIP","floor":20.0},{"not_picked":["Catalyst","Sucker Punch"],"picked":"Blade Dance+1","floor":25.0},{"not_picked":["Reflex","Quick Slash+1","Blade Dance"],"picked":"SKIP","floor":29.0},{"not_picked":["Eviscerate+1","Outmaneuver","Backstab"],"picked":"SKIP","floor":31.0},{"not_picked":["A Thousand Cuts","Unload"],"picked":"Phantasmal Killer","floor":33.0},{"not_picked":["Blade Dance","Leg Sweep+1"],"picked":"Cloak And Dagger+1","floor":35},{"not_picked":["Flying Knee+1","Quick Slash"],"picked":"Flechettes","floor":36},{"not_picked":["Poisoned Stab+1","Blade Dance","Bane"],"picked":"SKIP","floor":40},{"not_picked":["Cloak And Dagger","Sucker Punch+1","Flying Knee"],"picked":"SKIP","floor":42}],"player_experience":43215,"relics_obtained":[{"floor":7.0,"key":"Ancient Tea Set"},{"floor":9.0,"key":"Whetstone"},{"floor":25.0,"key":"Tiny Chest"},{"floor":26.0,"key":"Bottled Lightning"},{"floor":30.0,"key":"Dodecahedron"},{"floor":38,"key":"Kunai"},{"floor":40,"key":"Gambling Chip"},{"floor":43,"key":"Question Card"}],"event_choices":[{"event_name":"Wheel of Change","player_choice":"Card Removal","floor":5.0,"damage_taken":0.0},{"event_name":"Shining Light","player_choice":"Entered Light","floor":8.0,"damage_taken":0.0},{"event_name":"Drug Dealer","player_choice":"Got JAXXED","floor":19.0,"damage_taken":0.0},{"event_name":"Ghosts","player_choice":"Ignored","floor":22.0,"damage_taken":0.0},{"event_name":"Bonfire Elementals","player_choice":"BASIC","floor":24.0,"damage_taken":0.0},{"event_name":"Addict","player_choice":"Gave JAX","floor":27.0,"damage_taken":0.0},{"event_name":"FaceTrader","player_choice":"Trade","floor":39,"damage_taken":0}],"is_beta":false,"boss_relics":[{"not_picked":["Philosopher\u0027s Stone","Coffee Dripper"],"picked":"Runic Pyramid"},{"not_picked":["Cursed Key","White Beast Statue"],"picked":"Empty Cage"}],"items_purged_floors":[10,21,37],"is_endless":false,"potions_floor_spawned":[2,4,14,16,25,29,31,36],"killed_by":"4 Shapes","ascension_level":0}