{"gold_per_floor":[369,385,560,571,571,571,521,72,72,91,91,69,69,83,83,83],"floor_reached":16,"playtime":1273,"items_purged":[],"score":99,"play_id":"b5a7c670-c650-44cc-8109-9b34cf5cd9a1","local_time":"20190503140730","is_ascension_mode":true,"campfire_choices":[{"floor":6,"key":"REST"},{"floor":13,"key":"REST"},{"floor":15,"key":"REST"}],"neow_cost":"TEN_PERCENT_HP_LOSS","seed_source_timestamp":1866483039987600,"circlet_count":0,"master_deck":["Strike_R","Strike_R","Strike_R","Strike_R","Strike_R","Defend_R","Defend_R","Defend_R","Defend_R","Bash","Headbutt","Flame Barrier","Body Slam","Armaments","Feel No Pain+1"],"relics":["Burning Blood","Golden Idol","Frozen Egg 2","Sling","Self Forming Clay","Meat on the Bone"],"potions_floor_usage":[],"damage_taken":[{"damage":12,"enemies":"Small Slimes","floor":1,"turns":4},{"damage":0,"enemies":"2 Louse","floor":2,"turns":3},{"damage":28,"enemies":"Jaw Worm","floor":4,"turns":4},{"damage":27,"enemies":"Lots of Slimes","floor":10,"turns":5},{"damage":2,"enemies":"Large Slime","floor":14,"turns":8},{"damage":88,"enemies":"Slime Boss","floor":16,"turns":10}],"seed_played":"-7121629658478581999","potions_obtained":[{"floor":4,"key":"Swift Potion"}],"is_trial":false,"path_per_floor":["M","M","?","M","?","R","?","$","T","M","T","$","R","M","R","B"],"character_chosen":"IRONCLAD","items_purchased":["Frozen Egg 2","Sling","Armaments"],"campfire_rested":3,"item_purchase_floors":[8,8,12],"current_hp_per_floor":[66,72,72,50,32,53,53,53,53,32,32,32,53,57,72,0],"gold":83,"neow_bonus":"TWO_FIFTY_GOLD","is_prod":false,"is_daily":false,"chose_seed":false,"campfire_upgraded":0,"win_rate":0,"timestamp":1556917650,"path_taken":["M","M","?","M","?","R","?","$","T","M","?","$","R","M","R","BOSS"],"build_version":"2019-01-23","purchased_purges":0,"victory":false,"max_hp_per_floor":[72,72,72,72,72,72,72,72,72,72,72,72,72,72,72,72],"card_choices":[{"not_picked":["Sword Boomerang","Uppercut"],"picked":"Headbutt","floor":1},{"not_picked":["Evolve","Perfected Strike","Twin Strike"],"picked":"SKIP","floor":2},{"not_picked":["Perfected Strike","Clothesline"],"picked":"Flame Barrier","floor":4},{"not_picked":["Wild Strike","Seeing Red"],"picked":"Body Slam","floor":10},{"not_picked":["Rampage","Rupture+1"],"picked":"Feel No Pain+1","floor":14}],"player_experience":449187,"relics_obtained":[{"floor":9,"key":"Self Forming Clay"},{"floor":11,"key":"Meat on the Bone"}],"event_choices":[{"damage_healed":0,"gold_gain":175,"player_choice":"AGREE","damage_taken":0,"max_hp_gain":0,"max_hp_loss":0,"event_name":"Liars Game","floor":3,"gold_loss":0,"cards_obtained":["Doubt"]},{"damage_healed":0,"gold_gain":0,"player_choice":"Take Damage","damage_taken":18,"relics_obtained":["Golden Idol"],"max_hp_gain":0,"max_hp_loss":0,"event_name":"Golden Idol","floor":5,"gold_loss":0},{"cards_removed":["Doubt"],"damage_healed":0,"gold_gain":0,"player_choice":"Card Removal","damage_taken":0,"max_hp_gain":0,"max_hp_loss":0,"event_name":"The Cleric","floor":7,"gold_loss":50}],"is_beta":false,"boss_relics":[],"items_purged_floors":[],"is_endless":false,"potions_floor_spawned":[4],"killed_by":"Slime Boss","ascension_level":2}