{"gold_per_floor":[110,110,121,141,153,186,186,216,216,216,230,252,252,252,252,348,348,358,378,378,388,388,388,414,414],"floor_reached":25,"playtime":1578,"items_purged":[],"score":277,"play_id":"94b9838d-4bbc-4009-bb8c-77134c1d8233","local_time":"20190709102239","is_ascension_mode":true,"campfire_choices":[{"floor":7.0,"key":"REST"},{"floor":10.0,"key":"REST"},{"data":"Armaments","floor":13.0,"key":"SMITH"},{"floor":15.0,"key":"REST"},{"floor":23,"key":"REST"}],"neow_cost":"NONE","seed_source_timestamp":0,"circlet_count":0,"master_deck":["Bash","Flex","Armaments+1","Shrug It Off","Shockwave","Heavy Blade","Double Tap","Sever Soul","Sever Soul","Warcry","Hemokinesis","Hemokinesis","Second Wind","Hemokinesis","Searing Blow","Disarm+1","Writhe"],"special_seed":0,"relics":["Runic Dome","Gremlin Horn","Ancient Tea Set","Red Skull","Odd Mushroom","Pandora\u0027s Box","Mercury Hourglass","MutagenicStrength","Anchor"],"potions_floor_usage":[21,24,24],"damage_taken":[{"damage":12.0,"enemies":"Jaw Worm","floor":1.0,"turns":2.0},{"damage":0.0,"enemies":"Cultist","floor":3.0,"turns":2.0},{"damage":2.0,"enemies":"2 Louse","floor":4.0,"turns":2.0},{"damage":9.0,"enemies":"Large Slime","floor":5.0,"turns":6.0},{"damage":35.0,"enemies":"Lagavulin","floor":6.0,"turns":8.0},{"damage":32.0,"enemies":"3 Sentries","floor":8.0,"turns":7.0},{"damage":0.0,"enemies":"Gremlin Gang","floor":11.0,"turns":3.0},{"damage":9.0,"enemies":"The Mushroom Lair","floor":12.0,"turns":3.0},{"damage":13.0,"enemies":"The Guardian","floor":16.0,"turns":8.0},{"damage":21.0,"enemies":"2 Thieves","floor":18.0,"turns":2.0},{"damage":11.0,"enemies":"Spheric Guardian","floor":19.0,"turns":3.0},{"damage":36,"enemies":"Shelled Parasite and Fungi","floor":21,"turns":4},{"damage":27,"enemies":"Book of Stabbing","floor":24,"turns":4},{"damage":18,"enemies":"Snecko","floor":25,"turns":2}],"seed_played":"1752105711517400888","potions_obtained":[{"floor":3.0,"key":"SkillPotion"},{"floor":6.0,"key":"Dexterity Potion"},{"floor":8.0,"key":"FearPotion"},{"floor":11.0,"key":"Weak Potion"},{"floor":19,"key":"Fire Potion"}],"is_trial":false,"path_per_floor":["M","?","M","M","M","E","R","E","T","R","M","?","R","?","R","B",null,"M","M","?","M","?","R","E","M"],"character_chosen":"IRONCLAD","items_purchased":[],"campfire_rested":4,"item_purchase_floors":[],"current_hp_per_floor":[68,68,68,66,57,22,46,14,14,38,38,29,29,29,53,40,80,59,48,48,12,12,36,9,0],"gold":414,"neow_bonus":"BOSS_RELIC","is_prod":false,"is_daily":false,"chose_seed":false,"campfire_upgraded":1,"win_rate":0,"timestamp":1562692959,"path_taken":["M","?","?","M","M","E","R","E","T","R","M","?","R","?","R","BOSS","M","?","?","M","?","R","E","M"],"build_version":"2019-07-05","purchased_purges":0,"victory":false,"max_hp_per_floor":[80,80,80,80,80,80,80,80,80,80,80,80,80,80,80,80,80,80,80,80,80,80,80,80,80],"card_choices":[{"not_picked":["Combust","Warcry"],"picked":"Flex","floor":1.0},{"not_picked":["Perfected Strike","Pummel"],"picked":"Armaments","floor":3.0},{"not_picked":["Twin Strike","Perfected Strike"],"picked":"Shrug It Off","floor":4.0},{"not_picked":["Anger","True Grit","Second Wind"],"picked":"SKIP","floor":5.0},{"not_picked":["Bloodletting","Headbutt"],"picked":"Shockwave","floor":6.0},{"not_picked":["Iron Wave","Sword Boomerang","Second Wind"],"picked":"SKIP","floor":8.0},{"not_picked":["Seeing Red","Reckless Charge"],"picked":"Heavy Blade","floor":11.0},{"not_picked":["Bludgeon","Exhume"],"picked":"Double Tap","floor":16.0},{"not_picked":["Sword Boomerang","Body Slam","Rupture+1"],"picked":"SKIP","floor":18.0},{"not_picked":["Headbutt","Wild Strike"],"picked":"Disarm+1","floor":19},{"not_picked":["Entrench","Evolve","Flex"],"picked":"SKIP","floor":21},{"not_picked":["Blood for Blood","Searing Blow","Sword Boomerang"],"picked":"SKIP","floor":24}],"player_experience":616503,"relics_obtained":[{"floor":6.0,"key":"Gremlin Horn"},{"floor":8.0,"key":"Ancient Tea Set"},{"floor":9.0,"key":"Red Skull"},{"floor":12.0,"key":"Odd Mushroom"},{"floor":24,"key":"Anchor"}],"event_choices":[{"damage_healed":0.0,"max_hp_gain":0.0,"max_hp_loss":0.0,"gold_gain":0.0,"event_name":"The Woman in Blue","player_choice":"Bought 0 Potions","floor":2.0,"gold_loss":0.0,"damage_taken":0.0},{"damage_healed":0.0,"max_hp_gain":0.0,"max_hp_loss":0.0,"gold_gain":0.0,"event_name":"Mushrooms","player_choice":"Fought Mushrooms","floor":12.0,"gold_loss":0.0,"damage_taken":0.0},{"cards_removed":["Strike_R"],"damage_healed":0.0,"max_hp_gain":0.0,"max_hp_loss":0.0,"gold_gain":0.0,"event_name":"Wheel of Change","player_choice":"Card Removal","floor":14.0,"gold_loss":0.0,"damage_taken":0.0},{"damage_healed":0,"gold_gain":0,"player_choice":"Opened","damage_taken":0,"relics_obtained":["Mercury Hourglass"],"max_hp_gain":0,"max_hp_loss":0,"event_name":"The Mausoleum","floor":20,"gold_loss":0,"cards_obtained":["Writhe"]},{"damage_healed":0,"gold_gain":0,"player_choice":"Inject Mutagens","damage_taken":0,"relics_obtained":["MutagenicStrength"],"max_hp_gain":0,"max_hp_loss":0,"event_name":"Drug Dealer","floor":22,"gold_loss":0}],"is_beta":false,"boss_relics":[{"not_picked":["Coffee Dripper","Philosopher\u0027s Stone"],"picked":"Pandora\u0027s Box"}],"items_purged_floors":[],"is_endless":false,"potions_floor_spawned":[3,6,8,11,19],"killed_by":"Snecko","ascension_level":4}