{"gold_per_floor":[110,186,261,277,287,320,4,4,27,27,46,46,46,66,66,171,171,182,193,269,37,37,37],"floor_reached":23,"playtime":2547,"items_purged":[],"score":189,"play_id":"dbed7ff2-33d9-4186-8d65-f4d28a9ddc24","local_time":"20190522225205","is_ascension_mode":false,"campfire_choices":[{"floor":13,"key":"REST"},{"floor":15,"key":"REST"}],"neow_cost":"NONE","seed_source_timestamp":670001627822293,"circlet_count":0,"master_deck":["Strike_R","Strike_R","Strike_R","Strike_R","Defend_R","Defend_R","Defend_R+1","Defend_R","Bash","Heavy Blade","Whirlwind","Iron Wave+1","Cleave","Heavy Blade","Apotheosis","Seeing Red","Dual Wield","Clothesline","Flex","Impervious","Perfected Strike+1","Twin Strike+1","Shrug It Off"],"relics":["Burning Blood","Anchor","Orichalcum","Bottled Flame","Eternal Feather","Dodecahedron","Chemical X"],"potions_floor_usage":[4,16,16,18],"damage_taken":[{"damage":2,"enemies":"2 Louse","floor":1,"turns":4},{"damage":0,"enemies":"Small Slimes","floor":4,"turns":1},{"damage":7,"enemies":"Jaw Worm","floor":5,"turns":5},{"damage":34,"enemies":"Gremlin Nob","floor":6,"turns":5},{"damage":0,"enemies":"Large Slime","floor":11,"turns":4},{"damage":0,"enemies":"Looter","floor":14,"turns":2},{"damage":12,"enemies":"Slime Boss","floor":16,"turns":9},{"damage":0,"enemies":"3 Byrds","floor":18,"turns":5},{"damage":19,"enemies":"Spheric Guardian","floor":19,"turns":5},{"damage":69,"enemies":"Book of Stabbing","floor":23,"turns":8}],"seed_played":"8569267203545666280","potions_obtained":[{"floor":1,"key":"AttackPotion"},{"floor":5,"key":"Energy Potion"},{"floor":11,"key":"GamblersBrew"},{"floor":16,"key":"Explosive Potion"}],"is_trial":false,"path_per_floor":["M","?","?","M","M","E","$","?","T","T","M","$","R","M","R","B",null,"M","M","T","$","?","E"],"character_chosen":"IRONCLAD","items_purchased":["Apotheosis","Seeing Red","Dual Wield","Chemical X","Shrug It Off"],"campfire_rested":2,"item_purchase_floors":[7,7,7,21,21],"current_hp_per_floor":[80,80,69,75,74,46,46,30,30,30,36,36,60,66,80,74,80,80,67,67,67,67,0],"gold":37,"neow_bonus":"TRANSFORM_CARD","is_prod":false,"is_daily":false,"chose_seed":false,"campfire_upgraded":0,"win_rate":0.0,"timestamp":1558583525,"path_taken":["M","?","?","M","M","E","?","?","T","?","M","$","R","?","R","BOSS","M","M","?","$","?","E"],"build_version":"2019-01-23","purchased_purges":0,"victory":false,"max_hp_per_floor":[80,80,80,80,80,80,80,80,80,80,80,80,80,80,80,80,80,80,80,80,80,80,80],"card_choices":[{"not_picked":["Sword Boomerang","Body Slam"],"picked":"Whirlwind","floor":1},{"not_picked":["Warcry","Flex"],"picked":"Iron Wave","floor":4},{"not_picked":["Armaments","Sever Soul"],"picked":"Cleave","floor":5},{"not_picked":["Limit Break","Corruption"],"picked":"Heavy Blade","floor":6},{"not_picked":["Evolve","Havoc"],"picked":"Clothesline","floor":11},{"not_picked":["Headbutt","Havoc"],"picked":"Flex","floor":14},{"not_picked":["Offering","Berserk"],"picked":"Impervious","floor":16},{"not_picked":["Blood for Blood","Sword Boomerang"],"picked":"Perfected Strike+1","floor":18},{"not_picked":["Sever Soul","Rage"],"picked":"Twin Strike+1","floor":19}],"player_experience":47525,"relics_obtained":[{"floor":6,"key":"Anchor"},{"floor":9,"key":"Orichalcum"},{"floor":10,"key":"Bottled Flame"},{"floor":20,"key":"Dodecahedron"}],"event_choices":[{"damage_healed":0,"gold_gain":76,"player_choice":"Gained Gold","damage_taken":0,"max_hp_gain":0,"max_hp_loss":0,"event_name":"Golden Wing","floor":2,"gold_loss":0},{"damage_healed":0,"gold_gain":75,"player_choice":"Gather Gold","damage_taken":11,"max_hp_gain":0,"max_hp_loss":0,"event_name":"World of Goop","floor":3,"gold_loss":0},{"damage_healed":0,"gold_gain":0,"player_choice":"Entered Light","damage_taken":16,"max_hp_gain":0,"max_hp_loss":0,"event_name":"Shining Light","floor":8,"gold_loss":0,"cards_upgraded":["Iron Wave","Defend_R"]},{"damage_healed":0,"gold_gain":0,"player_choice":"Ignored","damage_taken":0,"max_hp_gain":0,"max_hp_loss":0,"event_name":"Vampires","floor":22,"gold_loss":0}],"is_beta":false,"boss_relics":[{"not_picked":["Lizard Tail","Ectoplasm"],"picked":"Eternal Feather"}],"items_purged_floors":[],"is_endless":false,"potions_floor_spawned":[1,5,11,16],"killed_by":"Book of Stabbing","ascension_level":0}