{"gold_per_floor":[109,122,132,147,147,147,165,194,194,211,161,161,195,209,209,209],"floor_reached":16,"playtime":1683,"items_purged":[],"score":191,"play_id":"9a5a67ff-6c11-4c7a-a542-23eced1f3570","local_time":"20181224164132","is_ascension_mode":true,"campfire_choices":[{"data":"Feed","floor":6,"key":"SMITH"},{"data":"Flex","floor":12,"key":"SMITH"},{"data":"Bash","floor":15,"key":"SMITH"}],"neow_cost":"TEN_PERCENT_HP_LOSS","seed_source_timestamp":99463450743311,"circlet_count":0,"master_deck":["AscendersBane","Strike_R","Strike_R","Strike_R","Strike_R","Defend_R","Defend_R","Defend_R","Defend_R","Bash+1","Feed+1","Metallicize","Pommel Strike","Pummel","Pummel","Flex+1","Dropkick","Feed"],"relics":["Burning Blood","Nunchaku","Odd Mushroom","Matryoshka","Shuriken"],"potions_floor_usage":[8,13,16],"damage_taken":[{"damage":7,"enemies":"Small Slimes","floor":1,"turns":3},{"damage":11,"enemies":"2 Louse","floor":2,"turns":2},{"damage":14,"enemies":"Jaw Worm","floor":3,"turns":5},{"damage":6,"enemies":"Looter","floor":4,"turns":4},{"damage":16,"enemies":"Blue Slaver","floor":7,"turns":5},{"damage":12,"enemies":"The Mushroom Lair","floor":8,"turns":5},{"damage":3,"enemies":"2 Fungi Beasts","floor":10,"turns":4},{"damage":5,"enemies":"Gremlin Nob","floor":13,"turns":3},{"damage":17,"enemies":"Exordium Thugs","floor":14,"turns":4},{"damage":51,"enemies":"The Guardian","floor":16,"turns":7}],"seed_played":"-8305356761852735967","potions_obtained":[{"floor":1,"key":"Strength Potion"},{"floor":2,"key":"SneckoOil"},{"floor":7,"key":"Dexterity Potion"},{"floor":10,"key":"SteroidPotion"}],"is_trial":false,"path_per_floor":["M","M","M","M","?","R","M","?","T","M","?","R","E","M","R","B"],"character_chosen":"IRONCLAD","items_purchased":[],"campfire_rested":0,"item_purchase_floors":[],"current_hp_per_floor":[74,72,67,70,63,63,57,55,55,62,62,62,67,60,60,9],"gold":209,"neow_bonus":"THREE_RARE_CARDS","is_prod":false,"is_daily":false,"chose_seed":false,"campfire_upgraded":3,"win_rate":0,"timestamp":1545698492,"path_taken":["M","M","M","M","?","R","M","?","T","M","?","R","E","M","R","BOSS"],"build_version":"2018-12-20","purchased_purges":0,"victory":false,"max_hp_per_floor":[75,78,81,84,84,84,88,92,92,96,96,96,100,104,104,104],"card_choices":[{"not_picked":["Offering","Reaper"],"picked":"Feed","floor":0},{"not_picked":["Perfected Strike","Intimidate"],"picked":"Metallicize","floor":1},{"not_picked":["Sword Boomerang","Havoc","Anger"],"picked":"SKIP","floor":2},{"not_picked":["Sword Boomerang","True Grit"],"picked":"Pommel Strike","floor":3},{"not_picked":["Seeing Red","Rage"],"picked":"Pummel","floor":4},{"not_picked":["Evolve","Clash"],"picked":"Pummel","floor":7},{"not_picked":["Armaments","Clothesline"],"picked":"Flex","floor":10},{"not_picked":["Evolve","Havoc"],"picked":"Dropkick","floor":13},{"not_picked":["True Grit","Warcry"],"picked":"Feed","floor":14}],"player_experience":530046,"relics_obtained":[{"floor":8,"key":"Odd Mushroom"},{"floor":9,"key":"Matryoshka"},{"floor":13,"key":"Shuriken"}],"event_choices":[{"damage_healed":0,"gold_gain":0,"player_choice":"Success","damage_taken":7,"relics_obtained":["Nunchaku"],"max_hp_gain":0,"max_hp_loss":0,"event_name":"Scrap Ooze","floor":5,"gold_loss":0},{"damage_healed":0,"gold_gain":0,"player_choice":"Fought Mushrooms","damage_taken":0,"max_hp_gain":0,"max_hp_loss":0,"event_name":"Mushrooms","floor":8,"gold_loss":0},{"cards_removed":["Strike_R"],"damage_healed":0,"gold_gain":0,"player_choice":"Card Removal","damage_taken":0,"max_hp_gain":0,"max_hp_loss":0,"event_name":"The Cleric","floor":11,"gold_loss":50}],"is_beta":false,"boss_relics":[],"items_purged_floors":[],"is_endless":false,"potions_floor_spawned":[1,2,7,10],"killed_by":"The Guardian","ascension_level":12}