{"gold_per_floor":[111,124,44,61,61,61,77,152,178,203,220,230,230,230],"floor_reached":14,"playtime":929,"items_purged":[],"score":97,"play_id":"5a2ac6c5-3a1b-446b-ad07-75c68e03a1b4","local_time":"20190402223345","is_ascension_mode":true,"campfire_choices":[{"floor":6,"key":"RECALL"},{"floor":13,"key":"REST"}],"neow_cost":"PERCENT_DAMAGE","seed_source_timestamp":293610361528700,"circlet_count":0,"master_deck":["Strike_R","Strike_R+1","Strike_R","Strike_R","Strike_R+1","Defend_R","Defend_R","Defend_R","Defend_R","Bash","Reaper","Perfected Strike","Flame Barrier","Inflame","Flex","Cleave","Whirlwind","Immolate"],"relics":["Burning Blood","Whetstone"],"potions_floor_usage":[10,11],"damage_taken":[{"damage":1,"enemies":"Cultist","floor":1,"turns":4},{"damage":8,"enemies":"Jaw Worm","floor":2,"turns":4},{"damage":9,"enemies":"2 Louse","floor":4,"turns":3},{"damage":14,"enemies":"Large Slime","floor":7,"turns":8},{"damage":63,"enemies":"Lagavulin","floor":10,"turns":11},{"damage":14,"enemies":"Gremlin Gang","floor":11,"turns":2},{"damage":17,"enemies":"Looter","floor":12,"turns":4},{"damage":51,"enemies":"Lagavulin Event","floor":14,"turns":5}],"seed_played":"-8714682695290435806","potions_obtained":[{"floor":2,"key":"LiquidBronze"},{"floor":4,"key":"SkillPotion"},{"floor":12,"key":"Swift Potion"}],"is_trial":false,"path_per_floor":["M","M","$","M","?","R","M","?","T","E","M","M","R","?"],"character_chosen":"IRONCLAD","items_purchased":["Inflame"],"campfire_rested":1,"item_purchase_floors":[3],"current_hp_per_floor":[61,65,65,68,73,73,77,66,66,15,19,14,39,0],"gold":230,"neow_bonus":"THREE_RARE_CARDS","is_prod":false,"is_daily":false,"chose_seed":false,"campfire_upgraded":0,"win_rate":0,"timestamp":1554269625,"path_taken":["M","M","$","?","?","R","M","?","T","E","M","M","R","?"],"build_version":"2019-01-23","purchased_purges":0,"victory":false,"max_hp_per_floor":[80,80,80,80,85,85,85,85,85,85,85,85,85,85],"card_choices":[{"not_picked":["Dark Embrace","Offering"],"picked":"Reaper","floor":0},{"not_picked":["Iron Wave","Disarm"],"picked":"Perfected Strike","floor":1},{"not_picked":["Intimidate","Carnage"],"picked":"Flame Barrier","floor":2},{"not_picked":["Twin Strike","Body Slam"],"picked":"Flex","floor":4},{"not_picked":["Shrug It Off","Disarm"],"picked":"Cleave","floor":7},{"not_picked":["Flame Barrier","Fire Breathing"],"picked":"Whirlwind","floor":10},{"not_picked":["Shrug It Off","True Grit","Wild Strike"],"picked":"SKIP","floor":11},{"not_picked":["Clothesline","Body Slam"],"picked":"Immolate","floor":12}],"player_experience":407825,"relics_obtained":[{"floor":10,"key":"Whetstone"}],"event_choices":[{"damage_healed":0,"gold_gain":0,"player_choice":"Donut","damage_taken":0,"max_hp_gain":5,"max_hp_loss":0,"event_name":"Big Fish","floor":5,"gold_loss":0},{"damage_healed":0,"gold_gain":75,"player_choice":"Gather Gold","damage_taken":11,"max_hp_gain":0,"max_hp_loss":0,"event_name":"World of Goop","floor":8,"gold_loss":0},{"damage_healed":0,"gold_gain":0,"player_choice":"Searched \u00271\u0027 times","damage_taken":0,"max_hp_gain":0,"max_hp_loss":0,"event_name":"Dead Adventurer","floor":14,"gold_loss":0}],"is_beta":false,"boss_relics":[],"items_purged_floors":[],"is_endless":false,"potions_floor_spawned":[2,4,12],"killed_by":"Lagavulin Event","ascension_level":1}