{"gold_per_floor":[112,126,145,145,159,198,198,231,231,265,265,289,312,237,237,366,366,384,384,398,398,398,441,441,289,340,379,379,309,309,332,332,457,457,471,471,471,9,34,34],"floor_reached":40,"playtime":4868,"items_purged":["Injury"],"score":464,"play_id":"421cd318-05b0-43b0-bcc9-020313971f2d","local_time":"20190624195046","is_ascension_mode":true,"campfire_choices":[{"floor":7,"key":"REST"},{"floor":11,"key":"REST"},{"floor":15,"key":"REST"},{"floor":28,"key":"REST"},{"floor":32,"key":"REST"}],"neow_cost":"NONE","seed_source_timestamp":558616738097833,"circlet_count":0,"master_deck":["Strike_R+1","Strike_R+1","Strike_R+1","Strike_R+1","Strike_R+1","Defend_R+1","Defend_R+1","Defend_R+1","Defend_R+1","Bash","Rage","Metallicize","Inflame","Armaments","Cleave","Flex","Flex","Juggernaut","Shrug It Off","Inflame","Cleave","Barricade","Cleave","Impervious"],"relics":["Burning Blood","Golden Idol","Centennial Puzzle","Bag of Marbles","Darkstone Periapt","Ice Cream","Busted Crown","MutagenicStrength","Juzu Bracelet","PreservedInsect","Pen Nib","Omamori","GremlinMask","Orrery","Red Skull","Bird Faced Urn"],"potions_floor_usage":[10,10,16,31,31,40,40],"damage_taken":[{"damage":1,"enemies":"Cultist","floor":1,"turns":4},{"damage":2,"enemies":"Small Slimes","floor":2,"turns":4},{"damage":3,"enemies":"2 Louse","floor":3,"turns":3},{"damage":16,"enemies":"Exordium Wildlife","floor":5,"turns":7},{"damage":39,"enemies":"Lagavulin","floor":6,"turns":9},{"damage":26,"enemies":"3 Sentries","floor":8,"turns":8},{"damage":31,"enemies":"Gremlin Nob","floor":10,"turns":5},{"damage":15,"enemies":"3 Louse","floor":12,"turns":4},{"damage":2,"enemies":"Large Slime","floor":13,"turns":7},{"damage":52,"enemies":"Slime Boss","floor":16,"turns":12},{"damage":24,"enemies":"2 Thieves","floor":18,"turns":3},{"damage":15,"enemies":"Chosen","floor":20,"turns":4},{"damage":54,"enemies":"Gremlin Leader","floor":23,"turns":6},{"damage":4,"enemies":"Slavers","floor":27,"turns":5},{"damage":13,"enemies":"Centurion and Healer","floor":31,"turns":5},{"damage":78,"enemies":"Automaton","floor":33,"turns":10},{"damage":33,"enemies":"3 Darklings","floor":35,"turns":5},{"damage":4,"enemies":"Orb Walker","floor":39,"turns":3},{"damage":96,"enemies":"Giant Head","floor":40,"turns":9}],"seed_played":"1307302983483321792","potions_obtained":[{"floor":1,"key":"Swift Potion"},{"floor":5,"key":"Swift Potion"},{"floor":6,"key":"Strength Potion"},{"floor":12,"key":"BloodPotion"},{"floor":18,"key":"EssenceOfSteel"},{"floor":27,"key":"GamblersBrew"},{"floor":33,"key":"AttackPotion"}],"is_trial":false,"path_per_floor":["M","M","M","?","M","E","R","E","T","E","R","M","M","$","R","B",null,"M","?","M","?","?","E","?","$","T","E","R","$","?","M","R","B",null,"M","?","T","$","M","E"],"character_chosen":"IRONCLAD","items_purchased":["PreservedInsect","Inflame","Bird Faced Urn","Impervious"],"campfire_rested":5,"item_purchase_floors":[25,29,38,38],"current_hp_per_floor":[88,88,88,88,78,45,71,51,51,26,52,43,47,47,73,27,88,70,70,61,61,61,13,42,42,42,44,70,70,70,63,88,16,88,61,61,61,61,67,0],"gold":34,"neow_bonus":"TEN_PERCENT_HP_BONUS","is_prod":false,"is_daily":false,"chose_seed":false,"campfire_upgraded":0,"win_rate":0,"timestamp":1561423846,"path_taken":["M","?","M","?","M","E","R","E","T","E","R","M","M","$","R","BOSS","M","?","M","?","?","E","?","$","T","E","R","$","?","M","R","BOSS","M","?","?","$","M","E"],"build_version":"2019-01-23","purchased_purges":1,"victory":false,"max_hp_per_floor":[88,88,88,88,88,88,88,88,88,88,88,88,88,88,88,88,88,88,88,88,88,88,88,88,88,88,88,88,88,88,88,88,88,88,88,88,88,88,88,88],"card_choices":[{"not_picked":["Feel No Pain","Thunderclap"],"picked":"Rage","floor":1},{"not_picked":["Clothesline","Power Through"],"picked":"Metallicize","floor":2},{"not_picked":["Pommel Strike","Uppercut"],"picked":"Inflame","floor":3},{"not_picked":["Sentinel","Shrug It Off"],"picked":"Armaments","floor":5},{"not_picked":["Armaments","Dark Embrace"],"picked":"Cleave","floor":6},{"not_picked":["Wild Strike","Warcry"],"picked":"Flex","floor":8},{"not_picked":["Combust","Blood for Blood","Wild Strike"],"picked":"SKIP","floor":10},{"not_picked":["Headbutt","Uppercut","Perfected Strike"],"picked":"SKIP","floor":12},{"not_picked":["Headbutt","Shockwave"],"picked":"Flex","floor":13},{"not_picked":["Fiend Fire","Berserk"],"picked":"Juggernaut","floor":16},{"not_picked":["Combust+1"],"picked":"SKIP","floor":18},{"not_picked":[],"picked":"Shrug It Off","floor":20},{"not_picked":["Wild Strike"],"picked":"SKIP","floor":23},{"not_picked":["Combust"],"picked":"SKIP","floor":27},{"not_picked":[],"picked":"Cleave","floor":31},{"not_picked":[],"picked":"Barricade","floor":33},{"not_picked":[],"picked":"Cleave","floor":34},{"not_picked":["Cleave"],"picked":"SKIP","floor":35},{"not_picked":["Seeing Red"],"picked":"SKIP","floor":39}],"player_experience":175354,"relics_obtained":[{"floor":6,"key":"Centennial Puzzle"},{"floor":8,"key":"Bag of Marbles"},{"floor":9,"key":"Darkstone Periapt"},{"floor":10,"key":"Ice Cream"},{"floor":23,"key":"Juzu Bracelet"},{"floor":26,"key":"Pen Nib"},{"floor":27,"key":"Omamori"},{"floor":37,"key":"Red Skull"}],"event_choices":[{"damage_healed":0,"gold_gain":0,"player_choice":"Take Wound","damage_taken":0,"relics_obtained":["Golden Idol"],"max_hp_gain":0,"max_hp_loss":0,"event_name":"Golden Idol","floor":4,"gold_loss":0,"cards_obtained":["Injury"]},{"damage_healed":0,"gold_gain":0,"player_choice":"Ignored","damage_taken":0,"max_hp_gain":0,"max_hp_loss":0,"event_name":"Ghosts","floor":19,"gold_loss":0},{"damage_healed":0,"gold_gain":0,"player_choice":"Simplicity","damage_taken":0,"max_hp_gain":0,"max_hp_loss":0,"event_name":"Back to Basics","floor":21,"gold_loss":0,"cards_upgraded":["Strike_R","Strike_R","Strike_R","Strike_R","Strike_R","Defend_R","Defend_R","Defend_R","Defend_R"]},{"damage_healed":0,"gold_gain":0,"player_choice":"Inject Mutagens","damage_taken":0,"relics_obtained":["MutagenicStrength"],"max_hp_gain":0,"max_hp_loss":0,"event_name":"Drug Dealer","floor":22,"gold_loss":0},{"damage_healed":29,"gold_gain":0,"player_choice":"Heal","damage_taken":0,"max_hp_gain":0,"max_hp_loss":0,"event_name":"The Library","floor":24,"gold_loss":0},{"damage_healed":0,"gold_gain":0,"player_choice":"Trade","damage_taken":0,"relics_obtained":["GremlinMask"],"max_hp_gain":0,"max_hp_loss":0,"event_name":"FaceTrader","floor":30,"gold_loss":0},{"damage_healed":0,"gold_gain":0,"player_choice":"Ignored","damage_taken":0,"max_hp_gain":0,"max_hp_loss":0,"event_name":"Tomb of Lord Red Mask","floor":36,"gold_loss":0}],"is_beta":false,"boss_relics":[{"not_picked":["Ectoplasm","Runic Pyramid"],"picked":"Busted Crown"},{"not_picked":["Cursed Key","Astrolabe"],"picked":"Orrery"}],"items_purged_floors":[14],"is_endless":false,"potions_floor_spawned":[1,5,6,12,18,27,33],"killed_by":"Giant Head","ascension_level":1}