{"gold_per_floor":[217,235,235,252,427,427,462,462,487,176,176,156,166,193,193,298,298,312,331,94,9,25,25,55,75,75,75,75,75,91,106,106,204,204,221,221,231,244,244,269,269,289,312,312,344,344,12,112,112,112],"floor_reached":51,"playtime":4476,"items_purged":["Doubt"],"score":733,"play_id":"b97b7d28-e68c-47eb-924b-744def4ecff7","local_time":"20190609043215","is_ascension_mode":false,"campfire_choices":[{"data":"Flex","floor":6,"key":"SMITH"},{"floor":8,"key":"REST"},{"floor":11,"key":"REST"},{"data":"Barricade","floor":15,"key":"SMITH"},{"floor":23,"key":"REST"},{"data":"Armaments","floor":27,"key":"SMITH"},{"floor":29,"key":"REST"},{"floor":32,"key":"REST"},{"floor":41,"key":"REST"},{"floor":44,"key":"REST"},{"data":"Rage","floor":46,"key":"SMITH"},{"floor":49,"key":"REST"}],"neow_cost":"NONE","seed_source_timestamp":48317003797835,"circlet_count":0,"master_deck":["Strike_R+1","Strike_R+1","Strike_R+1","Strike_R+1","Strike_R+1","Defend_R+1","Defend_R+1","Defend_R+1","Defend_R+1","Bash+1","Shrug It Off","Flex+1","Flex+1","Barricade+1","Twin Strike","Carnage","Immolate","Metallicize","Thunderclap+1","Enlightenment","Ghostly Armor+1","Armaments+1","Rupture","Anger","Anger+1","Rupture+1","Heavy Blade+1","Perfected Strike+1","Rage+1","Metallicize+1","Demon Form"],"relics":["Burning Blood","PreservedInsect","Whetstone","Sling","Oddly Smooth Stone","Sozu","Strawberry","Ornamental Fan","Dream Catcher","Vajra","Philosopher\u0027s Stone","Pear","Regal Pillow","Thread and Needle","Mummified Hand","FossilizedHelix"],"potions_floor_usage":[16],"damage_taken":[{"damage":7,"enemies":"2 Louse","floor":1,"turns":3},{"damage":7,"enemies":"Jaw Worm","floor":2,"turns":5},{"damage":6,"enemies":"Cultist","floor":4,"turns":3},{"damage":43,"enemies":"Gremlin Nob","floor":7,"turns":5},{"damage":13,"enemies":"3 Louse","floor":13,"turns":6},{"damage":3,"enemies":"Lagavulin","floor":14,"turns":7},{"damage":61,"enemies":"The Guardian","floor":16,"turns":13},{"damage":3,"enemies":"Spheric Guardian","floor":18,"turns":4},{"damage":30,"enemies":"2 Thieves","floor":19,"turns":3},{"damage":27,"enemies":"Snake Plant","floor":22,"turns":6},{"damage":29,"enemies":"Book of Stabbing","floor":24,"turns":6},{"damage":0,"enemies":"Centurion and Healer","floor":25,"turns":4},{"damage":10,"enemies":"Snecko","floor":30,"turns":8},{"damage":17,"enemies":"Chosen and Byrds","floor":31,"turns":7},{"damage":69,"enemies":"Collector","floor":33,"turns":11},{"damage":26,"enemies":"3 Darklings","floor":35,"turns":9},{"damage":17,"enemies":"Orb Walker","floor":37,"turns":4},{"damage":32,"enemies":"Jaw Worm Horde","floor":38,"turns":6},{"damage":53,"enemies":"Reptomancer","floor":40,"turns":6},{"damage":0,"enemies":"Maw","floor":42,"turns":10},{"damage":23,"enemies":"Nemesis","floor":45,"turns":5},{"damage":0,"enemies":"Mind Bloom Boss Battle","floor":48,"turns":7},{"damage":67,"enemies":"Donu and Deca","floor":50,"turns":9}],"seed_played":"-6041003242832602256","potions_obtained":[{"floor":7,"key":"SpeedPotion"},{"floor":12,"key":"FairyPotion"},{"floor":13,"key":"FairyPotion"}],"is_trial":false,"path_per_floor":["M","M","?","M","?","R","E","R","T","$","R","?","M","E","R","B",null,"M","M","$","?","M","R","E","M","T","R","?","R","M","M","R","B",null,"M","?","M","M","$","E","R","M","T","R","E","R","$","?","R","B",null],"character_chosen":"IRONCLAD","items_purchased":["Sling","Barricade","Twin Strike","Strawberry","Enlightenment","Mummified Hand"],"campfire_rested":8,"item_purchase_floors":[10,10,10,20,20,47],"current_hp_per_floor":[79,78,78,78,78,78,41,65,65,65,80,80,73,76,76,21,80,80,56,63,63,42,68,45,51,51,51,51,77,73,62,87,24,87,67,67,56,30,30,24,53,59,59,97,80,80,80,86,97,36],"gold":112,"neow_bonus":"HUNDRED_GOLD","is_prod":false,"is_daily":false,"chose_seed":false,"campfire_upgraded":4,"win_rate":0.0,"timestamp":1560072735,"path_taken":["M","M","?","M","?","R","E","R","T","?","R","?","?","E","R","BOSS","M","M","$","?","M","R","E","M","T","R","?","R","M","M","R","BOSS","M","?","M","M","$","E","R","M","T","R","E","R","$","?","R","BOSS"],"build_version":"2019-01-23","purchased_purges":1,"victory":true,"max_hp_per_floor":[80,80,80,80,80,80,80,80,80,80,80,80,80,80,80,80,80,80,80,87,87,87,87,87,87,87,87,87,87,87,87,87,87,87,87,87,87,87,87,97,97,97,97,97,97,97,97,97,97,97],"card_choices":[{"not_picked":["Sword Boomerang","Thunderclap"],"picked":"Shrug It Off","floor":1},{"not_picked":["Wild Strike","Rupture"],"picked":"Flex","floor":2},{"not_picked":["Shrug It Off","Entrench"],"picked":"Flex","floor":4},{"not_picked":["Burning Pact","Heavy Blade","Offering"],"picked":"SKIP","floor":7},{"not_picked":["Evolve","Disarm","Flex"],"picked":"SKIP","floor":13},{"not_picked":["Shrug It Off","Pummel"],"picked":"Carnage","floor":14},{"not_picked":["Reaper","Offering"],"picked":"Immolate","floor":16},{"not_picked":["Clash","Havoc"],"picked":"Metallicize","floor":18},{"not_picked":["Battle Trance","Rampage+1"],"picked":"Thunderclap+1","floor":19},{"not_picked":["Heavy Blade","Shrug It Off"],"picked":"Ghostly Armor+1","floor":22},{"not_picked":["Rampage","Clash+1"],"picked":"Armaments","floor":24},{"not_picked":["Spot Weakness+1","Second Wind","Limit Break"],"picked":"SKIP","floor":25},{"not_picked":["Flex","Intimidate"],"picked":"Rupture","floor":29},{"not_picked":["Corruption","Dual Wield+1","Thunderclap"],"picked":"SKIP","floor":30},{"not_picked":["Body Slam","Headbutt"],"picked":"Anger","floor":31},{"not_picked":["Cleave","Havoc+1"],"picked":"Anger+1","floor":32},{"not_picked":["Shrug It Off","Thunderclap"],"picked":"Rupture+1","floor":35},{"not_picked":["Dropkick","Evolve","Wild Strike+1"],"picked":"SKIP","floor":37},{"not_picked":["Rupture","Spot Weakness+1","Warcry"],"picked":"SKIP","floor":38},{"not_picked":["Headbutt","Clash"],"picked":"Heavy Blade+1","floor":40},{"not_picked":["Searing Blow+1","Flex+1"],"picked":"Perfected Strike+1","floor":41},{"not_picked":["Clothesline","Rupture","Heavy Blade+1"],"picked":"SKIP","floor":42},{"not_picked":["Corruption","Twin Strike"],"picked":"Rage","floor":44},{"not_picked":["Power Through","Ghostly Armor"],"picked":"Metallicize+1","floor":45},{"not_picked":["Battle Trance","Thunderclap"],"picked":"Demon Form","floor":49}],"player_experience":97588,"relics_obtained":[{"floor":7,"key":"PreservedInsect"},{"floor":9,"key":"Whetstone"},{"floor":14,"key":"Oddly Smooth Stone"},{"floor":24,"key":"Dream Catcher"},{"floor":26,"key":"Vajra"},{"floor":40,"key":"Pear"},{"floor":43,"key":"Regal Pillow"},{"floor":45,"key":"Thread and Needle"},{"floor":48,"key":"FossilizedHelix"}],"event_choices":[{"damage_healed":0,"gold_gain":0,"player_choice":"Grow","damage_taken":0,"max_hp_gain":0,"max_hp_loss":0,"event_name":"Living Wall","floor":3,"gold_loss":0,"cards_upgraded":["Flex"]},{"damage_healed":0,"gold_gain":175,"player_choice":"AGREE","damage_taken":0,"max_hp_gain":0,"max_hp_loss":0,"event_name":"Liars Game","floor":5,"gold_loss":0,"cards_obtained":["Doubt"]},{"damage_healed":0,"gold_gain":0,"player_choice":"Bought 1 Potion","damage_taken":0,"max_hp_gain":0,"max_hp_loss":0,"event_name":"The Woman in Blue","floor":12,"gold_loss":0},{"damage_healed":0,"gold_gain":0,"player_choice":"Obtained Relic","damage_taken":0,"relics_obtained":["Ornamental Fan"],"max_hp_gain":0,"max_hp_loss":0,"event_name":"Addict","floor":21,"gold_loss":85},{"damage_healed":0,"gold_gain":0,"player_choice":"Simplicity","damage_taken":0,"max_hp_gain":0,"max_hp_loss":0,"event_name":"Back to Basics","floor":28,"gold_loss":0,"cards_upgraded":["Strike_R","Strike_R","Strike_R","Strike_R","Defend_R","Defend_R","Defend_R","Defend_R"]},{"damage_healed":0,"gold_gain":0,"player_choice":"Ignored","damage_taken":0,"max_hp_gain":0,"max_hp_loss":0,"event_name":"Tomb of Lord Red Mask","floor":36,"gold_loss":0},{"damage_healed":0,"gold_gain":0,"player_choice":"Fight","damage_taken":0,"max_hp_gain":0,"max_hp_loss":0,"event_name":"MindBloom","floor":48,"gold_loss":0}],"is_beta":false,"boss_relics":[{"not_picked":["Cursed Key","Empty Cage"],"picked":"Sozu"},{"not_picked":["Velvet Choker","Runic Dome"],"picked":"Philosopher\u0027s Stone"}],"items_purged_floors":[47],"is_endless":false,"potions_floor_spawned":[7,13,14,16,19,22,25,31,40,42,48],"ascension_level":0}