{"gold_per_floor":[116,134,144,76,76,76,105,105,152,25,25,0,0,18,18,18],"floor_reached":16,"playtime":595,"items_purged":["Defend_R"],"score":148,"play_id":"f75a56f7-2edb-48a1-b5a4-6ea19e3aa94a","local_time":"20190710125829","is_ascension_mode":true,"campfire_choices":[{"data":"Bloodletting","floor":6,"key":"SMITH"},{"data":"Iron Wave","floor":8,"key":"SMITH"},{"data":"Armaments","floor":11,"key":"SMITH"},{"data":"Sword Boomerang","floor":13,"key":"SMITH"},{"floor":15,"key":"REST"}],"neow_cost":"NONE","seed_source_timestamp":2134325989675700,"circlet_count":0,"master_deck":["Strike_R","Strike_R","Strike_R","Strike_R","Strike_R","Defend_R","Defend_R","Defend_R","Bash","Sword Boomerang+1","Pommel Strike","Bloodletting+1","Brutality","Iron Wave+1","Armaments+1","Flex"],"relics":["Burning Blood","Anchor","Oddly Smooth Stone"],"potions_floor_usage":[7,7,7],"damage_taken":[{"damage":14,"enemies":"Small Slimes","floor":1,"turns":3},{"damage":7,"enemies":"2 Louse","floor":2,"turns":3},{"damage":6,"enemies":"Cultist","floor":3,"turns":3},{"damage":4,"enemies":"Gremlin Nob","floor":7,"turns":2},{"damage":64,"enemies":"Gremlin Gang","floor":14,"turns":6},{"damage":51,"enemies":"Slime Boss","floor":16,"turns":5}],"seed_played":"-2844359987293018553","potions_obtained":[{"floor":0,"key":"Poison Potion"},{"floor":0,"key":"Strength Potion"},{"floor":1,"key":"GamblersBrew"}],"is_trial":false,"path_per_floor":["M","M","M","$","?","R","E","R","T","$","R","?","R","M","R","B"],"character_chosen":"IRONCLAD","items_purchased":["Brutality","Armaments"],"campfire_rested":1,"item_purchase_floors":[4,10],"current_hp_per_floor":[72,71,71,71,76,76,78,78,78,78,78,78,78,20,45,0],"gold":18,"neow_bonus":"THREE_SMALL_POTIONS","is_prod":false,"is_daily":false,"chose_seed":false,"campfire_upgraded":4,"win_rate":0,"timestamp":1562788709,"path_taken":["M","M","M","$","?","R","E","R","T","$","R","?","R","M","R","BOSS"],"build_version":"2019-07-05","purchased_purges":1,"victory":false,"max_hp_per_floor":[80,80,80,80,85,85,85,85,85,85,85,85,85,85,85,85],"card_choices":[{"not_picked":["True Grit","Disarm"],"picked":"Sword Boomerang","floor":1},{"not_picked":["Shrug It Off","Clothesline"],"picked":"Pommel Strike","floor":2},{"not_picked":["Havoc","Corruption"],"picked":"Bloodletting","floor":3},{"not_picked":["Heavy Blade","Havoc"],"picked":"Iron Wave","floor":7},{"not_picked":["Anger","Immolate"],"picked":"Flex","floor":14}],"player_experience":639147,"relics_obtained":[{"floor":7,"key":"Anchor"},{"floor":9,"key":"Oddly Smooth Stone"}],"event_choices":[{"damage_healed":0,"gold_gain":0,"player_choice":"Donut","damage_taken":0,"max_hp_gain":5,"max_hp_loss":0,"event_name":"Big Fish","floor":5,"gold_loss":0},{"damage_healed":0,"gold_gain":0,"player_choice":"Left Gold","damage_taken":0,"max_hp_gain":0,"max_hp_loss":0,"event_name":"World of Goop","floor":12,"gold_loss":25}],"is_beta":false,"boss_relics":[],"items_purged_floors":[10],"is_endless":false,"potions_floor_spawned":[1,3],"killed_by":"Slime Boss","ascension_level":4}