{"gold_per_floor":[115,130,99,109,120,155,172,172,196,229,243,243,243,261,261,364,364,364,364,364,364,364,364,364,364,364,364,364,364,364,364,364,364,364,364,364,364,364,364,364,364,364,364,364,13,13,13,13,13,13],"floor_reached":51,"playtime":6505,"items_purged":["Defend_G"],"score":796,"play_id":"2347ad83-ba59-408b-b189-4adcb87c6657","local_time":"20190711221053","is_ascension_mode":true,"campfire_choices":[{"floor":8,"key":"REST"},{"floor":13,"key":"REST"},{"floor":15,"key":"REST"},{"data":"Burst","floor":23,"key":"SMITH"},{"floor":27,"key":"REST"},{"floor":29,"key":"REST"},{"floor":32,"key":"REST"},{"data":"Cloak And Dagger","floor":41,"key":"SMITH"},{"data":"Panache","floor":49,"key":"SMITH"}],"neow_cost":"CURSE","seed_source_timestamp":125123789292000,"circlet_count":0,"master_deck":["Strike_G","Strike_G","Strike_G","Strike_G","Strike_G","Defend_G","Defend_G","Defend_G","Defend_G","Survivor","Neutralize","Tools of the Trade","Dagger Throw","PiercingWail","Finisher","Infinite Blades","Distraction","Venomology","Terror","Cloak And Dagger+1","Bouncing Flask","Infinite Blades","Backflip","Blur","Sucker Punch","Burst+1","Caltrops","Dash","Footwork+1","Backflip+1","Footwork+1","Outmaneuver","Escape Plan","Acrobatics+1","Die Die Die","PiercingWail","Choke","Escape Plan+1","Cloak And Dagger","Adrenaline","Blur","Doppelganger","Quick Slash","Tools of the Trade","Underhanded Strike+1","Prepared+1","Die Die Die","Deflect+1","Well Laid Plans+1","Escape Plan+1","Panache+1","Well Laid Plans","Distraction+1","All Out Attack+1"],"relics":["Ring of the Snake","Prayer Wheel","Snake Skull","Dream Catcher","Ectoplasm","Centennial Puzzle","Happy Flower","FossilizedHelix","WristBlade","Bird Faced Urn","Calipers","Toxic Egg 2"],"potions_floor_usage":[10,10,11,20,22,22,24,24,28,33,38,39,40,42,50,50,50],"damage_taken":[{"damage":5,"enemies":"Jaw Worm","floor":1,"turns":5},{"damage":0,"enemies":"Small Slimes","floor":2,"turns":5},{"damage":0,"enemies":"2 Louse","floor":4,"turns":4},{"damage":5,"enemies":"Red Slaver","floor":5,"turns":4},{"damage":18,"enemies":"Gremlin Nob","floor":6,"turns":4},{"damage":4,"enemies":"2 Fungi Beasts","floor":7,"turns":5},{"damage":29,"enemies":"3 Sentries","floor":10,"turns":6},{"damage":14,"enemies":"Exordium Thugs","floor":11,"turns":11},{"damage":0,"enemies":"Exordium Wildlife","floor":14,"turns":5},{"damage":15,"enemies":"Hexaghost","floor":16,"turns":9},{"damage":4,"enemies":"Spheric Guardian","floor":18,"turns":5},{"damage":6,"enemies":"Shell Parasite","floor":19,"turns":5},{"damage":0,"enemies":"Centurion and Healer","floor":20,"turns":9},{"damage":5,"enemies":"Cultist and Chosen","floor":22,"turns":7},{"damage":20,"enemies":"Gremlin Leader","floor":24,"turns":7},{"damage":1,"enemies":"Chosen and Byrds","floor":25,"turns":5},{"damage":6,"enemies":"Centurion and Healer","floor":28,"turns":9},{"damage":13,"enemies":"Cultist and Chosen","floor":30,"turns":8},{"damage":22,"enemies":"Slavers","floor":31,"turns":6},{"damage":37,"enemies":"Collector","floor":33,"turns":9},{"damage":0,"enemies":"3 Shapes","floor":35,"turns":4},{"damage":10,"enemies":"Mind Bloom Boss Battle","floor":36,"turns":8},{"damage":3,"enemies":"3 Darklings","floor":38,"turns":8},{"damage":0,"enemies":"Transient","floor":39,"turns":5},{"damage":10,"enemies":"Giant Head","floor":40,"turns":9},{"damage":7,"enemies":"Spire Growth","floor":42,"turns":6},{"damage":10,"enemies":"Jaw Worm Horde","floor":44,"turns":5},{"damage":15,"enemies":"Sphere and 2 Shapes","floor":47,"turns":5},{"damage":16,"enemies":"Donu and Deca","floor":50,"turns":6}],"seed_played":"-2123363289257707702","potions_obtained":[{"floor":4,"key":"LiquidBronze"},{"floor":5,"key":"Explosive Potion"},{"floor":10,"key":"SpeedPotion"},{"floor":16,"key":"EssenceOfSteel"},{"floor":22,"key":"GamblersBrew"},{"floor":24,"key":"LiquidBronze"},{"floor":25,"key":"GhostInAJar"},{"floor":31,"key":"PowerPotion"},{"floor":36,"key":"GamblersBrew"},{"floor":38,"key":"Fruit Juice"},{"floor":39,"key":"Block Potion"}],"is_trial":false,"path_per_floor":["M","M","?","M","M","E","M","R","T","E","M","?","R","M","R","B",null,"M","M","M","?","M","R","E","M","T","R","M","R","M","E","R","B",null,"M","?","?","M","M","E","R","M","T","M","$","?","M","$","R","B",null],"character_chosen":"THE_SILENT","items_purchased":["Panache","Well Laid Plans","Distraction+1"],"campfire_rested":6,"item_purchase_floors":[45,45,45],"current_hp_per_floor":[65,65,65,65,60,42,38,59,59,30,16,16,37,37,58,43,70,66,60,60,60,55,55,35,34,34,55,49,70,57,35,56,19,70,70,60,60,75,75,65,65,70,70,68,68,68,65,65,65,67],"gold":13,"neow_bonus":"THREE_RARE_CARDS","is_prod":false,"is_daily":false,"chose_seed":false,"campfire_upgraded":3,"win_rate":0,"timestamp":1562908253,"path_taken":["M","M","?","M","M","E","M","R","T","E","M","?","R","M","R","BOSS","M","M","M","?","M","R","E","M","T","R","?","R","M","E","R","BOSS","M","?","?","M","M","E","R","M","T","?","$","?","M","$","R","BOSS"],"build_version":"2019-07-05","purchased_purges":1,"victory":true,"max_hp_per_floor":[70,70,70,70,70,70,70,70,70,70,70,70,70,70,70,70,70,70,70,70,70,70,70,70,70,70,70,70,70,70,70,70,70,70,70,70,70,75,75,75,75,75,75,75,75,75,75,75,75,75],"card_choices":[{"not_picked":["Glass Knife","A Thousand Cuts"],"picked":"Tools of the Trade","floor":0},{"not_picked":["Deflect","Dodge and Roll"],"picked":"Dagger Throw","floor":1},{"not_picked":["Deadly Poison","Quick Slash"],"picked":"PiercingWail","floor":2},{"not_picked":["Slice","Blade Dance"],"picked":"Finisher","floor":4},{"not_picked":["Flying Knee","Backstab"],"picked":"Infinite Blades","floor":5},{"not_picked":["Predator","Blade Dance"],"picked":"Distraction","floor":6},{"not_picked":["Bane","PiercingWail"],"picked":"Venomology","floor":7},{"not_picked":["Flechettes","Acrobatics"],"picked":"Terror","floor":7},{"not_picked":["Dagger Throw","Skewer"],"picked":"Cloak And Dagger","floor":10},{"not_picked":["Underhanded Strike","Reflex"],"picked":"Bouncing Flask","floor":11},{"not_picked":["All Out Attack","Blade Dance"],"picked":"Infinite Blades","floor":11},{"not_picked":["Flying Knee","Acrobatics"],"picked":"Backflip","floor":13},{"not_picked":["Bane","Dagger Throw"],"picked":"Blur","floor":14},{"not_picked":["Heel Hook","Dodge and Roll"],"picked":"Sucker Punch","floor":14},{"not_picked":["Adrenaline","Envenom"],"picked":"Burst","floor":16},{"not_picked":["Dodge and Roll","Dagger Throw"],"picked":"Caltrops","floor":18},{"not_picked":["Dodge and Roll","Dagger Throw+1"],"picked":"Dash","floor":18},{"not_picked":["PiercingWail","Expertise"],"picked":"Footwork+1","floor":19},{"not_picked":["Dagger Spray","Quick Slash"],"picked":"Backflip+1","floor":19},{"not_picked":["Poisoned Stab+1","Deadly Poison"],"picked":"Footwork+1","floor":20},{"not_picked":["Dagger Spray","Phantasmal Killer","Finisher"],"picked":"SKIP","floor":20},{"not_picked":["Flying Knee+1","Sucker Punch"],"picked":"Outmaneuver","floor":22},{"not_picked":["Terror","Dagger Throw+1"],"picked":"Escape Plan","floor":22},{"not_picked":["Riddle With Holes","Sucker Punch"],"picked":"Acrobatics+1","floor":24},{"not_picked":["Crippling Poison","Expertise+1"],"picked":"Die Die Die","floor":25},{"not_picked":["Dagger Spray+1","Poisoned Stab"],"picked":"PiercingWail","floor":25},{"not_picked":["Quick Slash","Calculated Gamble+1"],"picked":"Choke","floor":27},{"not_picked":["Backflip","Caltrops"],"picked":"Escape Plan+1","floor":28},{"not_picked":["Endless Agony+1","Riddle With Holes"],"picked":"Cloak And Dagger","floor":28},{"not_picked":["Poisoned Stab+1","Deadly Poison"],"picked":"Adrenaline","floor":29},{"not_picked":["Outmaneuver+1","Eviscerate"],"picked":"Blur","floor":30},{"not_picked":["Dodge and Roll","Backstab","PiercingWail"],"picked":"SKIP","floor":30},{"not_picked":["Deadly Poison+1","Crippling Poison+1"],"picked":"Doppelganger","floor":31},{"not_picked":["Outmaneuver+1","Dagger Throw"],"picked":"Quick Slash","floor":32},{"not_picked":["Doppelganger","Die Die Die"],"picked":"Tools of the Trade","floor":33},{"not_picked":["Slice","Flying Knee"],"picked":"Underhanded Strike+1","floor":35},{"not_picked":["Blade Dance","Poisoned Stab"],"picked":"Prepared+1","floor":35},{"not_picked":["PiercingWail","Blade Dance"],"picked":"Die Die Die","floor":38},{"not_picked":["Quick Slash","Caltrops+1","Flying Knee"],"picked":"SKIP","floor":38},{"not_picked":["Acrobatics+1","Deadly Poison"],"picked":"Deflect+1","floor":39},{"not_picked":["Riddle With Holes+1","Infinite Blades","Quick Slash"],"picked":"SKIP","floor":39},{"not_picked":["Bane","Prepared+1","PiercingWail"],"picked":"SKIP","floor":40},{"not_picked":["Blur+1","Skewer"],"picked":"Well Laid Plans+1","floor":42},{"not_picked":["Masterful Stab+1","Blade Dance"],"picked":"Escape Plan+1","floor":42},{"not_picked":["Sucker Punch+1","Masterful Stab+1","Quick Slash"],"picked":"SKIP","floor":44},{"not_picked":["Blade Dance+1","Backstab","Acrobatics+1"],"picked":"SKIP","floor":44},{"not_picked":["Caltrops","Flying Knee+1"],"picked":"All Out Attack+1","floor":47},{"not_picked":["Dagger Throw+1","Backflip+1","PiercingWail+1"],"picked":"SKIP","floor":47}],"player_experience":59352,"relics_obtained":[{"floor":6,"key":"Prayer Wheel"},{"floor":9,"key":"Snake Skull"},{"floor":10,"key":"Dream Catcher"},{"floor":24,"key":"Centennial Puzzle"},{"floor":26,"key":"Happy Flower"},{"floor":31,"key":"FossilizedHelix"},{"floor":36,"key":"Bird Faced Urn"},{"floor":40,"key":"Calipers"},{"floor":43,"key":"Toxic Egg 2"}],"event_choices":[{"damage_healed":0,"gold_gain":0,"player_choice":"Left Gold","damage_taken":0,"max_hp_gain":0,"max_hp_loss":0,"event_name":"World of Goop","floor":3,"gold_loss":31},{"damage_healed":0,"gold_gain":0,"player_choice":"Ignored","damage_taken":0,"max_hp_gain":0,"max_hp_loss":0,"event_name":"Golden Idol","floor":12,"gold_loss":0},{"damage_healed":0,"gold_gain":0,"player_choice":"Bought 0 Potions","damage_taken":0,"max_hp_gain":0,"max_hp_loss":0,"event_name":"The Woman in Blue","floor":21,"gold_loss":0},{"damage_healed":0,"gold_gain":0,"player_choice":"Fight","damage_taken":0,"max_hp_gain":0,"max_hp_loss":0,"event_name":"MindBloom","floor":36,"gold_loss":0},{"cards_removed":["Writhe"],"damage_healed":0,"gold_gain":0,"player_choice":"Purged","damage_taken":0,"max_hp_gain":0,"max_hp_loss":0,"event_name":"Purifier","floor":37,"gold_loss":0},{"damage_healed":0,"gold_gain":0,"player_choice":"Ignored","damage_taken":0,"max_hp_gain":0,"max_hp_loss":0,"event_name":"Mysterious Sphere","floor":46,"gold_loss":0}],"is_beta":false,"boss_relics":[{"not_picked":["Cursed Key","Orrery"],"picked":"Ectoplasm"},{"not_picked":["Black Star","Coffee Dripper"],"picked":"WristBlade"}],"items_purged_floors":[45],"is_endless":false,"potions_floor_spawned":[4,5,10,16,20,22,24,25,30,31,36,38,39,47],"ascension_level":1}