{"gold_per_floor":[16,35,0,0,0,27,38,38,38,38],"floor_reached":10,"playtime":558,"items_purged":[],"score":132,"play_id":"3ff80ac5-4818-48fe-9796-229013fda3ce","local_time":"20190402011057","is_ascension_mode":true,"campfire_choices":[{"data":"Warcry","floor":8,"key":"SMITH"}],"neow_cost":"NO_GOLD","seed_source_timestamp":1509779011636434,"circlet_count":0,"master_deck":["AscendersBane","Strike_R","Strike_R","Strike_R","Strike_R","Strike_R","Defend_R","Defend_R","Defend_R","Defend_R","Bash","Bludgeon","Warcry+1","Seeing Red","Seeing Red"],"relics":["Burning Blood","Blue Candle","Pantograph","Blood Vial","Matryoshka"],"potions_floor_usage":[10],"damage_taken":[{"damage":14,"enemies":"Small Slimes","floor":1,"turns":3},{"damage":4,"enemies":"2 Louse","floor":2,"turns":3},{"damage":30,"enemies":"Lagavulin","floor":6,"turns":7},{"damage":7,"enemies":"Jaw Worm","floor":7,"turns":2},{"damage":32,"enemies":"Gremlin Nob","floor":10,"turns":4}],"seed_played":"4542414399996675755","potions_obtained":[{"floor":2,"key":"EssenceOfSteel"},{"floor":6,"key":"Dexterity Potion"}],"is_trial":false,"path_per_floor":["M","M","?","?","T","E","M","R","T","E"],"character_chosen":"IRONCLAD","items_purchased":[],"campfire_rested":0,"item_purchase_floors":[],"current_hp_per_floor":[60,62,75,57,57,33,34,34,34,4],"gold":38,"neow_bonus":"THREE_RARE_CARDS","is_prod":false,"is_daily":false,"chose_seed":false,"campfire_upgraded":1,"win_rate":0,"timestamp":1554192657,"path_taken":["M","M","?","?","?","E","M","R","T","E"],"build_version":"2019-01-23","purchased_purges":0,"victory":false,"max_hp_per_floor":[75,75,75,75,75,75,75,75,75,75],"card_choices":[{"not_picked":["Double Tap","Limit Break"],"picked":"Bludgeon","floor":0},{"not_picked":["Iron Wave","Sentinel"],"picked":"Warcry","floor":1},{"not_picked":["Flex","Warcry"],"picked":"Seeing Red","floor":2},{"not_picked":["Rage","Dual Wield","Body Slam"],"picked":"SKIP","floor":6},{"not_picked":["Rage","Dual Wield","Body Slam"],"picked":"SKIP","floor":6},{"not_picked":["True Grit","Body Slam"],"picked":"Seeing Red","floor":7}],"player_experience":809213,"relics_obtained":[{"floor":5,"key":"Pantograph"},{"floor":6,"key":"Blood Vial"},{"floor":9,"key":"Matryoshka"}],"event_choices":[{"damage_healed":18,"gold_gain":0,"player_choice":"Healed","damage_taken":0,"max_hp_gain":0,"max_hp_loss":0,"event_name":"The Cleric","floor":3,"gold_loss":35},{"damage_healed":0,"gold_gain":0,"player_choice":"Success","damage_taken":18,"relics_obtained":["Blue Candle"],"max_hp_gain":0,"max_hp_loss":0,"event_name":"Scrap Ooze","floor":4,"gold_loss":0}],"is_beta":false,"boss_relics":[],"items_purged_floors":[],"is_endless":false,"potions_floor_spawned":[2,6],"killed_by":"Gremlin Nob","ascension_level":20}