{"gold_per_floor":[10,24,24,24,24,51,64,64,64,78,78,93,93],"floor_reached":13,"playtime":2494,"items_purged":[],"score":89,"play_id":"8df701f6-b514-4553-a888-4b971af1846a","local_time":"20190709002612","is_ascension_mode":true,"campfire_choices":[{"floor":8,"key":"REST"},{"floor":11,"key":"REST"}],"neow_cost":"NO_GOLD","seed_source_timestamp":308428094430364,"circlet_count":0,"master_deck":["theSenshi:SailorKick","theSenshi:SailorKick","theSenshi:SailorKick","theSenshi:SailorBlock","theSenshi:SailorBlock","theSenshi:SailorBlock","theSenshi:SailorBlock","theSenshi:RoseThrow+1","theSenshi:MoonPrismPowerMakeUp","theSenshi:ChibiMoonsLove","theSenshi:EncouragingSpeech","theSenshi:StudyParty+1","theSenshi:MoonTiaraMagic","theSenshi:InTheNickOfTime"],"relics":["theSenshi:TransformationBroochRelic","Frozen Egg 2","The Courier"],"potions_floor_usage":[13],"damage_taken":[{"damage":0,"enemies":"Cultist","floor":1,"turns":3},{"damage":4,"enemies":"2 Louse","floor":2,"turns":6},{"damage":69,"enemies":"Gremlin Nob","floor":6,"turns":7},{"damage":10,"enemies":"Small Slimes","floor":7,"turns":6},{"damage":26,"enemies":"3 Louse","floor":10,"turns":5},{"damage":22,"enemies":"Large Slime","floor":12,"turns":10},{"damage":35,"enemies":"The Mushroom Lair","floor":13,"turns":2}],"seed_played":"-6536011393986042983","potions_obtained":[{"floor":6,"key":"Ancient Potion"},{"floor":7,"key":"Strength Potion"},{"floor":12,"key":"LiquidBronze"}],"is_trial":false,"path_per_floor":["M","M","?","$","?","E","M","R","T","M","R","M","?"],"character_chosen":"THE_SENSHI","items_purchased":[],"campfire_rested":2,"item_purchase_floors":[],"current_hp_per_floor":[75,75,75,75,75,6,6,28,28,12,34,22,0],"gold":93,"neow_bonus":"THREE_RARE_CARDS","is_prod":false,"is_daily":false,"chose_seed":false,"campfire_upgraded":0,"win_rate":1,"timestamp":1562646372,"path_taken":["M","M","?","$","?","E","M","R","T","M","R","?","?"],"build_version":"2019-07-05","purchased_purges":0,"victory":false,"max_hp_per_floor":[75,75,75,75,75,75,75,75,75,75,75,75,75],"card_choices":[{"not_picked":["theSenshi:SailorStarHealerAssists","theSenshi:FatedKiss"],"picked":"theSenshi:ChibiMoonsLove","floor":0},{"not_picked":["theSenshi:MoonPower","theSenshi:SupersonicWaves","theSenshi:LunaWiseMentor"],"picked":"SKIP","floor":1},{"not_picked":["theSenshi:SailorVenusAssists","theSenshi:SailorNeptuneAssists"],"picked":"theSenshi:EncouragingSpeech","floor":2},{"not_picked":["theSenshi:GatheringStrength","theSenshi:NeptunesGrace"],"picked":"theSenshi:StudyParty","floor":6},{"not_picked":["theSenshi:TallSilhouette","theSenshi:TuxedoSmokingBomber"],"picked":"theSenshi:MoonTiaraMagic","floor":7},{"not_picked":["theSenshi:MoonPower","theSenshi:LunasBite","theSenshi:DramaticEntrance"],"picked":"SKIP","floor":10},{"not_picked":["theSenshi:MercurysCunning","theSenshi:LunaWiseMentor"],"picked":"theSenshi:InTheNickOfTime","floor":12}],"player_experience":230577,"relics_obtained":[{"floor":6,"key":"Frozen Egg 2"},{"floor":9,"key":"The Courier"}],"event_choices":[{"damage_healed":0,"gold_gain":0,"player_choice":"Grow","damage_taken":0,"max_hp_gain":0,"max_hp_loss":0,"event_name":"Living Wall","floor":3,"gold_loss":0,"cards_upgraded":["theSenshi:RoseThrow"]},{"cards_removed":["theSenshi:SailorKick"],"damage_healed":0,"gold_gain":0,"player_choice":"Purged","damage_taken":0,"max_hp_gain":0,"max_hp_loss":0,"event_name":"Purifier","floor":5,"gold_loss":0},{"damage_healed":0,"gold_gain":0,"player_choice":"Fought Mushrooms","damage_taken":0,"max_hp_gain":0,"max_hp_loss":0,"event_name":"Mushrooms","floor":13,"gold_loss":0}],"is_beta":false,"boss_relics":[],"items_purged_floors":[],"is_endless":false,"potions_floor_spawned":[6,7,12],"killed_by":"The Mushroom Lair","ascension_level":1}