{"gold_per_floor":[217,217,236,236,69,69,99,99,99,99,99,116,150,22,22,119,119,130,149,91,91,102,137,137,150,222,222,236,268,284,297,297,297],"floor_reached":33,"playtime":1978,"items_purged":["Strike_R"],"score":354,"play_id":"8bf13a6f-224a-48db-84ce-4355accf4d76","local_time":"20190711191546","is_ascension_mode":true,"campfire_choices":[{"data":"Bloodletting","floor":6,"key":"SMITH"},{"data":"Juggernaut","floor":8,"key":"SMITH"},{"data":"Rampage","floor":15,"key":"SMITH"},{"data":"Body Slam","floor":24,"key":"SMITH"},{"data":"Shockwave","floor":32,"key":"SMITH"}],"neow_cost":"NONE","seed_source_timestamp":1963972157511221,"circlet_count":0,"master_deck":["Strike_R","Strike_R","Strike_R","Defend_R","Defend_R","Defend_R+1","Defend_R","Bash","Headbutt","Juggernaut+1","Bloodletting+1","True Grit","Carnage+1","Shockwave+1","Ghostly Armor","Rampage+1","Feel No Pain+1","Feel No Pain+1","Berserk+1","Armaments+1","Flame Barrier","Whirlwind","Anger","Body Slam+1","Disarm","Brutality+1","Clothesline"],"relics":["Burning Blood","The Courier","Frozen Egg 2","Meat on the Bone","Gremlin Horn","Philosopher\u0027s Stone","Smiling Mask","Bottled Tornado","Ornamental Fan"],"potions_floor_usage":[23,23,28,31,33],"damage_taken":[{"damage":7,"enemies":"Jaw Worm","floor":1,"turns":3},{"damage":6,"enemies":"Cultist","floor":3,"turns":4},{"damage":40,"enemies":"Gremlin Nob","floor":7,"turns":5},{"damage":0,"enemies":"Small Slimes","floor":12,"turns":3},{"damage":13,"enemies":"3 Sentries","floor":13,"turns":6},{"damage":31,"enemies":"The Guardian","floor":16,"turns":11},{"damage":18,"enemies":"Shell Parasite","floor":18,"turns":6},{"damage":7,"enemies":"Chosen","floor":19,"turns":6},{"damage":30,"enemies":"3 Cultists","floor":22,"turns":5},{"damage":52,"enemies":"Book of Stabbing","floor":23,"turns":7},{"damage":6,"enemies":"Centurion and Healer","floor":25,"turns":7},{"damage":22,"enemies":"Snake Plant","floor":28,"turns":4},{"damage":27,"enemies":"Gremlin Leader","floor":29,"turns":6},{"damage":18,"enemies":"Snecko","floor":30,"turns":6},{"damage":5,"enemies":"Centurion and Healer","floor":31,"turns":5},{"damage":45,"enemies":"Collector","floor":33,"turns":7}],"seed_played":"-1903909245800570800","potions_obtained":[{"floor":1,"key":"Strength Potion"},{"floor":13,"key":"GamblersBrew"},{"floor":19,"key":"GamblersBrew"},{"floor":25,"key":"SteroidPotion"},{"floor":28,"key":"FearPotion"},{"floor":29,"key":"Weak Potion"},{"floor":31,"key":"Ancient Potion"}],"is_trial":false,"path_per_floor":["M","?","M","?","$","R","E","R","T","?","?","M","E","$","R","B",null,"M","M","$","?","M","E","R","M","T","?","M","E","M","M","R","B"],"character_chosen":"IRONCLAD","items_purchased":["True Grit","Carnage","Feel No Pain+1","Feel No Pain+1","Whirlwind"],"campfire_rested":0,"item_purchase_floors":[5,5,14,14,20],"current_hp_per_floor":[79,79,79,84,84,84,50,50,50,33,33,51,56,56,56,43,85,73,72,72,72,60,26,26,38,38,38,34,25,25,38,38,0],"gold":297,"neow_bonus":"HUNDRED_GOLD","is_prod":false,"is_daily":false,"chose_seed":false,"campfire_upgraded":5,"win_rate":0,"timestamp":1562897746,"path_taken":["M","?","?","?","$","R","E","R","T","?","?","?","E","$","R","BOSS","M","M","$","?","?","E","R","M","T","?","M","E","M","M","R","BOSS"],"build_version":"2019-07-05","purchased_purges":1,"victory":false,"max_hp_per_floor":[80,80,80,85,85,85,85,85,85,85,85,85,85,85,85,85,85,85,85,85,85,85,85,85,85,85,85,85,85,85,85,85,85],"card_choices":[{"not_picked":["Thunderclap","Warcry"],"picked":"Headbutt","floor":1},{"not_picked":["Heavy Blade","Thunderclap"],"picked":"Bloodletting","floor":3},{"not_picked":["Pommel Strike","Armaments"],"picked":"Shockwave","floor":7},{"not_picked":["Flex","Rampage"],"picked":"Ghostly Armor","floor":12},{"not_picked":["Shrug It Off","Sever Soul"],"picked":"Rampage","floor":13},{"not_picked":["Demon Form+1","Juggernaut+1"],"picked":"Berserk+1","floor":16},{"not_picked":["Heavy Blade+1","Pommel Strike"],"picked":"Armaments+1","floor":18},{"not_picked":["Pommel Strike","Battle Trance"],"picked":"Flame Barrier","floor":19},{"not_picked":["Warcry","Headbutt"],"picked":"Body Slam","floor":22},{"not_picked":["Whirlwind","Iron Wave","Rage+1"],"picked":"SKIP","floor":23},{"not_picked":["Bloodletting","Thunderclap","Heavy Blade+1"],"picked":"SKIP","floor":25},{"not_picked":["Clothesline+1","Warcry"],"picked":"Disarm","floor":28},{"not_picked":["Whirlwind","Warcry+1"],"picked":"Brutality+1","floor":29},{"not_picked":["Dropkick+1","Thunderclap","Twin Strike"],"picked":"SKIP","floor":30},{"not_picked":["Heavy Blade+1","Thunderclap+1"],"picked":"Clothesline","floor":31}],"player_experience":268625,"relics_obtained":[{"floor":7,"key":"The Courier"},{"floor":9,"key":"Frozen Egg 2"},{"floor":13,"key":"Gremlin Horn"},{"floor":23,"key":"Smiling Mask"},{"floor":26,"key":"Bottled Tornado"},{"floor":29,"key":"Ornamental Fan"}],"event_choices":[{"damage_healed":0,"gold_gain":0,"player_choice":"1 cards matched","damage_taken":0,"max_hp_gain":0,"max_hp_loss":0,"event_name":"Match and Keep!","floor":2,"gold_loss":0,"cards_obtained":["Juggernaut"]},{"damage_healed":0,"gold_gain":0,"player_choice":"Donut","damage_taken":0,"max_hp_gain":5,"max_hp_loss":0,"event_name":"Big Fish","floor":4,"gold_loss":0},{"damage_healed":0,"gold_gain":0,"player_choice":"Entered Light","damage_taken":17,"max_hp_gain":0,"max_hp_loss":0,"event_name":"Shining Light","floor":10,"gold_loss":0,"cards_upgraded":["Defend_R","Carnage"]},{"damage_healed":0,"gold_gain":0,"player_choice":"Gave Potion","damage_taken":0,"relics_obtained":["Meat on the Bone"],"max_hp_gain":0,"max_hp_loss":0,"event_name":"WeMeetAgain","floor":11,"gold_loss":0},{"damage_healed":0,"gold_gain":0,"cards_transformed":["Strike_R"],"player_choice":"Transformed","damage_taken":0,"max_hp_gain":0,"max_hp_loss":0,"event_name":"Transmorgrifier","floor":21,"gold_loss":0,"cards_obtained":["Anger"]},{"damage_healed":0,"gold_gain":0,"player_choice":"Ignored","damage_taken":0,"max_hp_gain":0,"max_hp_loss":0,"event_name":"Ghosts","floor":27,"gold_loss":0}],"is_beta":false,"boss_relics":[{"not_picked":["Black Star","Sozu"],"picked":"Philosopher\u0027s Stone"}],"items_purged_floors":[5],"is_endless":false,"potions_floor_spawned":[1,13,19,25,28,29,31],"killed_by":"Collector","ascension_level":4}