{"gold_per_floor":[113,130,141,141,157,157,188,205,289,289,308,233,301,317,317,317],"floor_reached":16,"playtime":737,"items_purged":["Strike_B"],"score":104,"play_id":"c7e94d11-c3c8-4d18-adf0-74f1bba2db6f","local_time":"20180722135157","is_ascension_mode":false,"campfire_choices":[{"data":"Barrage","floor":6,"key":"SMITH"},{"floor":10,"key":"REST"},{"floor":15,"key":"REST"}],"neow_cost":"NONE","seed_source_timestamp":912569029183162,"circlet_count":0,"master_deck":["Strike_B","Strike_B","Defend_B","Defend_B","Defend_B","Defend_B","Zap","Dualcast","Doom and Gloom","Barrage+1","Redo","Capacitor","Tempest","Barrage"],"relics":["Cracked Core","Potion Belt","Tiny Chest","Bottled Tornado"],"potions_floor_usage":[7,8,8],"damage_taken":[{"damage":0,"enemies":"Cultist","floor":1,"turns":4},{"damage":6,"enemies":"Jaw Worm","floor":2,"turns":3},{"damage":12,"enemies":"2 Louse","floor":3,"turns":2},{"damage":10,"enemies":"Looter","floor":5,"turns":3},{"damage":30,"enemies":"Gremlin Nob","floor":7,"turns":4},{"damage":8,"enemies":"Large Slime","floor":8,"turns":6},{"damage":11,"enemies":"Exordium Thugs","floor":11,"turns":4},{"damage":11,"enemies":"Red Slaver","floor":14,"turns":4},{"damage":35,"enemies":"Slime Boss","floor":16,"turns":3}],"seed_played":"8232486782995363730","potions_obtained":[{"floor":3,"key":"SpeedPotion"},{"floor":5,"key":"Weak Potion"},{"floor":7,"key":"PowerPotion"},{"floor":8,"key":"AttackPotion"}],"is_trial":false,"path_per_floor":["M","M","M","?","M","R","E","M","T","R","M","$","T","M","R"],"character_chosen":"DEFECT","items_purchased":[],"campfire_rested":2,"item_purchase_floors":[],"current_hp_per_floor":[75,69,57,50,40,40,10,2,2,24,13,13,13,2,24,0],"gold":317,"neow_bonus":"THREE_CARDS","is_prod":false,"is_daily":false,"chose_seed":false,"campfire_upgraded":1,"win_rate":0.0,"timestamp":1532292717,"path_taken":["M","M","?","?","M","R","E","?","T","R","M","$","?","M","R","BOSS"],"build_version":"2018-07-19v2","purchased_purges":1,"victory":false,"max_hp_per_floor":[75,75,75,75,75,75,75,75,75,75,75,75,75,75,75,75],"card_choices":[{"not_picked":["Hologram","Sweeping Beam"],"picked":"Doom and Gloom","floor":0},{"not_picked":["Compile Driver","Ball Lightning","White Noise"],"picked":"SKIP","floor":1},{"not_picked":["Lockon","Steam Power","Force Field"],"picked":"SKIP","floor":2},{"not_picked":["Storm","Steam Power"],"picked":"Barrage","floor":3},{"not_picked":["Reprogram","Steam"],"picked":"Redo","floor":5},{"not_picked":["Redo","Coolheaded"],"picked":"Capacitor","floor":7},{"not_picked":["BootSequence","Loop"],"picked":"Tempest","floor":8},{"not_picked":["Cold Snap","Hologram"],"picked":"Barrage","floor":11},{"not_picked":["Conserve Battery","Auto Shields","Stack"],"picked":"SKIP","floor":14}],"player_experience":32008,"relics_obtained":[{"floor":7,"key":"Potion Belt"},{"floor":9,"key":"Tiny Chest"},{"floor":13,"key":"Bottled Tornado"}],"event_choices":[{"event_name":"Golden Wing","player_choice":"Card Removal","floor":4,"damage_taken":0}],"is_beta":false,"boss_relics":[],"items_purged_floors":[12],"is_endless":false,"potions_floor_spawned":[3,5,7,8],"killed_by":"Slime Boss","ascension_level":0}