{"gold_per_floor":[112,62,35,35,35,35,68,84,84,84,112,181,181,209,209,209],"floor_reached":16,"playtime":465,"items_purged":[],"score":219,"play_id":"a801d416-e198-4ae5-a33e-1caebfdd08dd","local_time":"20190704132035","is_ascension_mode":true,"campfire_choices":[{"data":"Sunder","floor":6,"key":"SMITH"},{"data":"Dualcast","floor":10,"key":"SMITH"},{"floor":13,"key":"REST"},{"floor":15,"key":"REST"}],"neow_cost":"NONE","seed_source_timestamp":586109913618260,"circlet_count":0,"master_deck":["AscendersBane","Strike_B","Strike_B","Strike_B","Defend_B","Defend_B","Defend_B","Defend_B","Zap+1","Dualcast+1","Sunder+1","Gash","Steam","Barrage","Consume+1","Genetic Algorithm+1"],"relics":["Cracked Core","Mango","Toxic Egg 2","Prayer Wheel","Singing Bowl","Lantern"],"potions_floor_usage":[14,16],"damage_taken":[{"damage":8,"enemies":"Jaw Worm","floor":1,"turns":4},{"damage":30,"enemies":"Lagavulin","floor":7,"turns":5},{"damage":7,"enemies":"Small Slimes","floor":8,"turns":3},{"damage":34,"enemies":"Gremlin Nob","floor":11,"turns":4},{"damage":24,"enemies":"3 Sentries","floor":14,"turns":6},{"damage":39,"enemies":"Hexaghost","floor":16,"turns":7}],"seed_played":"-7762992395115433195","potions_obtained":[{"floor":7,"key":"SneckoOil"},{"floor":11,"key":"Poison Potion"},{"floor":14,"key":"FearPotion"}],"is_trial":false,"path_per_floor":["M","?","$","?","?","R","E","M","T","R","E","T","R","E","R","B"],"character_chosen":"DEFECT","items_purchased":["Gash"],"campfire_rested":2,"item_purchase_floors":[3],"current_hp_per_floor":[56,56,56,61,61,61,45,38,38,38,4,4,31,7,34,0],"gold":209,"neow_bonus":"UPGRADE_CARD","is_prod":false,"is_daily":false,"chose_seed":false,"campfire_upgraded":2,"win_rate":0,"timestamp":1562271635,"path_taken":["M","?","$","?","?","R","E","M","T","R","E","?","R","E","R","BOSS"],"build_version":"2019-07-01","purchased_purges":0,"victory":false,"max_hp_per_floor":[71,71,71,76,76,76,90,90,90,90,90,90,90,90,90,90],"card_choices":[{"not_picked":["Leap","Coolheaded"],"picked":"Sunder","floor":1},{"not_picked":["White Noise","Cold Snap"],"picked":"Steam","floor":7},{"not_picked":["Heatsinks","Streamline"],"picked":"Barrage","floor":8},{"not_picked":["Cold Snap","Ball Lightning"],"picked":"Consume+1","floor":11},{"not_picked":["Stack+1","Steam+1"],"picked":"Genetic Algorithm+1","floor":14}],"player_experience":1403241,"relics_obtained":[{"floor":7,"key":"Mango"},{"floor":9,"key":"Toxic Egg 2"},{"floor":11,"key":"Prayer Wheel"},{"floor":12,"key":"Singing Bowl"},{"floor":14,"key":"Lantern"}],"event_choices":[{"cards_removed":["Strike_B"],"damage_healed":0,"gold_gain":0,"player_choice":"Card Removal","damage_taken":0,"max_hp_gain":0,"max_hp_loss":0,"event_name":"The Cleric","floor":2,"gold_loss":50},{"damage_healed":0,"gold_gain":0,"player_choice":"Donut","damage_taken":0,"max_hp_gain":5,"max_hp_loss":0,"event_name":"Big Fish","floor":4,"gold_loss":0},{"damage_healed":0,"gold_gain":0,"player_choice":"Ignored","damage_taken":0,"max_hp_gain":0,"max_hp_loss":0,"event_name":"Liars Game","floor":5,"gold_loss":0}],"is_beta":false,"boss_relics":[],"items_purged_floors":[],"is_endless":false,"potions_floor_spawned":[7,11,14],"killed_by":"Hexaghost","ascension_level":14}