{"gold_per_floor":[119,136,147,97,172,172,207,226,308,325,325,345,345,371,371,371],"floor_reached":16,"playtime":825,"items_purged":[],"score":134,"play_id":"ee0bcc90-18fb-4396-8ccc-df7246199e48","local_time":"20190709181600","is_ascension_mode":true,"campfire_choices":[{"data":"Bash","floor":6,"key":"SMITH"},{"data":"True Grit","floor":11,"key":"SMITH"},{"data":"Bludgeon","floor":15,"key":"SMITH"}],"neow_cost":"NONE","seed_source_timestamp":1788738646502203,"circlet_count":0,"master_deck":["Strike_R","Strike_R","Strike_R","Defend_R","Defend_R","Defend_R","Bash+1","Clothesline","Pummel","Shrug It Off","Bludgeon+1","True Grit+1","Immolate+1"],"relics":["Burning Blood","Bird Faced Urn","Molten Egg 2","Centennial Puzzle"],"potions_floor_usage":[16,16],"damage_taken":[{"damage":11,"enemies":"Jaw Worm","floor":1,"turns":4},{"damage":1,"enemies":"2 Louse","floor":2,"turns":3},{"damage":4,"enemies":"Cultist","floor":3,"turns":3},{"damage":23,"enemies":"Gremlin Nob","floor":7,"turns":5},{"damage":26,"enemies":"Exordium Wildlife","floor":8,"turns":4},{"damage":1,"enemies":"Exordium Thugs","floor":10,"turns":4},{"damage":0,"enemies":"Looter","floor":12,"turns":4},{"damage":21,"enemies":"3 Sentries","floor":14,"turns":9},{"damage":36,"enemies":"Hexaghost","floor":16,"turns":10}],"seed_played":"-1055654501195805362","potions_obtained":[{"floor":1,"key":"EssenceOfSteel"},{"floor":7,"key":"SpeedPotion"},{"floor":8,"key":"Energy Potion"}],"is_trial":false,"path_per_floor":["M","M","M","?","?","R","E","M","T","M","R","M","?","E","R","B"],"character_chosen":"IRONCLAD","items_purchased":[],"campfire_rested":0,"item_purchase_floors":[],"current_hp_per_floor":[75,80,80,80,72,72,55,35,35,40,40,46,46,31,31,0],"gold":371,"neow_bonus":"REMOVE_CARD","is_prod":false,"is_daily":false,"chose_seed":false,"campfire_upgraded":3,"win_rate":0,"timestamp":1562721360,"path_taken":["M","M","M","?","?","R","E","M","T","M","R","?","?","E","R","BOSS"],"build_version":"2019-07-05","purchased_purges":0,"victory":false,"max_hp_per_floor":[80,80,80,80,80,80,80,80,80,80,80,80,80,80,80,80],"card_choices":[{"not_picked":["Disarm","Wild Strike"],"picked":"Clothesline","floor":1},{"not_picked":["Warcry","Sever Soul"],"picked":"Pummel","floor":2},{"not_picked":["Dropkick","Wild Strike"],"picked":"Shrug It Off","floor":3},{"not_picked":["Body Slam","Intimidate"],"picked":"Bludgeon","floor":7},{"not_picked":["Dropkick","Wild Strike","Thunderclap"],"picked":"SKIP","floor":8},{"not_picked":["Reckless Charge+1","Twin Strike+1"],"picked":"True Grit","floor":10},{"not_picked":["Sword Boomerang+1","Havoc","Warcry"],"picked":"SKIP","floor":12},{"not_picked":["Pommel Strike+1","Flex"],"picked":"Immolate+1","floor":14}],"player_experience":262204,"relics_obtained":[{"floor":7,"key":"Bird Faced Urn"},{"floor":9,"key":"Molten Egg 2"},{"floor":14,"key":"Centennial Puzzle"}],"event_choices":[{"cards_removed":["Defend_R"],"damage_healed":0,"gold_gain":0,"player_choice":"Card Removal","damage_taken":0,"max_hp_gain":0,"max_hp_loss":0,"event_name":"The Cleric","floor":4,"gold_loss":50},{"damage_healed":0,"gold_gain":75,"player_choice":"Touch","damage_taken":8,"max_hp_gain":0,"max_hp_loss":0,"event_name":"FaceTrader","floor":5,"gold_loss":0},{"cards_removed":["Strike_R"],"damage_healed":0,"gold_gain":0,"player_choice":"Purged","damage_taken":0,"max_hp_gain":0,"max_hp_loss":0,"event_name":"Purifier","floor":13,"gold_loss":0}],"is_beta":false,"boss_relics":[],"items_purged_floors":[],"is_endless":false,"potions_floor_spawned":[1,7,8,12],"killed_by":"Hexaghost","ascension_level":4}