{"gold_per_floor":[213,11,29,29,48,48,48,48,48,60,91,103,145,177,189,279,291,316,328,353,393,424,462,474,510,545,567,579,617,642,680,692,704],"floor_reached":33,"playtime":3702,"items_purged":[],"score":542,"play_id":"67b198c8-ae22-4457-a07c-7e0b7736517e","local_time":"20190712141425","is_ascension_mode":true,"campfire_choices":[{"data":"Zap","floor":6.0,"key":"SMITH"},{"floor":12.0,"key":"REST"},{"floor":15.0,"key":"REST"},{"floor":24.0,"key":"REST"},{"floor":28,"key":"REST"},{"floor":32,"key":"REST"}],"neow_cost":"NONE","seed_source_timestamp":0,"circlet_count":0,"master_deck":["AscendersBane","Zap+1","Dualcast","Streamline","Ball Lightning","Reinforced Body","Conserve Battery","Steam","Hyperbeam","Genetic Algorithm","Chill","Reinforced Body","Reprogram","FTL","Lockon","Heatsinks","Glacier","Sweeping Beam","Fusion","Hologram","Echo Form","Glacier","FTL+1","Self Repair","Capacitor"],"special_seed":0,"relics":["Cracked Core","DataDisk","Ice Cream","PreservedInsect","Centennial Puzzle","MawBank","Dream Catcher","Pandora\u0027s Box","Blood Vial","Oddly Smooth Stone","Boot","Dodecahedron"],"potions_floor_usage":[],"damage_taken":[{"damage":1.0,"enemies":"2 Louse","floor":1.0,"turns":2.0},{"damage":6.0,"enemies":"Cultist","floor":3.0,"turns":3.0},{"damage":7.0,"enemies":"Jaw Worm","floor":5.0,"turns":2.0},{"damage":7.0,"enemies":"Large Slime","floor":10.0,"turns":4.0},{"damage":15.0,"enemies":"Lagavulin","floor":11.0,"turns":4.0},{"damage":16.0,"enemies":"Gremlin Nob","floor":13.0,"turns":3.0},{"damage":1.0,"enemies":"Looter","floor":14.0,"turns":4.0},{"damage":33.0,"enemies":"Slime Boss","floor":16.0,"turns":7.0},{"damage":0.0,"enemies":"3 Byrds","floor":18.0,"turns":7.0},{"damage":0.0,"enemies":"Spheric Guardian","floor":20.0,"turns":5.0},{"damage":0.0,"enemies":"3 Cultists","floor":21.0,"turns":3.0},{"damage":0.0,"enemies":"Snecko","floor":22.0,"turns":9.0},{"damage":27.0,"enemies":"Slavers","floor":23.0,"turns":2.0},{"damage":27.0,"enemies":"Shelled Parasite and Fungi","floor":25.0,"turns":7.0},{"damage":0,"enemies":"Centurion and Healer","floor":27,"turns":8},{"damage":15,"enemies":"Book of Stabbing","floor":29,"turns":4},{"damage":2,"enemies":"3 Cultists","floor":30,"turns":3},{"damage":28,"enemies":"Gremlin Leader","floor":31,"turns":7},{"damage":68,"enemies":"Champ","floor":33,"turns":17}],"seed_played":"3697808597174152640","potions_obtained":[{"floor":1.0,"key":"Poison Potion"},{"floor":3.0,"key":"EntropicBrew"},{"floor":5.0,"key":"Dexterity Potion"},{"floor":13.0,"key":"Regen Potion"},{"floor":20.0,"key":"Fruit Juice"},{"floor":23.0,"key":"Poison Potion"},{"floor":29,"key":"Energy Potion"},{"floor":30,"key":"SteroidPotion"}],"is_trial":false,"path_per_floor":["M","$","M","$","M","R","?","?","T","M","E","R","E","M","R","B",null,"M","?","M","M","M","E","R","M","T","M","R","E","M","E","R","B"],"character_chosen":"DEFECT","items_purchased":["DataDisk","Streamline"],"campfire_rested":5,"item_purchase_floors":[2,2],"current_hp_per_floor":[63,63,57,57,50,50,38,38,38,31,16,37,21,20,41,20,58,58,58,63,63,63,36,58,33,33,35,57,51,58,39,61,0],"gold":704,"neow_bonus":"HUNDRED_GOLD","is_prod":false,"is_daily":false,"chose_seed":false,"campfire_upgraded":1,"win_rate":0,"timestamp":1562912065,"path_taken":["M","$","M","$","M","R","?","?","T","M","E","R","E","M","R","BOSS","M","?","M","M","M","E","R","M","T","M","R","E","M","E","R","BOSS"],"build_version":"2019-07-05","purchased_purges":0,"victory":false,"max_hp_per_floor":[71,71,71,71,71,71,71,71,71,71,71,71,71,71,71,71,71,71,71,76,76,76,76,76,76,76,76,76,76,76,76,76,76],"card_choices":[{"not_picked":["Hologram","Barrage","Stack"],"picked":"SKIP","floor":1.0},{"not_picked":["Doom and Gloom","FTL"],"picked":"Ball Lightning","floor":3.0},{"not_picked":["Steam","Gash","Skim"],"picked":"SKIP","floor":5.0},{"not_picked":["Stack","Rainbow"],"picked":"Reinforced Body","floor":10.0},{"not_picked":["Streamline","Rebound"],"picked":"Conserve Battery","floor":11.0},{"not_picked":["Streamline","Redo"],"picked":"Steam","floor":13.0},{"not_picked":["Steam","Stack","Creative AI"],"picked":"SKIP","floor":14.0},{"not_picked":["Steam","Stack","Creative AI"],"picked":"SKIP","floor":14.0},{"not_picked":["Buffer","Reboot"],"picked":"Hyperbeam","floor":16.0},{"not_picked":["Ball Lightning","Hologram"],"picked":"Sweeping Beam","floor":18.0},{"not_picked":["Consume+1","Chill"],"picked":"Fusion","floor":20.0},{"not_picked":["Rebound+1","Ball Lightning"],"picked":"Hologram","floor":21.0},{"not_picked":["Cold Snap","Turbo","Conserve Battery"],"picked":"SKIP","floor":22.0},{"not_picked":["Double Energy","Sweeping Beam"],"picked":"Echo Form","floor":23.0},{"not_picked":["Barrage","Chill"],"picked":"Glacier","floor":24.0},{"not_picked":["Skim","Leap"],"picked":"FTL+1","floor":25},{"not_picked":["Steam","Ball Lightning+1","Conserve Battery"],"picked":"SKIP","floor":27},{"not_picked":["Rip and Tear+1","Barrage"],"picked":"Self Repair","floor":28},{"not_picked":["Redo","Gash","Loop"],"picked":"SKIP","floor":29},{"not_picked":["Cold Snap","Multi-Cast","Barrage"],"picked":"SKIP","floor":30},{"not_picked":["Cold Snap","Multi-Cast","Barrage"],"picked":"SKIP","floor":30},{"not_picked":["Barrage","Loop"],"picked":"Capacitor","floor":31}],"player_experience":838058,"relics_obtained":[{"floor":9.0,"key":"Centennial Puzzle"},{"floor":11.0,"key":"MawBank"},{"floor":13.0,"key":"Dream Catcher"},{"floor":23.0,"key":"Blood Vial"},{"floor":26,"key":"Oddly Smooth Stone"},{"floor":29,"key":"Boot"},{"floor":31,"key":"Dodecahedron"}],"event_choices":[{"damage_healed":0.0,"max_hp_gain":0.0,"max_hp_loss":0.0,"gold_gain":0.0,"event_name":"Scrap Ooze","player_choice":"Success","floor":7.0,"gold_loss":0.0,"damage_taken":12.0,"relics_obtained":["Ice Cream"]},{"damage_healed":0.0,"max_hp_gain":0.0,"max_hp_loss":0.0,"gold_gain":0.0,"event_name":"WeMeetAgain","player_choice":"Gave Potion","floor":8.0,"gold_loss":0.0,"damage_taken":0.0,"relics_obtained":["PreservedInsect"]},{"damage_healed":0.0,"max_hp_gain":0.0,"max_hp_loss":0.0,"gold_gain":0.0,"event_name":"Ghosts","player_choice":"Ignored","floor":19.0,"gold_loss":0.0,"damage_taken":0.0}],"is_beta":false,"boss_relics":[{"not_picked":["Black Star","Cursed Key"],"picked":"Pandora\u0027s Box"}],"items_purged_floors":[],"is_endless":false,"potions_floor_spawned":[1,3,5,11,13,20,23,29,30,31],"killed_by":"Champ","ascension_level":14}