{"gold_per_floor":[110,110,127,207,207,207,21,21,21,356,356,368,368,232,232,333,333,347,347,360,360,635,635],"floor_reached":23,"playtime":2803,"items_purged":[],"score":185,"play_id":"da1ff0eb-fbf2-4d8d-943e-fdcfa7d79c7c","local_time":"20190602194237","is_ascension_mode":false,"campfire_choices":[{"data":"Metallicize","floor":6,"key":"SMITH"},{"data":"Carnage","floor":8,"key":"SMITH"},{"data":"Evolve","floor":13,"key":"SMITH"},{"data":"Good Instincts","floor":15,"key":"SMITH"}],"neow_cost":"NONE","seed_source_timestamp":1608782521225889,"circlet_count":0,"master_deck":["Strike_R","Strike_R","Strike_R","Strike_R","Strike_R","Defend_R","Defend_R","Defend_R","Bash","Metallicize+1","Perfected Strike","Clothesline","Twin Strike","Carnage+1","Iron Wave","Evolve+1","Shrug It Off","Good Instincts+1","Demon Form","Regret","Parasite","Normality","Iron Wave+1","RitualDagger","Seeing Red+1","Regret"],"relics":["Burning Blood","Regal Pillow","Mummified Hand","Old Coin","Question Card","Calling Bell","Ancient Tea Set","Letter Opener","Gambling Chip"],"potions_floor_usage":[16,18,23,23],"damage_taken":[{"damage":0,"enemies":"Cultist","floor":1,"turns":4},{"damage":3,"enemies":"Jaw Worm","floor":3,"turns":3},{"damage":19,"enemies":"3 Sentries","floor":10,"turns":6},{"damage":3,"enemies":"Small Slimes","floor":12,"turns":2},{"damage":47,"enemies":"Slime Boss","floor":16,"turns":19},{"damage":21,"enemies":"Shell Parasite","floor":18,"turns":5},{"damage":24,"enemies":"Chosen","floor":20,"turns":5},{"damage":66,"enemies":"Gremlin Leader","floor":23,"turns":7}],"seed_played":"9221198626216386639","potions_obtained":[{"floor":12,"key":"AttackPotion"},{"floor":16,"key":"Regen Potion"},{"floor":18,"key":"Explosive Potion"},{"floor":20,"key":"EssenceOfSteel"}],"is_trial":false,"path_per_floor":["M","?","M","?","?","R","$","R","T","E","T","M","R","$","R","B",null,"M","?","M","?","?","E"],"character_chosen":"IRONCLAD","items_purchased":["Regal Pillow","Carnage","Shrug It Off","Good Instincts"],"campfire_rested":0,"item_purchase_floors":[7,7,14,14],"current_hp_per_floor":[80,85,85,85,85,85,85,85,85,72,72,75,75,75,75,34,85,79,73,55,55,55,0],"gold":635,"neow_bonus":"THREE_CARDS","is_prod":false,"is_daily":false,"chose_seed":false,"campfire_upgraded":4,"win_rate":0.0,"timestamp":1559522557,"path_taken":["M","?","M","?","?","R","?","R","T","E","?","?","R","$","R","BOSS","M","?","M","?","?","E"],"build_version":"2019-01-23","purchased_purges":0,"victory":false,"max_hp_per_floor":[80,85,85,85,85,85,85,85,85,85,85,85,85,85,85,85,85,85,85,85,85,85,85],"card_choices":[{"not_picked":["Blood for Blood","Flex"],"picked":"Metallicize","floor":0},{"not_picked":["Warcry","Clash"],"picked":"Perfected Strike","floor":1},{"not_picked":["Rampage","Headbutt"],"picked":"Clothesline","floor":3},{"not_picked":["Feed","Rage"],"picked":"Iron Wave","floor":10},{"not_picked":["Sword Boomerang","Battle Trance","Carnage"],"picked":"Evolve","floor":12},{"not_picked":["Bludgeon","Offering","Juggernaut"],"picked":"Demon Form","floor":16},{"not_picked":["Clash","Fire Breathing","Second Wind"],"picked":"Iron Wave+1","floor":18},{"not_picked":["Iron Wave+1","Reckless Charge","Cleave"],"picked":"Seeing Red+1","floor":20}],"player_experience":50072,"relics_obtained":[{"floor":9,"key":"Mummified Hand"},{"floor":10,"key":"Old Coin"},{"floor":11,"key":"Question Card"},{"floor":17,"key":"Ancient Tea Set"},{"floor":17,"key":"Letter Opener"},{"floor":17,"key":"Gambling Chip"}],"event_choices":[{"damage_healed":0,"gold_gain":0,"player_choice":"Donut","damage_taken":0,"max_hp_gain":5,"max_hp_loss":0,"event_name":"Big Fish","floor":2,"gold_loss":0},{"damage_healed":0,"gold_gain":80,"player_choice":"Gained Gold","damage_taken":0,"max_hp_gain":0,"max_hp_loss":0,"event_name":"Golden Wing","floor":4,"gold_loss":0},{"damage_healed":0,"gold_gain":0,"cards_transformed":["Defend_R"],"player_choice":"Change","damage_taken":0,"max_hp_gain":0,"max_hp_loss":0,"event_name":"Living Wall","floor":5,"gold_loss":0,"cards_obtained":["Twin Strike"]},{"damage_healed":0,"gold_gain":0,"player_choice":"Joined the Cult","damage_taken":6,"max_hp_gain":0,"max_hp_loss":0,"event_name":"Nest","floor":19,"gold_loss":0,"cards_obtained":["RitualDagger"]},{"damage_healed":0,"gold_gain":0,"player_choice":"Ignored","damage_taken":0,"max_hp_gain":0,"max_hp_loss":0,"event_name":"Vampires","floor":21,"gold_loss":0},{"damage_healed":0,"gold_gain":275,"player_choice":"Desecrate","damage_taken":0,"max_hp_gain":0,"max_hp_loss":0,"event_name":"Golden Shrine","floor":22,"gold_loss":0,"cards_obtained":["Regret"]}],"is_beta":false,"boss_relics":[{"not_picked":["Mark of Pain","Black Blood"],"picked":"Calling Bell"}],"items_purged_floors":[],"is_endless":false,"potions_floor_spawned":[12,16,18,20],"killed_by":"Gremlin Leader","ascension_level":0}