{"gold_per_floor":[119,119,131,231,248,280,280,292,315,100,120,120,57,57,57,155,155,170,170,189,203,203,203,22,22,22,22,22,33,33,14,14,14],"floor_reached":33,"playtime":2558,"items_purged":["Strike_G"],"score":268,"play_id":"1e7dcf9c-21d8-4a66-8033-d739fbc9a215","local_time":"20190710060423","is_ascension_mode":false,"campfire_choices":[{"floor":7,"key":"REST"},{"floor":12,"key":"REST"},{"floor":15,"key":"RECALL"},{"floor":23,"key":"REST"},{"floor":25,"key":"REST"},{"floor":27,"key":"REST"},{"floor":32,"key":"REST"}],"neow_cost":"NONE","seed_source_timestamp":1893746398832305,"circlet_count":0,"master_deck":["Defend_G+1","Defend_G","Defend_G","Defend_G","Defend_G+1","Survivor","Neutralize","A Thousand Cuts","Deadly Poison","Endless Agony","Deadly Poison","Deadly Poison","Poisoned Stab","Doppelganger","Noxious Fumes","Deadly Poison","Backflip","Sentinel","Burst","After Image","Noxious Fumes"],"relics":["Ring of the Snake","War Paint","Bag of Marbles","Membership Card","White Beast Statue","WingedGreaves","Letter Opener"],"potions_floor_usage":[6,6,11,20,20,21,29,33],"damage_taken":[{"damage":0,"enemies":"2 Louse","floor":1,"turns":4},{"damage":6,"enemies":"Jaw Worm","floor":3,"turns":4},{"damage":1,"enemies":"Cultist","floor":5,"turns":4},{"damage":34,"enemies":"Lagavulin","floor":6,"turns":8},{"damage":5,"enemies":"2 Fungi Beasts","floor":8,"turns":4},{"damage":0,"enemies":"Large Slime","floor":11,"turns":5},{"damage":26,"enemies":"Hexaghost","floor":16,"turns":9},{"damage":24,"enemies":"Spheric Guardian","floor":18,"turns":4},{"damage":8,"enemies":"3 Byrds","floor":20,"turns":3},{"damage":24,"enemies":"3 Cultists","floor":21,"turns":6},{"damage":9,"enemies":"Chosen and Byrds","floor":29,"turns":6},{"damage":74,"enemies":"Automaton","floor":33,"turns":8}],"seed_played":"4465111903094873475","potions_obtained":[{"floor":1,"key":"FearPotion"},{"floor":5,"key":"LiquidBronze"},{"floor":8,"key":"Explosive Potion"},{"floor":11,"key":"LiquidBronze"},{"floor":18,"key":"Swift Potion"},{"floor":20,"key":"EssenceOfSteel"},{"floor":21,"key":"AttackPotion"},{"floor":29,"key":"Weak Potion"}],"is_trial":false,"path_per_floor":["M","?","M","?","M","E","R","M","T","$","M","R","$","?","R","B",null,"M","?","M","M","?","R","$","R","T","R","?","M","?","$","R","B"],"character_chosen":"THE_SILENT","items_purchased":["Membership Card","Deadly Poison","Poisoned Stab","WingedGreaves","Backflip","Noxious Fumes"],"campfire_rested":6,"item_purchase_floors":[10,10,13,24,24,31],"current_hp_per_floor":[70,63,57,57,56,22,43,38,38,38,38,59,59,70,70,44,70,46,46,38,14,5,26,26,47,47,68,68,59,59,59,70,0],"gold":14,"neow_bonus":"ONE_RANDOM_RARE_CARD","is_prod":false,"is_daily":false,"chose_seed":false,"campfire_upgraded":0,"win_rate":0,"timestamp":1562756663,"path_taken":["M","?","M","?","M","E","R","M","T","$","?","R","$","?","R","BOSS","M","?","M","M","?","R","$","R","T","R","?","?","?","$","R","BOSS"],"build_version":"2019-07-05","purchased_purges":1,"victory":false,"max_hp_per_floor":[70,70,70,70,70,70,70,70,70,70,70,70,70,70,70,70,70,70,70,70,70,70,70,70,70,70,70,70,70,70,70,70,70],"card_choices":[{"not_picked":["Bouncing Flask","Underhanded Strike"],"picked":"Deadly Poison","floor":1},{"not_picked":["Blade Dance","Leg Sweep"],"picked":"Endless Agony","floor":3},{"not_picked":["Blade Dance","Sucker Punch","Dodge and Roll"],"picked":"SKIP","floor":5},{"not_picked":["Grand Finale","Footwork"],"picked":"Deadly Poison","floor":6},{"not_picked":["Underhanded Strike","Infinite Blades","Footwork"],"picked":"SKIP","floor":8},{"not_picked":["Acrobatics","Predator","Expertise"],"picked":"SKIP","floor":11},{"not_picked":["Grand Finale","Night Terror"],"picked":"Doppelganger","floor":16},{"not_picked":["Cloak And Dagger+1","Reflex+1"],"picked":"Noxious Fumes","floor":18},{"not_picked":["Calculated Gamble","Escape Plan","Finisher"],"picked":"SKIP","floor":20},{"not_picked":["Dagger Spray","Bane"],"picked":"Deadly Poison","floor":21},{"not_picked":["Slice","Escape Plan","Footwork"],"picked":"SKIP","floor":29}],"player_experience":330959,"relics_obtained":[{"floor":6,"key":"War Paint"},{"floor":9,"key":"Bag of Marbles"},{"floor":26,"key":"Letter Opener"}],"event_choices":[{"cards_removed":["Strike_G"],"damage_healed":0,"gold_gain":0,"player_choice":"Card Removal","damage_taken":7,"max_hp_gain":0,"max_hp_loss":0,"event_name":"Golden Wing","floor":2,"gold_loss":0},{"damage_healed":0,"gold_gain":100,"player_choice":"Gold","damage_taken":0,"max_hp_gain":0,"max_hp_loss":0,"event_name":"Wheel of Change","floor":4,"gold_loss":0},{"damage_healed":23,"gold_gain":0,"player_choice":"Banana","damage_taken":0,"max_hp_gain":0,"max_hp_loss":0,"event_name":"Big Fish","floor":14,"gold_loss":0},{"damage_healed":0,"gold_gain":0,"player_choice":"Ignored","damage_taken":0,"max_hp_gain":0,"max_hp_loss":0,"event_name":"Ghosts","floor":19,"gold_loss":0},{"damage_healed":0,"gold_gain":0,"player_choice":"Stopped","damage_taken":9,"max_hp_gain":0,"max_hp_loss":0,"event_name":"Cursed Tome","floor":22,"gold_loss":0},{"cards_removed":["Strike_G"],"damage_healed":0,"gold_gain":0,"player_choice":"Took Card","damage_taken":0,"max_hp_gain":0,"max_hp_loss":0,"event_name":"NoteForYourself","floor":28,"gold_loss":0,"cards_obtained":["Sentinel"]},{"damage_healed":0,"gold_gain":0,"cards_transformed":["Strike_G","Strike_G"],"player_choice":"Became Test Subject","damage_taken":0,"max_hp_gain":0,"max_hp_loss":0,"event_name":"Drug Dealer","floor":30,"gold_loss":0,"cards_obtained":["Burst","After Image"]}],"is_beta":false,"boss_relics":[{"not_picked":["Velvet Choker","Sozu"],"picked":"White Beast Statue"}],"items_purged_floors":[13],"is_endless":false,"potions_floor_spawned":[1,5,8,11,18,20,21,29],"killed_by":"Automaton","ascension_level":0}