{"gold_per_floor":[112,129,129,105,122,152,152,179,179,209,209,236,236,236,236,236],"floor_reached":16,"playtime":1215,"items_purged":[],"score":164,"play_id":"651ba2ef-edb6-482e-80ff-9b4be28ed073","local_time":"20190708112213","is_ascension_mode":true,"campfire_choices":[{"data":"Feed","floor":7,"key":"SMITH"},{"floor":13,"key":"REST"},{"data":"Flame Barrier","floor":15,"key":"SMITH"}],"neow_cost":"NONE","seed_source_timestamp":1955129686062000,"circlet_count":0,"master_deck":["Strike_R+1","Strike_R","Strike_R","Strike_R","Strike_R","Defend_R","Defend_R","Defend_R","Defend_R+1","Bash","Feed+1","Rupture","Infernal Blade","Shrug It Off","Infernal Blade","Whirlwind","Flame Barrier+1"],"relics":["Burning Blood","Ornamental Fan","Odd Mushroom","Letter Opener","PreservedInsect","FossilizedHelix","CultistMask"],"potions_floor_usage":[8,16,16,16],"damage_taken":[{"damage":0,"enemies":"Small Slimes","floor":1,"turns":3},{"damage":0,"enemies":"2 Louse","floor":2,"turns":3},{"damage":7,"enemies":"Jaw Worm","floor":5,"turns":4},{"damage":30,"enemies":"Lagavulin","floor":6,"turns":6},{"damage":12,"enemies":"The Mushroom Lair","floor":8,"turns":4},{"damage":41,"enemies":"3 Sentries","floor":10,"turns":6},{"damage":30,"enemies":"Gremlin Nob","floor":12,"turns":4},{"damage":63,"enemies":"The Guardian","floor":16,"turns":14}],"seed_played":"7171292103558210409","potions_obtained":[{"floor":1,"key":"Block Potion"},{"floor":5,"key":"Dexterity Potion"},{"floor":10,"key":"SneckoOil"},{"floor":12,"key":"Poison Potion"}],"is_trial":false,"path_per_floor":["M","M","?","$","M","E","R","?","T","E","?","E","R","?","R","B"],"character_chosen":"IRONCLAD","items_purchased":["Shrug It Off"],"campfire_rested":1,"item_purchase_floors":[4],"current_hp_per_floor":[83,86,69,69,71,50,50,48,48,17,50,26,56,56,56,0],"gold":236,"neow_bonus":"ONE_RANDOM_RARE_CARD","is_prod":false,"is_daily":false,"chose_seed":false,"campfire_upgraded":2,"win_rate":0,"timestamp":1562610133,"path_taken":["M","M","?","$","M","E","R","?","T","E","?","E","R","?","R","BOSS"],"build_version":"2019-07-05","purchased_purges":0,"victory":false,"max_hp_per_floor":[83,86,86,86,89,92,92,96,96,100,100,100,100,100,100,100],"card_choices":[{"not_picked":["Clash","Anger"],"picked":"Rupture","floor":1},{"not_picked":["Twin Strike","Burning Pact"],"picked":"Infernal Blade","floor":2},{"not_picked":["True Grit","Evolve"],"picked":"Infernal Blade","floor":5},{"not_picked":["Infernal Blade","Thunderclap"],"picked":"Whirlwind","floor":6},{"not_picked":["Bludgeon","Armaments"],"picked":"Flame Barrier","floor":10},{"not_picked":["Headbutt","Warcry","Twin Strike"],"picked":"SKIP","floor":12}],"player_experience":615288,"relics_obtained":[{"floor":6,"key":"Ornamental Fan"},{"floor":8,"key":"Odd Mushroom"},{"floor":9,"key":"Letter Opener"},{"floor":10,"key":"PreservedInsect"},{"floor":12,"key":"FossilizedHelix"}],"event_choices":[{"damage_healed":0,"gold_gain":0,"player_choice":"Entered Light","damage_taken":17,"max_hp_gain":0,"max_hp_loss":0,"event_name":"Shining Light","floor":3,"gold_loss":0,"cards_upgraded":["Strike_R","Defend_R"]},{"damage_healed":0,"gold_gain":0,"player_choice":"Fought Mushrooms","damage_taken":0,"max_hp_gain":0,"max_hp_loss":0,"event_name":"Mushrooms","floor":8,"gold_loss":0},{"damage_healed":33,"gold_gain":0,"player_choice":"Banana","damage_taken":0,"max_hp_gain":0,"max_hp_loss":0,"event_name":"Big Fish","floor":11,"gold_loss":0},{"damage_healed":0,"gold_gain":0,"player_choice":"Trade","damage_taken":0,"relics_obtained":["CultistMask"],"max_hp_gain":0,"max_hp_loss":0,"event_name":"FaceTrader","floor":14,"gold_loss":0}],"is_beta":false,"boss_relics":[],"items_purged_floors":[],"is_endless":false,"potions_floor_spawned":[1,5,10,12],"killed_by":"The Guardian","ascension_level":4}