{"gold_per_floor":[115,67,80,80,90,90,121,121,191,156,15,28,41,53,53,156,156,170,170,46,65,78,78,96,96,121,121,121,121,131,131,131,131],"floor_reached":33,"playtime":4030,"items_purged":[],"score":272,"play_id":"b1280b2c-bd00-450a-a1bd-db2d9ff2c8ca","local_time":"20190508234754","is_ascension_mode":false,"campfire_choices":[{"data":"Power Through","floor":6,"key":"SMITH"},{"data":"Armaments","floor":8,"key":"SMITH"},{"data":"Perfected Strike","floor":15,"key":"SMITH"},{"floor":23,"key":"REST"},{"floor":25,"key":"REST"},{"floor":27,"key":"REST"},{"floor":32,"key":"REST"}],"neow_cost":"NONE","seed_source_timestamp":12868476890883,"circlet_count":0,"master_deck":["Strike_R+1","Strike_R","Strike_R+1","Defend_R","Defend_R","Defend_R","Defend_R","Power Through+1","Armaments+1","Armaments","Perfected Strike+1","Power Through","Combust","Carnage","Ghostly Armor","Body Slam","Armaments","Berserk","Inflame+1","Berserk+1","Cleave+1","Inflame+1","Cleave","Metallicize","Rage","Metallicize","Flame Barrier"],"relics":["Burning Blood","NeowsBlessing","Whetstone","Ornamental Fan","Astrolabe","Strawberry","Pen Nib","MutagenicStrength"],"potions_floor_usage":[7,16,16,24],"damage_taken":[{"damage":0,"enemies":"Cultist","floor":1,"turns":1},{"damage":0,"enemies":"Jaw Worm","floor":3,"turns":1},{"damage":0,"enemies":"Small Slimes","floor":5,"turns":1},{"damage":30,"enemies":"3 Sentries","floor":7,"turns":10},{"damage":7,"enemies":"Blue Slaver","floor":12,"turns":4},{"damage":4,"enemies":"Exordium Wildlife","floor":13,"turns":6},{"damage":2,"enemies":"Looter","floor":14,"turns":3},{"damage":63,"enemies":"Hexaghost","floor":16,"turns":11},{"damage":13,"enemies":"Chosen","floor":18,"turns":6},{"damage":7,"enemies":"Shell Parasite","floor":21,"turns":5},{"damage":63,"enemies":"Snake Plant","floor":22,"turns":5},{"damage":27,"enemies":"Snecko","floor":24,"turns":6},{"damage":56,"enemies":"Cultist and Chosen","floor":30,"turns":8},{"damage":87,"enemies":"Automaton","floor":33,"turns":6}],"seed_played":"6495389492397377667","potions_obtained":[{"floor":1,"key":"Poison Potion"},{"floor":5,"key":"Ancient Potion"},{"floor":13,"key":"Strength Potion"},{"floor":18,"key":"Fruit Juice"},{"floor":21,"key":"Strength Potion"}],"is_trial":false,"path_per_floor":["M","$","M","?","M","R","E","R","T","?","$","M","M","M","R","B",null,"M","?","$","M","M","R","M","R","T","R","$","$","M","?","R","B"],"character_chosen":"IRONCLAD","items_purchased":["Armaments","Combust","Carnage","Cleave","Metallicize"],"campfire_rested":4,"item_purchase_floors":[2,11,11,20,20],"current_hp_per_floor":[80,80,80,85,85,85,61,61,61,82,82,81,83,85,85,28,85,78,85,85,84,27,54,38,67,67,96,96,96,46,46,75,0],"gold":131,"neow_bonus":"THREE_ENEMY_KILL","is_prod":false,"is_daily":false,"chose_seed":false,"campfire_upgraded":3,"win_rate":0.0,"timestamp":1557377274,"path_taken":["M","$","M","?","M","R","E","R","T","?","?","?","M","M","R","BOSS","M","?","$","M","M","R","?","R","T","R","?","$","?","?","R","BOSS"],"build_version":"2019-01-23","purchased_purges":0,"victory":false,"max_hp_per_floor":[80,80,80,85,85,85,85,85,85,85,85,85,85,85,85,85,85,85,92,92,92,92,92,97,97,97,97,97,97,97,97,97,97],"card_choices":[{"not_picked":["Pommel Strike","Thunderclap"],"picked":"Power Through","floor":1},{"not_picked":["Pommel Strike","Dual Wield"],"picked":"Armaments","floor":3},{"not_picked":["Spot Weakness","Flex"],"picked":"Perfected Strike","floor":5},{"not_picked":["Bloodletting","Perfected Strike"],"picked":"Power Through","floor":7},{"not_picked":["Clash","Battle Trance"],"picked":"Ghostly Armor","floor":12},{"not_picked":["Limit Break","True Grit"],"picked":"Body Slam","floor":13},{"not_picked":["Pommel Strike","Rampage"],"picked":"Armaments","floor":14},{"not_picked":["Brutality","Impervious"],"picked":"Berserk","floor":16},{"not_picked":["Flex","Sever Soul"],"picked":"Inflame+1","floor":18},{"not_picked":["Feel No Pain+1","Armaments+1"],"picked":"Rage","floor":21},{"not_picked":["Armaments","Iron Wave"],"picked":"Metallicize","floor":22},{"not_picked":["Entrench","Headbutt+1","Sword Boomerang"],"picked":"SKIP","floor":24},{"not_picked":["Perfected Strike","Combust"],"picked":"Flame Barrier","floor":30}],"player_experience":23219,"relics_obtained":[{"floor":7,"key":"Whetstone"},{"floor":9,"key":"Ornamental Fan"},{"floor":19,"key":"Strawberry"},{"floor":26,"key":"Pen Nib"}],"event_choices":[{"damage_healed":0,"gold_gain":0,"player_choice":"Donut","damage_taken":0,"max_hp_gain":5,"max_hp_loss":0,"event_name":"Big Fish","floor":4,"gold_loss":0},{"damage_healed":21,"gold_gain":0,"player_choice":"Healed","damage_taken":0,"max_hp_gain":0,"max_hp_loss":0,"event_name":"The Cleric","floor":10,"gold_loss":35},{"damage_healed":0,"gold_gain":0,"player_choice":"Relic","damage_taken":0,"max_hp_gain":0,"max_hp_loss":0,"event_name":"Wheel of Change","floor":19,"gold_loss":0},{"damage_healed":0,"gold_gain":0,"player_choice":"Inject Mutagens","damage_taken":0,"relics_obtained":["MutagenicStrength"],"max_hp_gain":0,"max_hp_loss":0,"event_name":"Drug Dealer","floor":31,"gold_loss":0}],"is_beta":false,"boss_relics":[{"not_picked":["Runic Dome","Black Blood"],"picked":"Astrolabe"}],"items_purged_floors":[],"is_endless":false,"potions_floor_spawned":[1,5,13,18,21],"killed_by":"Automaton","ascension_level":0}