{"gold_per_floor":[117,117,45,56,131,158,173,173,197,212,212,222,222,241,241,344,344,362,362,89,103,114,114,126,126,126,126,14,24,24,38,38,139,139,151,151,166,166,185,185,219,219,219,169,187,187,213,229,229,229],"floor_reached":51,"playtime":3535,"items_purged":["Strike_G","Defend_G"],"score":805,"play_id":"0cb73d99-a3be-467e-93b0-4c7181c5ba45","local_time":"20190620150950","is_ascension_mode":true,"campfire_choices":[{"data":"Crippling Poison","floor":8,"key":"SMITH"},{"data":"Dodge and Roll","floor":11,"key":"SMITH"},{"data":"Leg Sweep","floor":13,"key":"SMITH"},{"data":"Reflex","floor":15,"key":"SMITH"},{"data":"Malaise","floor":23,"key":"SMITH"},{"data":"Well Laid Plans","floor":25,"key":"SMITH"},{"data":"Corpse Explosion","floor":27,"key":"SMITH"},{"data":"Dodge and Roll","floor":32,"key":"SMITH"},{"data":"Catalyst","floor":40,"key":"SMITH"},{"data":"After Image","floor":42,"key":"SMITH"},{"data":"Noxious Fumes","floor":46,"key":"SMITH"},{"data":"PiercingWail","floor":49,"key":"SMITH"}],"neow_cost":"NONE","seed_source_timestamp":133239596949104,"circlet_count":0,"master_deck":["Defend_G","Defend_G","Defend_G","Defend_G","Strike_G","Strike_G","Survivor","Neutralize","Prepared","Leg Sweep+1","Reflex+1","Crippling Poison+1","Poisoned Stab","Dodge and Roll+1","Corpse Explosion+1","PiercingWail","Malaise+1","Reflex","Riddle With Holes","Well Laid Plans+1","Dodge and Roll+1","Acrobatics+1","Noxious Fumes+1","Backflip","PiercingWail+1","After Image+1","Catalyst+1","Blur+1"],"relics":["Ring of the Snake","NeowsBlessing","Snake Skull","Pen Nib","Cursed Key","Membership Card","Bag of Preparation","Lantern","Sozu","Boot","Omamori"],"potions_floor_usage":[50],"damage_taken":[{"damage":0,"enemies":"Cultist","floor":1,"turns":1},{"damage":0,"enemies":"Jaw Worm","floor":4,"turns":1},{"damage":0,"enemies":"Gremlin Nob","floor":6,"turns":1},{"damage":2,"enemies":"2 Louse","floor":7,"turns":3},{"damage":6,"enemies":"Red Slaver","floor":10,"turns":5},{"damage":2,"enemies":"Exordium Thugs","floor":12,"turns":5},{"damage":7,"enemies":"Looter","floor":14,"turns":4},{"damage":21,"enemies":"The Guardian","floor":16,"turns":13},{"damage":2,"enemies":"Chosen","floor":18,"turns":6},{"damage":0,"enemies":"Spheric Guardian","floor":21,"turns":3},{"damage":20,"enemies":"Shelled Parasite and Fungi","floor":22,"turns":6},{"damage":7,"enemies":"Cultist and Chosen","floor":24,"turns":7},{"damage":0,"enemies":"Snake Plant","floor":29,"turns":4},{"damage":0,"enemies":"Snecko","floor":31,"turns":6},{"damage":36,"enemies":"Champ","floor":33,"turns":15},{"damage":0,"enemies":"3 Darklings","floor":35,"turns":3},{"damage":0,"enemies":"3 Shapes","floor":37,"turns":5},{"damage":12,"enemies":"Maw","floor":39,"turns":7},{"damage":7,"enemies":"Nemesis","floor":41,"turns":7},{"damage":0,"enemies":"3 Darklings","floor":45,"turns":3},{"damage":1,"enemies":"Giant Head","floor":47,"turns":8},{"damage":5,"enemies":"Transient","floor":48,"turns":5},{"damage":29,"enemies":"Donu and Deca","floor":50,"turns":8}],"seed_played":"-6617561151768932272","potions_obtained":[{"floor":2,"key":"PowerPotion"},{"floor":2,"key":"Swift Potion"},{"floor":2,"key":"Energy Potion"},{"floor":33,"key":"Regen Potion"}],"is_trial":false,"path_per_floor":["M","?","$","M","?","E","M","R","T","M","R","M","R","M","R","B",null,"M","?","$","M","M","R","M","R","T","R","$","M","?","M","R","B",null,"M","T","M","T","M","R","E","R","T","$","M","R","E","M","R","B",null],"character_chosen":"THE_SILENT","items_purchased":["Leg Sweep","Membership Card","Well Laid Plans","Lantern","Noxious Fumes"],"campfire_rested":0,"item_purchase_floors":[3,20,20,28,28],"current_hp_per_floor":[70,70,70,70,59,59,57,57,57,51,51,49,49,42,42,21,70,68,68,68,68,48,48,41,41,41,41,41,41,41,41,41,5,70,70,70,70,70,58,58,51,51,51,51,51,51,50,45,45,30],"gold":229,"neow_bonus":"THREE_ENEMY_KILL","is_prod":false,"is_daily":false,"chose_seed":false,"campfire_upgraded":12,"win_rate":0,"timestamp":1561068590,"path_taken":["M","?","$","?","?","E","M","R","T","M","R","M","R","M","R","BOSS","M","?","$","M","M","R","M","R","T","R","$","M","?","M","R","BOSS","M","?","M","?","M","R","E","R","T","$","M","R","E","M","R","BOSS"],"build_version":"2019-01-23","purchased_purges":2,"victory":true,"max_hp_per_floor":[70,70,70,70,70,70,70,70,70,70,70,70,70,70,70,70,70,70,70,70,70,70,70,70,70,70,70,70,70,70,70,70,70,70,70,70,70,70,70,70,70,70,70,70,70,70,70,70,70,70],"card_choices":[{"not_picked":["Outmaneuver","Flying Knee"],"picked":"Prepared","floor":1},{"not_picked":["Backstab","Bane"],"picked":"Reflex","floor":4},{"not_picked":["Backstab","Eviscerate"],"picked":"Crippling Poison","floor":6},{"not_picked":["Blade Dance","Distraction"],"picked":"Poisoned Stab","floor":7},{"not_picked":["Escape Plan","Bane"],"picked":"Dodge and Roll","floor":10},{"not_picked":["Acrobatics","Deadly Poison"],"picked":"Corpse Explosion","floor":12},{"not_picked":["Outmaneuver","Blade Dance"],"picked":"PiercingWail","floor":14},{"not_picked":["Grand Finale","Doppelganger"],"picked":"Malaise","floor":16},{"not_picked":["Flying Knee","Quick Slash","Slice+1"],"picked":"SKIP","floor":18},{"not_picked":["Skewer","Tactician"],"picked":"Dodge and Roll","floor":21},{"not_picked":["Infinite Blades","Dagger Spray"],"picked":"Acrobatics+1","floor":22},{"not_picked":["Leg Sweep+1","Outmaneuver","Infinite Blades+1"],"picked":"SKIP","floor":24},{"not_picked":["Flying Knee+1","Acrobatics+1"],"picked":"Backflip","floor":29},{"not_picked":["Deadly Poison","Deflect"],"picked":"PiercingWail","floor":31},{"not_picked":["Corpse Explosion","Unload"],"picked":"After Image","floor":33},{"not_picked":["Deflect+1","Bane"],"picked":"Catalyst","floor":35},{"not_picked":["Blade Dance+1","Sucker Punch+1","Dagger Spray+1"],"picked":"SKIP","floor":37},{"not_picked":["Deflect+1","Noxious Fumes+1"],"picked":"Blur+1","floor":39},{"not_picked":["Cloak And Dagger+1","Bane","Prepared+1"],"picked":"SKIP","floor":41},{"not_picked":["Setup","Dagger Throw","Backflip+1"],"picked":"SKIP","floor":45},{"not_picked":["All Out Attack","Underhanded Strike+1","Doppelganger"],"picked":"SKIP","floor":47},{"not_picked":["PiercingWail","Acrobatics","Dagger Throw"],"picked":"SKIP","floor":48}],"player_experience":206756,"relics_obtained":[{"floor":6,"key":"Snake Skull"},{"floor":9,"key":"Pen Nib"},{"floor":26,"key":"Bag of Preparation"},{"floor":41,"key":"Boot"},{"floor":47,"key":"Omamori"}],"event_choices":[{"damage_healed":0,"gold_gain":0,"player_choice":"Got Potions","damage_taken":0,"max_hp_gain":0,"max_hp_loss":0,"event_name":"Lab","floor":2,"gold_loss":0},{"damage_healed":0,"gold_gain":75,"player_choice":"Gather Gold","damage_taken":11,"max_hp_gain":0,"max_hp_loss":0,"event_name":"World of Goop","floor":5,"gold_loss":0},{"damage_healed":0,"gold_gain":0,"cards_transformed":["Strike_G","Strike_G"],"player_choice":"Became Test Subject","damage_taken":0,"max_hp_gain":0,"max_hp_loss":0,"event_name":"Drug Dealer","floor":19,"gold_loss":0,"cards_obtained":["Reflex","Riddle With Holes"]},{"cards_removed":["Doubt"],"damage_healed":0,"gold_gain":0,"player_choice":"Removed Curses","damage_taken":0,"max_hp_gain":0,"max_hp_loss":0,"event_name":"Fountain of Cleansing","floor":30,"gold_loss":0}],"is_beta":false,"boss_relics":[{"not_picked":["Snecko Eye","Astrolabe"],"picked":"Cursed Key"},{"not_picked":["Lizard Tail","Fusion Hammer"],"picked":"Sozu"}],"items_purged_floors":[20,44],"is_endless":false,"potions_floor_spawned":[7,12,14,21,22,33,37,45],"ascension_level":2}