{"gold_per_floor":[118,44,68,78,26,26,58,58,58,91,111,130,143,159,159,255,255,268,199,199,199,217,217,235,270,270,270,270,287,287,92,92,92],"floor_reached":33,"playtime":3376,"items_purged":[],"score":273,"play_id":"401e9b0a-2652-4429-9a51-3e6b2361af43","local_time":"20190609015855","is_ascension_mode":false,"campfire_choices":[{"data":"Inflame","floor":6,"key":"SMITH"},{"floor":15,"key":"REST"},{"data":"Armaments","floor":23,"key":"SMITH"},{"floor":27,"key":"DIG"},{"floor":32,"key":"REST"}],"neow_cost":"NONE","seed_source_timestamp":40230951379945,"circlet_count":0,"master_deck":["Strike_R","Strike_R","Strike_R","Strike_R","Strike_R","Defend_R","Defend_R","Defend_R","Bash","Inflame+1","Shrug It Off","Shrug It Off","Armaments+1","Cleave","Impervious","Pommel Strike","Flex","Inflame","Body Slam"],"relics":["Busted Crown","Anchor","Happy Flower","Mummified Hand","Red Skull","Odd Mushroom","Orrery","Shovel","Gremlin Horn","Letter Opener","WingedGreaves","Juzu Bracelet"],"potions_floor_usage":[18,33,33],"damage_taken":[{"damage":0,"enemies":"Cultist","floor":1,"turns":4},{"damage":0,"enemies":"2 Louse","floor":4,"turns":2},{"damage":18,"enemies":"Gremlin Nob","floor":7,"turns":4},{"damage":6,"enemies":"3 Sentries","floor":10,"turns":9},{"damage":0,"enemies":"The Mushroom Lair","floor":11,"turns":4},{"damage":0,"enemies":"Jaw Worm","floor":12,"turns":2},{"damage":0,"enemies":"Blue Slaver","floor":13,"turns":3},{"damage":0,"enemies":"Large Slime","floor":14,"turns":3},{"damage":37,"enemies":"The Guardian","floor":16,"turns":11},{"damage":2,"enemies":"2 Thieves","floor":18,"turns":3},{"damage":0,"enemies":"Chosen","floor":22,"turns":4},{"damage":5,"enemies":"Centurion and Healer","floor":24,"turns":5},{"damage":24,"enemies":"Gremlin Leader","floor":25,"turns":5},{"damage":13,"enemies":"3 Cultists","floor":29,"turns":4},{"damage":66,"enemies":"Collector","floor":33,"turns":6}],"seed_played":"446349547240773273","potions_obtained":[{"floor":1,"key":"Explosive Potion"},{"floor":7,"key":"Energy Potion"},{"floor":12,"key":"PowerPotion"},{"floor":22,"key":"Fire Potion"}],"is_trial":false,"path_per_floor":["M","$","T","M","$","R","E","?","T","E","?","M","M","M","R","B",null,"M","$","?","?","M","R","M","E","T","R","T","M","?","$","R","B"],"character_chosen":"IRONCLAD","items_purchased":["Inflame","Shrug It Off","Inflame","Body Slam","Juzu Bracelet"],"campfire_rested":2,"item_purchase_floors":[2,5,19,31,31],"current_hp_per_floor":[80,80,80,80,80,80,62,55,55,49,49,49,49,49,73,36,80,78,78,78,78,78,78,73,49,49,49,49,36,36,36,60,0],"gold":92,"neow_bonus":"BOSS_RELIC","is_prod":false,"is_daily":false,"chose_seed":false,"campfire_upgraded":2,"win_rate":0.0,"timestamp":1560063535,"path_taken":["M","$","?","M","$","R","E","?","T","E","?","M","M","?","R","BOSS","M","$","?","?","?","R","M","E","T","R","?","?","?","$","R","BOSS"],"build_version":"2019-01-23","purchased_purges":0,"victory":false,"max_hp_per_floor":[80,80,80,80,80,80,80,80,80,80,80,80,80,80,80,80,80,80,80,80,80,80,80,80,80,80,80,80,80,80,80,80,80],"card_choices":[{"not_picked":["Uppercut"],"picked":"SKIP","floor":1},{"not_picked":["Havoc"],"picked":"SKIP","floor":4},{"not_picked":[],"picked":"Shrug It Off","floor":7},{"not_picked":[],"picked":"Armaments","floor":10},{"not_picked":["Infernal Blade"],"picked":"SKIP","floor":12},{"not_picked":[],"picked":"Cleave","floor":13},{"not_picked":["Uppercut"],"picked":"SKIP","floor":14},{"not_picked":[],"picked":"Impervious","floor":16},{"not_picked":[],"picked":"Pommel Strike","floor":17},{"not_picked":[],"picked":"Flex","floor":17},{"not_picked":["Uppercut+1"],"picked":"SKIP","floor":18},{"not_picked":["True Grit+1"],"picked":"SKIP","floor":22},{"not_picked":["Wild Strike"],"picked":"SKIP","floor":24},{"not_picked":["Reckless Charge"],"picked":"SKIP","floor":25},{"not_picked":["Sentinel+1"],"picked":"SKIP","floor":29}],"player_experience":89586,"relics_obtained":[{"floor":3,"key":"Anchor"},{"floor":7,"key":"Happy Flower"},{"floor":9,"key":"Mummified Hand"},{"floor":10,"key":"Red Skull"},{"floor":11,"key":"Odd Mushroom"},{"floor":25,"key":"Shovel"},{"floor":26,"key":"Gremlin Horn"},{"floor":27,"key":"Letter Opener"},{"floor":28,"key":"WingedGreaves"}],"event_choices":[{"cards_removed":["Defend_R"],"damage_healed":0,"gold_gain":0,"player_choice":"Card Removal","damage_taken":7,"max_hp_gain":0,"max_hp_loss":0,"event_name":"Golden Wing","floor":8,"gold_loss":0},{"damage_healed":0,"gold_gain":0,"player_choice":"Fought Mushrooms","damage_taken":0,"max_hp_gain":0,"max_hp_loss":0,"event_name":"Mushrooms","floor":11,"gold_loss":0},{"damage_healed":0,"gold_gain":0,"player_choice":"Ignored","damage_taken":0,"max_hp_gain":0,"max_hp_loss":0,"event_name":"Vampires","floor":20,"gold_loss":0},{"damage_healed":0,"gold_gain":0,"player_choice":"Ignored","damage_taken":0,"max_hp_gain":0,"max_hp_loss":0,"event_name":"Beggar","floor":21,"gold_loss":0},{"damage_healed":0,"gold_gain":0,"player_choice":"Ignored","damage_taken":0,"max_hp_gain":0,"max_hp_loss":0,"event_name":"Ghosts","floor":30,"gold_loss":0}],"is_beta":false,"boss_relics":[{"not_picked":["Snecko Eye","Sozu"],"picked":"Orrery"}],"items_purged_floors":[],"is_endless":false,"potions_floor_spawned":[1,7,12,16,22,24,29],"killed_by":"Collector","ascension_level":0}