{"gold_per_floor":[15,32,32,32,53,91,91,114,186,186,31,51,51,51,63,198,210,237,249,274,305,317,329,377,407,445,457,487,499,544,574,586,693,705,732,744,17,117,136,162,162,178,178,198,212,232,249,0,0,0,0,0,0,26,26],"floor_reached":55,"playtime":2963,"items_purged":[],"score":801,"play_id":"80b4b42f-893d-477f-ae73-0e232db6a53c","local_time":"20190708004639","is_ascension_mode":true,"campfire_choices":[{"data":"1","floor":7,"key":"LIFT"},{"data":"2","floor":10,"key":"LIFT"},{"data":"3","floor":13,"key":"LIFT"},{"floor":15,"key":"REST"},{"data":"Heavy Blade","floor":23,"key":"SMITH"},{"data":"Bash","floor":29,"key":"SMITH"},{"data":"Shrug It Off","floor":32,"key":"SMITH"},{"floor":49,"key":"RECALL"},{"data":"Heavy Blade","floor":52,"key":"SMITH"}],"neow_cost":"NO_GOLD","seed_source_timestamp":222736076698577,"circlet_count":0,"master_deck":["Strike_R","Strike_R","Strike_R","Strike_R","Defend_R","Defend_R","Defend_R","Defend_R","Bash+1","Shrug It Off+1","Heavy Blade+1","Twin Strike","Reaper","Shrug It Off","Spot Weakness","Dual Wield","Whirlwind","Thunderclap","Exhume","Dark Shackles","Heavy Blade+1","Shockwave+1","Intimidate","Disarm+1"],"relics":["Burning Blood","Bloody Idol","Girya","Strawberry","MawBank","Coffee Dripper","Ornamental Fan","Ancient Tea Set","Bag of Marbles","Bag of Preparation","Velvet Choker","Kunai","Pantograph","MealTicket","Mango","Pocketwatch","Blue Candle","Red Mask","Red Skull"],"potions_floor_usage":[16,19,24,24,33,33,45,50,50,55],"damage_taken":[{"damage":11,"enemies":"Jaw Worm","floor":1,"turns":3},{"damage":9,"enemies":"2 Louse","floor":2,"turns":3},{"damage":2,"enemies":"Small Slimes","floor":5,"turns":4},{"damage":42,"enemies":"3 Sentries","floor":6,"turns":15},{"damage":5,"enemies":"Exordium Thugs","floor":8,"turns":4},{"damage":5,"enemies":"Large Slime","floor":12,"turns":7},{"damage":50,"enemies":"Hexaghost","floor":16,"turns":9},{"damage":11,"enemies":"Shell Parasite","floor":18,"turns":4},{"damage":11,"enemies":"Spheric Guardian","floor":20,"turns":4},{"damage":8,"enemies":"Centurion and Healer","floor":21,"turns":6},{"damage":17,"enemies":"Book of Stabbing","floor":24,"turns":4},{"damage":9,"enemies":"Shelled Parasite and Fungi","floor":25,"turns":6},{"damage":13,"enemies":"Snecko","floor":28,"turns":5},{"damage":34,"enemies":"Gremlin Leader","floor":30,"turns":8},{"damage":16,"enemies":"Centurion and Healer","floor":31,"turns":3},{"damage":99,"enemies":"Champ","floor":33,"turns":9},{"damage":0,"enemies":"Orb Walker","floor":35,"turns":2},{"damage":45,"enemies":"Mind Bloom Boss Battle","floor":38,"turns":6},{"damage":12,"enemies":"3 Shapes","floor":39,"turns":1},{"damage":69,"enemies":"Nemesis","floor":40,"turns":7},{"damage":0,"enemies":"3 Darklings","floor":42,"turns":1},{"damage":23,"enemies":"Writhing Mass","floor":44,"turns":5},{"damage":0,"enemies":"Spire Growth","floor":45,"turns":2},{"damage":18,"enemies":"Jaw Worm Horde","floor":46,"turns":3},{"damage":0,"enemies":"Maw","floor":47,"turns":7},{"damage":70,"enemies":"Time Eater","floor":50,"turns":10},{"damage":73,"enemies":"Shield and Spear","floor":54,"turns":6},{"damage":116,"enemies":"The Heart","floor":55,"turns":9}],"seed_played":"368061378287664252","potions_obtained":[{"floor":2,"key":"Energy Potion"},{"floor":8,"key":"Dexterity Potion"},{"floor":16,"key":"SteroidPotion"},{"floor":19,"key":"Fruit Juice"},{"floor":19,"key":"FearPotion"},{"floor":25,"key":"FearPotion"},{"floor":30,"key":"Dexterity Potion"},{"floor":35,"key":"Ancient Potion"},{"floor":38,"key":"SteroidPotion"},{"floor":45,"key":"SteroidPotion"},{"floor":46,"key":"FearPotion"}],"is_trial":false,"path_per_floor":["M","M","?","?","M","E","R","M","T","R","$","M","R","?","R","B",null,"M","?","M","M","T","R","E","M","T","?","M","R","E","M","R","B",null,"M","?","$","?","M","E","?","M","T","M","M","M","M","?","R","B",null,"R","$","E","B"],"character_chosen":"IRONCLAD","items_purchased":["Strawberry","Kunai","Pantograph","MealTicket","Heavy Blade"],"campfire_rested":1,"item_purchase_floors":[11,37,37,37,37],"current_hp_per_floor":[91,88,64,57,61,25,25,26,26,26,33,34,34,22,52,8,103,98,103,98,106,106,106,108,108,108,108,108,108,85,103,108,27,108,108,108,108,98,97,39,39,50,50,59,80,93,122,122,122,80,122,122,122,82,0],"gold":26,"neow_bonus":"TWENTY_PERCENT_HP_BONUS","is_prod":false,"is_daily":false,"chose_seed":false,"campfire_upgraded":4,"win_rate":0,"timestamp":1562561199,"path_taken":["M","M","?","?","M","E","R","M","T","R","$","M","R","?","R","BOSS","M","?","?","M","?","R","E","M","T","?","?","R","E","M","R","BOSS","M","?","$","?","M","E","?","M","T","M","M","M","M","?","R","BOSS","R","$","E","BOSS"],"build_version":"2019-07-05","purchased_purges":0,"victory":false,"max_hp_per_floor":[96,96,96,96,96,96,96,96,96,96,103,103,103,103,103,103,103,103,108,108,108,108,108,108,108,108,108,108,108,108,108,108,108,108,108,108,108,122,122,122,122,122,122,122,122,122,122,122,122,122,122,122,122,122,122],"card_choices":[{"not_picked":["Anger","Reckless Charge","Wild Strike"],"picked":"SKIP","floor":1},{"not_picked":["Thunderclap","Reckless Charge","Sword Boomerang"],"picked":"SKIP","floor":2},{"not_picked":["Sword Boomerang","Twin Strike"],"picked":"Shrug It Off","floor":5},{"not_picked":["Cleave","Blood for Blood"],"picked":"Heavy Blade","floor":6},{"not_picked":["Clothesline","Havoc","Warcry"],"picked":"SKIP","floor":8},{"not_picked":["Rage","Rupture"],"picked":"Twin Strike","floor":12},{"not_picked":["Dark Embrace","Impervious"],"picked":"Reaper","floor":16},{"not_picked":["Pommel Strike","Ghostly Armor","Havoc+1"],"picked":"SKIP","floor":18},{"not_picked":["Infernal Blade","Entrench"],"picked":"Shrug It Off","floor":20},{"not_picked":["Rage+1","Havoc"],"picked":"Spot Weakness","floor":21},{"not_picked":["Reckless Charge","Metallicize"],"picked":"Dual Wield","floor":24},{"not_picked":["Armaments","Thunderclap","Searing Blow"],"picked":"SKIP","floor":25},{"not_picked":["Infernal Blade","Hemokinesis"],"picked":"Whirlwind","floor":28},{"not_picked":["Reckless Charge","Seeing Red+1"],"picked":"Thunderclap","floor":30},{"not_picked":["Burning Pact","Pommel Strike","Headbutt"],"picked":"SKIP","floor":31},{"not_picked":["Feed","Fiend Fire"],"picked":"Exhume","floor":33},{"not_picked":["Clothesline","Wild Strike","Sever Soul+1"],"picked":"SKIP","floor":35},{"not_picked":["Secret Technique","Apotheosis"],"picked":"Dark Shackles","floor":36},{"not_picked":["Iron Wave+1","Fire Breathing"],"picked":"Intimidate","floor":39},{"not_picked":["Dual Wield","Carnage"],"picked":"Shockwave+1","floor":40},{"not_picked":["Perfected Strike+1","Infernal Blade+1"],"picked":"Intimidate","floor":42},{"not_picked":["Headbutt","Thunderclap"],"picked":"Disarm+1","floor":44},{"not_picked":["Wild Strike+1","Flex","Armaments+1"],"picked":"SKIP","floor":45},{"not_picked":["Anger","Disarm","True Grit+1"],"picked":"SKIP","floor":46},{"not_picked":["Shrug It Off","Rampage+1","Twin Strike+1"],"picked":"SKIP","floor":47},{"not_picked":["Wild Strike","Clothesline+1","Sentinel+1"],"picked":"SKIP","floor":54}],"player_experience":203653,"relics_obtained":[{"floor":6,"key":"Girya"},{"floor":22,"key":"Ornamental Fan"},{"floor":24,"key":"Ancient Tea Set"},{"floor":26,"key":"Bag of Marbles"},{"floor":30,"key":"Bag of Preparation"},{"floor":38,"key":"Mango"},{"floor":40,"key":"Pocketwatch"},{"floor":43,"key":"Blue Candle"},{"floor":54,"key":"Red Skull"}],"event_choices":[{"damage_healed":0,"gold_gain":0,"player_choice":"Take Damage","damage_taken":24,"relics_obtained":["Golden Idol"],"max_hp_gain":0,"max_hp_loss":0,"event_name":"Golden Idol","floor":3,"gold_loss":0},{"cards_removed":["Strike_R"],"damage_healed":0,"gold_gain":0,"player_choice":"Card Removal","damage_taken":7,"max_hp_gain":0,"max_hp_loss":0,"event_name":"Golden Wing","floor":4,"gold_loss":0},{"damage_healed":0,"gold_gain":0,"player_choice":"Success","damage_taken":12,"relics_obtained":["MawBank"],"max_hp_gain":0,"max_hp_loss":0,"event_name":"Scrap Ooze","floor":14,"gold_loss":0},{"damage_healed":0,"gold_gain":0,"player_choice":"Got Potions","damage_taken":0,"max_hp_gain":0,"max_hp_loss":0,"event_name":"Lab","floor":19,"gold_loss":0},{"damage_healed":0,"gold_gain":0,"player_choice":"Gave Idol","damage_taken":0,"relics_obtained":["Bloody Idol"],"max_hp_gain":0,"max_hp_loss":0,"event_name":"Forgotten Altar","floor":27,"relics_lost":["Golden Idol"],"gold_loss":0},{"damage_healed":0,"gold_gain":0,"player_choice":"Memory 1","damage_taken":0,"max_hp_gain":0,"max_hp_loss":0,"event_name":"SensoryStone","floor":36,"gold_loss":0},{"damage_healed":0,"gold_gain":0,"player_choice":"Fight","damage_taken":0,"max_hp_gain":0,"max_hp_loss":0,"event_name":"MindBloom","floor":38,"gold_loss":0},{"cards_removed":["Intimidate"],"damage_healed":0,"gold_gain":0,"player_choice":"Removed Skill","damage_taken":0,"max_hp_gain":0,"max_hp_loss":0,"event_name":"Falling","floor":41,"gold_loss":0},{"damage_healed":0,"gold_gain":0,"player_choice":"Paid","damage_taken":0,"relics_obtained":["Red Mask"],"max_hp_gain":0,"max_hp_loss":0,"event_name":"Tomb of Lord Red Mask","floor":48,"gold_loss":249}],"is_beta":false,"boss_relics":[{"not_picked":["Ectoplasm","Tiny House"],"picked":"Coffee Dripper"},{"not_picked":["Runic Pyramid","Black Star"],"picked":"Velvet Choker"}],"items_purged_floors":[],"is_endless":false,"potions_floor_spawned":[2,8,16,21,25,30,35,38,40,45,46],"killed_by":"The Heart","ascension_level":1}