{"gold_per_floor":[111,111,131,131,149,149,165,165,190,204,230,250,250,276,276,354,354,367,384,564,2,19,19,37,37,62,161,173,173],"floor_reached":29,"playtime":3396,"items_purged":["Reckless Charge"],"score":515,"play_id":"bae08212-95a5-4a92-bd8e-19be542bdbe7","local_time":"20181229142038","is_ascension_mode":true,"campfire_choices":[{"data":"Pommel Strike","floor":6,"key":"SMITH"},{"data":"Fiend Fire","floor":8,"key":"SMITH"},{"data":"Demon Form","floor":15,"key":"SMITH"},{"floor":23,"key":"REST"}],"neow_cost":"NONE","seed_source_timestamp":248624657340596,"circlet_count":0,"master_deck":["AscendersBane","Strike_R","Strike_R","Strike_R","Defend_R+1","Defend_R+1","Defend_R","Defend_R","Bash","Fiend Fire+1","Pommel Strike+1","Demon Form+1","Heavy Blade","Immolate","Bloodletting","Disarm","Whirlwind","Shrug It Off","Shrug It Off"],"relics":["Burning Blood","Bag of Marbles","Pen Nib","Bag of Preparation","Self Forming Clay","The Courier","Orrery","Membership Card","Nunchaku","Boot","Oddly Smooth Stone","Ancient Tea Set","War Paint","Blood Vial"],"potions_floor_usage":[10,11,18,19,25],"damage_taken":[{"damage":2,"enemies":"Small Slimes","floor":1,"turns":4},{"damage":12,"enemies":"Jaw Worm","floor":3,"turns":2},{"damage":0,"enemies":"Cultist","floor":5,"turns":3},{"damage":9,"enemies":"2 Fungi Beasts","floor":7,"turns":2},{"damage":10,"enemies":"Gremlin Gang","floor":10,"turns":3},{"damage":8,"enemies":"Gremlin Nob","floor":11,"turns":3},{"damage":0,"enemies":"Looter","floor":12,"turns":1},{"damage":0,"enemies":"Lagavulin","floor":14,"turns":2},{"damage":0,"enemies":"Slime Boss","floor":16,"turns":5},{"damage":11,"enemies":"Spheric Guardian","floor":18,"turns":3},{"damage":19,"enemies":"Shell Parasite","floor":19,"turns":3},{"damage":22,"enemies":"3 Cultists","floor":22,"turns":5},{"damage":6,"enemies":"Cultist and Chosen","floor":24,"turns":6},{"damage":27,"enemies":"Colosseum Slavers","floor":25,"turns":2},{"damage":22,"enemies":"Sentry and Sphere","floor":28,"turns":5},{"damage":7,"enemies":"Gremlin Leader","floor":29,"turns":2}],"seed_played":"-3643967604582042322","potions_obtained":[{"floor":1,"key":"GamblersBrew"},{"floor":7,"key":"FearPotion"},{"floor":16,"key":"Strength Potion"},{"floor":18,"key":"SkillPotion"},{"floor":24,"key":"SteroidPotion"}],"is_trial":false,"path_per_floor":["M","?","M","?","M","R","M","R","T","M","E","M","T","E","R","B",null,"M","M","?","$","M","R","M","?","T","?","M","E"],"character_chosen":"IRONCLAD","items_purchased":["Membership Card","Nunchaku","Boot","Oddly Smooth Stone","Ancient Tea Set","War Paint"],"campfire_rested":1,"item_purchase_floors":[21,21,21,21,21,21],"current_hp_per_floor":[76,76,70,63,69,69,66,66,66,62,60,66,66,72,72,78,80,75,62,38,38,22,46,46,25,25,25,11,6],"gold":173,"neow_bonus":"RANDOM_COMMON_RELIC","is_prod":false,"is_daily":false,"chose_seed":false,"campfire_upgraded":3,"win_rate":0,"timestamp":1546122038,"path_taken":["M","?","M","?","M","R","M","R","T","M","E","?","?","E","R","BOSS","M","M","?","$","M","R","?","?","T","?","M","E"],"build_version":"2018-12-20","purchased_purges":1,"victory":false,"max_hp_per_floor":[80,80,80,80,80,80,80,80,80,80,80,80,80,80,80,80,80,80,80,80,80,80,80,80,80,80,80,80,80],"card_choices":[{"not_picked":["Dual Wield","Evolve"],"picked":"Reckless Charge","floor":1},{"not_picked":["Flex","Thunderclap"],"picked":"Pommel Strike","floor":3},{"not_picked":["Uppercut","Blood for Blood","Infernal Blade"],"picked":"SKIP","floor":5},{"not_picked":["Flex","Shrug It Off"],"picked":"Demon Form","floor":7},{"not_picked":["Hemokinesis","Body Slam","Warcry"],"picked":"SKIP","floor":10},{"not_picked":["True Grit","Searing Blow"],"picked":"Heavy Blade","floor":11},{"not_picked":["Burning Pact","Impervious","Carnage"],"picked":"SKIP","floor":12},{"not_picked":["Perfected Strike","Sentinel","Clothesline"],"picked":"SKIP","floor":14},{"not_picked":["Bludgeon","Double Tap"],"picked":"Immolate","floor":16},{"not_picked":["Blood for Blood","Intimidate"],"picked":"Bloodletting","floor":17},{"not_picked":["Perfected Strike","Rupture"],"picked":"Disarm","floor":17},{"not_picked":["Twin Strike","Spot Weakness"],"picked":"Whirlwind","floor":17},{"not_picked":["Perfected Strike","True Grit"],"picked":"Shrug It Off","floor":17},{"not_picked":["Twin Strike","Feel No Pain"],"picked":"Shrug It Off","floor":18},{"not_picked":["Headbutt","True Grit","Cleave"],"picked":"SKIP","floor":19},{"not_picked":["Inflame","Sentinel","Hemokinesis"],"picked":"SKIP","floor":22},{"not_picked":["Sentinel","Perfected Strike+1","Feel No Pain+1"],"picked":"SKIP","floor":24},{"not_picked":["Fire Breathing","Armaments","Pommel Strike"],"picked":"SKIP","floor":28}],"player_experience":639737,"relics_obtained":[{"floor":9,"key":"Pen Nib"},{"floor":11,"key":"Bag of Preparation"},{"floor":13,"key":"Self Forming Clay"},{"floor":14,"key":"The Courier"},{"floor":26,"key":"Blood Vial"}],"event_choices":[{"damage_healed":0,"gold_gain":0,"cards_transformed":["Strike_R"],"player_choice":"Change","damage_taken":0,"max_hp_gain":0,"max_hp_loss":0,"event_name":"Living Wall","floor":2,"gold_loss":0,"cards_obtained":["Fiend Fire"]},{"cards_removed":["Strike_R"],"damage_healed":0,"gold_gain":0,"player_choice":"Card Removal","damage_taken":7,"max_hp_gain":0,"max_hp_loss":0,"event_name":"Golden Wing","floor":4,"gold_loss":0},{"damage_healed":0,"gold_gain":180,"player_choice":"GOLD GOLD ","damage_taken":24,"max_hp_gain":0,"max_hp_loss":0,"event_name":"Knowing Skull","floor":20,"potions_obtained":[],"gold_loss":0,"cards_obtained":[]},{"damage_healed":0,"gold_gain":0,"player_choice":"Fight","damage_taken":0,"max_hp_gain":0,"max_hp_loss":0,"event_name":"Colosseum","floor":25,"gold_loss":0},{"damage_healed":0,"gold_gain":0,"player_choice":"Fled From Nobs","damage_taken":0,"max_hp_gain":0,"max_hp_loss":0,"event_name":"Colosseum","floor":25,"gold_loss":0},{"damage_healed":0,"gold_gain":99,"player_choice":"Stole From Cult","damage_taken":0,"max_hp_gain":0,"max_hp_loss":0,"event_name":"Nest","floor":27,"gold_loss":0}],"is_beta":false,"boss_relics":[{"not_picked":["Eternal Feather","Lizard Tail"],"picked":"Orrery"}],"items_purged_floors":[21],"is_endless":false,"potions_floor_spawned":[1,7,16,18,24],"killed_by":"Gremlin Leader","ascension_level":13}