{"gold_per_floor":[214,230,230,243,243,243,277,277,277,296,36,56,73,134,134,134],"floor_reached":16,"playtime":1042,"items_purged":[],"score":163,"play_id":"9a32fd9d-1ac6-4207-9940-d5701c90ed54","local_time":"20181222222447","is_ascension_mode":true,"campfire_choices":[{"data":"Armaments","floor":6,"key":"SMITH"},{"floor":8,"key":"REST"},{"data":"True Grit","floor":15,"key":"SMITH"}],"neow_cost":"NONE","seed_source_timestamp":3488326628480444,"circlet_count":0,"master_deck":["AscendersBane","Strike_R","Strike_R","Strike_R","Strike_R","Strike_R","Defend_R","Defend_R","Defend_R+1","Defend_R","Bash","Clothesline+1","Pommel Strike","Armaments+1","Dropkick","Flex","True Grit+1"],"relics":["Burning Blood","Champion Belt","FossilizedHelix","Gremlin Horn","Ginger"],"potions_floor_usage":[7,13],"damage_taken":[{"damage":16,"enemies":"Jaw Worm","floor":1,"turns":5},{"damage":2,"enemies":"2 Louse","floor":2,"turns":4},{"damage":0,"enemies":"Cultist","floor":4,"turns":3},{"damage":36,"enemies":"3 Sentries","floor":7,"turns":12},{"damage":0,"enemies":"2 Fungi Beasts","floor":10,"turns":4},{"damage":7,"enemies":"Exordium Wildlife","floor":12,"turns":4},{"damage":11,"enemies":"Exordium Thugs","floor":13,"turns":4},{"damage":15,"enemies":"3 Sentries","floor":14,"turns":10},{"damage":31,"enemies":"Hexaghost","floor":16,"turns":11}],"seed_played":"2889249792530685686","potions_obtained":[{"floor":4,"key":"SkillPotion"},{"floor":12,"key":"SteroidPotion"}],"is_trial":false,"path_per_floor":["M","M","?","M","?","R","E","R","T","M","$","M","M","?","R","B"],"character_chosen":"IRONCLAD","items_purchased":["Gremlin Horn"],"campfire_rested":1,"item_purchase_floors":[11],"current_hp_per_floor":[62,66,50,56,48,48,18,42,42,48,48,47,42,33,33,2],"gold":134,"neow_bonus":"HUNDRED_GOLD","is_prod":false,"is_daily":false,"chose_seed":false,"campfire_upgraded":2,"win_rate":0,"timestamp":1545546287,"path_taken":["M","M","?","M","?","R","E","R","T","M","$","?","M","?","R","BOSS"],"build_version":"2018-12-20","purchased_purges":0,"victory":false,"max_hp_per_floor":[80,80,80,80,80,80,80,80,80,80,80,80,80,80,80,80],"card_choices":[{"not_picked":["Havoc","Body Slam"],"picked":"Clothesline","floor":1},{"not_picked":["Clothesline","Anger"],"picked":"Pommel Strike","floor":2},{"not_picked":["Clash","Heavy Blade"],"picked":"Armaments","floor":4},{"not_picked":["Pommel Strike","Clash","Corruption"],"picked":"SKIP","floor":7},{"not_picked":["Armaments","Sword Boomerang"],"picked":"Dropkick","floor":10},{"not_picked":["Dark Embrace","Iron Wave"],"picked":"Flex","floor":12},{"not_picked":["Sever Soul","Twin Strike"],"picked":"True Grit","floor":13}],"player_experience":501586,"relics_obtained":[{"floor":7,"key":"Champion Belt"},{"floor":9,"key":"FossilizedHelix"},{"floor":14,"key":"Ginger"}],"event_choices":[{"damage_healed":0,"gold_gain":0,"player_choice":"Entered Light","damage_taken":16,"max_hp_gain":0,"max_hp_loss":0,"event_name":"Shining Light","floor":3,"gold_loss":0,"cards_upgraded":["Defend_R","Clothesline"]},{"damage_healed":0,"gold_gain":0,"player_choice":"Damaged","damage_taken":8,"max_hp_gain":0,"max_hp_loss":0,"event_name":"Wheel of Change","floor":5,"gold_loss":0},{"damage_healed":0,"gold_gain":0,"player_choice":"Searched \u00271\u0027 times","damage_taken":0,"max_hp_gain":0,"max_hp_loss":0,"event_name":"Dead Adventurer","floor":14,"gold_loss":0}],"is_beta":false,"boss_relics":[],"items_purged_floors":[],"is_endless":false,"potions_floor_spawned":[4,12],"killed_by":"Hexaghost","ascension_level":12}