{"gold_per_floor":[10,27,40,57,12,12,12,12,12,24,24,35,35,61,61,133,133,150,75,75,93,93,126,142,142,142,152,179,189,200,200,200,200],"floor_reached":33,"playtime":84756,"items_purged":[],"score":469,"play_id":"a6004219-9035-44d0-96b3-ae84cd8895a1","local_time":"20181229120400","is_ascension_mode":true,"campfire_choices":[{"data":"Whirlwind","floor":7,"key":"SMITH"},{"data":"Disarm","floor":11,"key":"SMITH"},{"data":"Rampage","floor":13,"key":"SMITH"},{"data":"Battle Trance","floor":15,"key":"SMITH"},{"data":"Shrug It Off","floor":25,"key":"SMITH"},{"data":"Thunderclap","floor":32,"key":"SMITH"}],"neow_cost":"NO_GOLD","seed_source_timestamp":158383754193442,"circlet_count":0,"master_deck":["AscendersBane","Strike_R","Strike_R","Defend_R","Defend_R","Bash","Battle Trance+1","Rampage+1","Whirlwind+1","Shrug It Off","Disarm+1","Clothesline","Limit Break","Shrug It Off+1","Thunderclap+1","Ghostly","Ghostly","Ghostly","Ghostly","Ghostly"],"relics":["Burning Blood","Blood Vial","Bottled Flame","Velvet Choker","Potion Belt","Paper Frog","Centennial Puzzle"],"potions_floor_usage":[4,14,23,24,33,33,33],"damage_taken":[{"damage":0,"enemies":"Small Slimes","floor":1,"turns":3},{"damage":6,"enemies":"2 Louse","floor":2,"turns":3},{"damage":6,"enemies":"Cultist","floor":3,"turns":3},{"damage":6,"enemies":"Gremlin Gang","floor":4,"turns":4},{"damage":8,"enemies":"Blue Slaver","floor":10,"turns":4},{"damage":10,"enemies":"Large Slime","floor":12,"turns":5},{"damage":36,"enemies":"Lagavulin","floor":14,"turns":7},{"damage":21,"enemies":"Hexaghost","floor":16,"turns":9},{"damage":16,"enemies":"Shell Parasite","floor":18,"turns":5},{"damage":27,"enemies":"Colosseum Slavers","floor":20,"turns":4},{"damage":3,"enemies":"3 Byrds","floor":21,"turns":4},{"damage":18,"enemies":"Gremlin Leader","floor":23,"turns":6},{"damage":9,"enemies":"Snake Plant","floor":24,"turns":4},{"damage":14,"enemies":"Centurion and Healer","floor":27,"turns":5},{"damage":0,"enemies":"3 Cultists","floor":29,"turns":3},{"damage":10,"enemies":"Snecko","floor":30,"turns":4},{"damage":5,"enemies":"Collector","floor":33,"turns":6}],"seed_played":"4109280332729903765","potions_obtained":[{"floor":2,"key":"AttackPotion"},{"floor":3,"key":"Dexterity Potion"},{"floor":12,"key":"SteroidPotion"},{"floor":18,"key":"BloodPotion"},{"floor":23,"key":"Poison Potion"},{"floor":29,"key":"SkillPotion"},{"floor":30,"key":"SteroidPotion"}],"is_trial":false,"path_per_floor":["M","M","M","M","$","?","R","?","T","M","R","M","R","E","R","B",null,"M","?","?","M","?","E","M","R","T","M","T","M","M","?","R","B"],"character_chosen":"IRONCLAD","items_purchased":["Shrug It Off"],"campfire_rested":0,"item_purchase_floors":[5],"current_hp_per_floor":[78,78,78,78,78,71,71,80,80,78,78,76,76,48,48,35,69,61,61,42,47,47,37,36,36,36,30,30,38,36,36,36,37],"gold":200,"neow_bonus":"TRANSFORM_TWO_CARDS","is_prod":false,"is_daily":false,"chose_seed":false,"campfire_upgraded":6,"win_rate":0,"timestamp":1546113840,"path_taken":["M","M","M","M","$","?","R","?","T","?","R","?","R","E","R","BOSS","M","?","?","M","?","E","M","R","T","M","?","M","?","?","R","BOSS"],"build_version":"2018-12-20","purchased_purges":0,"victory":false,"max_hp_per_floor":[80,80,80,80,80,80,80,80,80,80,80,80,80,80,80,80,80,80,80,80,80,80,80,80,80,80,80,80,80,80,40,40,40],"card_choices":[{"not_picked":["Havoc","Rupture","Feel No Pain"],"picked":"SKIP","floor":1},{"not_picked":["Heavy Blade","Armaments"],"picked":"Rampage","floor":2},{"not_picked":["Twin Strike","Seeing Red","Sever Soul"],"picked":"SKIP","floor":3},{"not_picked":["Blood for Blood","Sword Boomerang"],"picked":"Whirlwind","floor":4},{"not_picked":["Clash","Headbutt"],"picked":"Disarm","floor":10},{"not_picked":["Intimidate","Rupture"],"picked":"Clothesline","floor":12},{"not_picked":["Spot Weakness","Clash","Anger"],"picked":"SKIP","floor":14},{"not_picked":["Bludgeon","Exhume"],"picked":"Limit Break","floor":16},{"not_picked":["Rage","Warcry"],"picked":"Shrug It Off","floor":18},{"not_picked":["Feel No Pain","Twin Strike","Armaments"],"picked":"SKIP","floor":21},{"not_picked":["Sword Boomerang","Reckless Charge","Iron Wave"],"picked":"SKIP","floor":23},{"not_picked":["Heavy Blade","Intimidate","Iron Wave"],"picked":"SKIP","floor":24},{"not_picked":["Searing Blow","Seeing Red","Clash"],"picked":"SKIP","floor":27},{"not_picked":["Wild Strike","Sever Soul","Havoc"],"picked":"SKIP","floor":29},{"not_picked":["Battle Trance","Uppercut"],"picked":"Thunderclap","floor":30}],"player_experience":551377,"relics_obtained":[{"floor":9,"key":"Blood Vial"},{"floor":14,"key":"Bottled Flame"},{"floor":23,"key":"Potion Belt"},{"floor":26,"key":"Paper Frog"},{"floor":28,"key":"Centennial Puzzle"}],"event_choices":[{"cards_removed":["Strike_R"],"damage_healed":0,"gold_gain":0,"player_choice":"Card Removal","damage_taken":7,"max_hp_gain":0,"max_hp_loss":0,"event_name":"Golden Wing","floor":6,"gold_loss":0},{"cards_removed":["Evolve"],"damage_healed":9,"gold_gain":0,"player_choice":"Offered Uncommon","damage_taken":0,"max_hp_gain":0,"max_hp_loss":0,"event_name":"Bonfire Elementals","floor":8,"gold_loss":0},{"cards_removed":["Defend_R"],"damage_healed":0,"gold_gain":0,"player_choice":"Gave Gold","damage_taken":0,"max_hp_gain":0,"max_hp_loss":0,"event_name":"Beggar","floor":19,"gold_loss":75},{"damage_healed":0,"gold_gain":0,"player_choice":"Fight","damage_taken":0,"max_hp_gain":0,"max_hp_loss":0,"event_name":"Colosseum","floor":20,"gold_loss":0},{"damage_healed":0,"gold_gain":0,"player_choice":"Fled From Nobs","damage_taken":0,"max_hp_gain":0,"max_hp_loss":0,"event_name":"Colosseum","floor":20,"gold_loss":0},{"cards_removed":["Defend_R"],"damage_healed":0,"gold_gain":0,"player_choice":"Elegance","damage_taken":0,"max_hp_gain":0,"max_hp_loss":0,"event_name":"Back to Basics","floor":22,"gold_loss":0},{"damage_healed":0,"gold_gain":0,"player_choice":"Became a Ghost","damage_taken":0,"max_hp_gain":0,"max_hp_loss":40,"event_name":"Ghosts","floor":31,"gold_loss":0,"cards_obtained":["Ghostly","Ghostly","Ghostly","Ghostly","Ghostly"]}],"is_beta":false,"boss_relics":[{"not_picked":["Orrery","Busted Crown"],"picked":"Velvet Choker"}],"items_purged_floors":[],"is_endless":false,"potions_floor_spawned":[2,3,12,18,23,29,30],"killed_by":"Collector","ascension_level":13}