{"gold_per_floor":[110,130,56,6,23,51,51,114,189,221,240,240,254,279,279,279],"floor_reached":16,"playtime":795,"items_purged":[],"score":138,"play_id":"077e2865-fccc-40bf-8092-abf84afba556","local_time":"20190705190751","is_ascension_mode":true,"campfire_choices":[{"data":"Skewer","floor":7,"key":"SMITH"},{"floor":12,"key":"REST"},{"floor":15,"key":"REST"}],"neow_cost":"NONE","seed_source_timestamp":1446279818414568,"circlet_count":0,"master_deck":["Strike_G","Strike_G","Strike_G","Strike_G","Defend_G","Defend_G","Defend_G","Defend_G","Defend_G","Survivor","Neutralize","Underhanded Strike","Skewer+1","Choke","Predator","Prepared","Tactician","PiercingWail","Choke","Noxious Fumes"],"relics":["HoveringKite","Pen Nib","Boot","Pear","Potion Belt","Bronze Scales"],"potions_floor_usage":[13,14],"damage_taken":[{"damage":10,"enemies":"Cultist","floor":1,"turns":4},{"damage":15,"enemies":"Jaw Worm","floor":2,"turns":4},{"damage":2,"enemies":"Small Slimes","floor":5,"turns":2},{"damage":15,"enemies":"Gremlin Nob","floor":6,"turns":4},{"damage":17,"enemies":"3 Sentries","floor":8,"turns":4},{"damage":12,"enemies":"Lagavulin","floor":10,"turns":4},{"damage":4,"enemies":"2 Fungi Beasts","floor":11,"turns":2},{"damage":8,"enemies":"Exordium Wildlife","floor":13,"turns":4},{"damage":19,"enemies":"3 Sentries","floor":14,"turns":6},{"damage":29,"enemies":"Slime Boss","floor":16,"turns":7}],"seed_played":"594287708227540248","potions_obtained":[{"floor":8,"key":"AttackPotion"},{"floor":10,"key":"SmokeBomb"},{"floor":11,"key":"SmokeBomb"},{"floor":13,"key":"Weak Potion"}],"is_trial":false,"path_per_floor":["M","M","$","?","M","E","R","?","T","E","M","R","M","E","R","B"],"character_chosen":"THE_SILENT","items_purchased":["Skewer"],"campfire_rested":2,"item_purchase_floors":[3],"current_hp_per_floor":[60,45,45,45,43,28,28,11,21,9,5,29,21,2,26,0],"gold":279,"neow_bonus":"BOSS_RELIC","is_prod":false,"is_daily":false,"chose_seed":false,"campfire_upgraded":1,"win_rate":0,"timestamp":1562378871,"path_taken":["M","M","$","?","M","E","R","?","T","E","M","R","M","E","R","BOSS"],"build_version":"2019-07-01","purchased_purges":0,"victory":false,"max_hp_per_floor":[70,70,70,70,70,70,70,70,80,80,80,80,80,80,80,80],"card_choices":[{"not_picked":["Flying Knee","Deflect"],"picked":"Underhanded Strike","floor":1},{"not_picked":["Dagger Spray","Finisher","Masterful Stab"],"picked":"SKIP","floor":2},{"not_picked":["All Out Attack","Heel Hook"],"picked":"Choke","floor":5},{"not_picked":["Deadly Poison","Quick Slash"],"picked":"Predator","floor":6},{"not_picked":["Cloak And Dagger","Poisoned Stab"],"picked":"Prepared","floor":8},{"not_picked":["All Out Attack","Doppelganger"],"picked":"Tactician","floor":10},{"not_picked":["Prepared","Bane"],"picked":"PiercingWail","floor":11},{"not_picked":["Cloak And Dagger","Sucker Punch"],"picked":"Choke","floor":13},{"not_picked":["Slice","Caltrops"],"picked":"Noxious Fumes","floor":14}],"player_experience":248646,"relics_obtained":[{"floor":6,"key":"Pen Nib"},{"floor":8,"key":"Boot"},{"floor":9,"key":"Pear"},{"floor":10,"key":"Potion Belt"},{"floor":14,"key":"Bronze Scales"}],"event_choices":[{"cards_removed":["Strike_G"],"damage_healed":0,"gold_gain":0,"player_choice":"Card Removal","damage_taken":0,"max_hp_gain":0,"max_hp_loss":0,"event_name":"The Cleric","floor":4,"gold_loss":50},{"damage_healed":0,"gold_gain":0,"player_choice":"Searched \u00272\u0027 times","damage_taken":0,"max_hp_gain":0,"max_hp_loss":0,"event_name":"Dead Adventurer","floor":8,"gold_loss":0}],"is_beta":false,"boss_relics":[],"items_purged_floors":[],"is_endless":false,"potions_floor_spawned":[8,10,11,13],"killed_by":"Slime Boss","ascension_level":3}