{"gold_per_floor":[115,115,165,180,199,227,245,245,270,301,320,348,348,364,364,364],"floor_reached":16,"playtime":1906,"items_purged":[],"score":238,"play_id":"f07bcdbd-4ffe-4cb9-a842-70fd449522db","local_time":"20190626220049","is_ascension_mode":true,"campfire_choices":[{"floor":8,"key":"REST"},{"floor":15,"key":"REST"}],"neow_cost":"NONE","seed_source_timestamp":539258103312352,"circlet_count":0,"master_deck":["AscendersBane","Defend_G","Defend_G","Defend_G","Defend_G","Defend_G","Strike_G","Strike_G","Strike_G","Strike_G","Strike_G","Survivor","Neutralize+1","Choke","Cloak And Dagger","Deadly Poison","Dodge and Roll","A Thousand Cuts","Dagger Spray","Glass Knife","Backflip"],"relics":["Ring of the Snake","Omamori","Regal Pillow","Centennial Puzzle","Oddly Smooth Stone","Vajra","Letter Opener"],"potions_floor_usage":[6,6,16],"damage_taken":[{"damage":1,"enemies":"Jaw Worm","floor":1,"turns":6},{"damage":0,"enemies":"Cultist","floor":4,"turns":5},{"damage":0,"enemies":"2 Louse","floor":5,"turns":3},{"damage":22,"enemies":"3 Sentries","floor":6,"turns":13},{"damage":9,"enemies":"Looter","floor":7,"turns":3},{"damage":25,"enemies":"Lagavulin","floor":10,"turns":8},{"damage":6,"enemies":"Exordium Thugs","floor":11,"turns":5},{"damage":21,"enemies":"3 Sentries","floor":12,"turns":7},{"damage":0,"enemies":"3 Louse","floor":14,"turns":2},{"damage":45,"enemies":"Slime Boss","floor":16,"turns":9}],"seed_played":"-1014586195444206565","potions_obtained":[{"floor":1,"key":"FearPotion"},{"floor":4,"key":"Block Potion"},{"floor":7,"key":"LiquidBronze"},{"floor":12,"key":"SpeedPotion"}],"is_trial":false,"path_per_floor":["M","?","?","M","M","E","M","R","T","E","M","E","T","M","R","B"],"character_chosen":"THE_SILENT","items_purchased":[],"campfire_rested":2,"item_purchase_floors":[],"current_hp_per_floor":[58,53,53,53,53,31,22,56,56,31,25,4,4,4,38,0],"gold":364,"neow_bonus":"UPGRADE_CARD","is_prod":false,"is_daily":false,"chose_seed":false,"campfire_upgraded":0,"win_rate":0,"timestamp":1561611649,"path_taken":["M","?","?","?","M","E","M","R","T","E","M","E","?","M","R","BOSS"],"build_version":"2019-01-23","purchased_purges":0,"victory":false,"max_hp_per_floor":[66,66,66,66,66,66,66,66,66,66,66,66,66,66,66,66],"card_choices":[{"not_picked":["Dodge and Roll","Sucker Punch"],"picked":"Choke","floor":1},{"not_picked":["Bane","Choke"],"picked":"Cloak And Dagger","floor":4},{"not_picked":["Acrobatics","Deflect"],"picked":"Deadly Poison","floor":5},{"not_picked":["Bane","Underhanded Strike"],"picked":"Dodge and Roll","floor":6},{"not_picked":["A Thousand Cuts","Slice","Bane"],"picked":"SKIP","floor":7},{"not_picked":["Slice","Bane"],"picked":"A Thousand Cuts","floor":7},{"not_picked":["Accuracy","Terror"],"picked":"Dagger Spray","floor":10},{"not_picked":["Predator","Dagger Throw"],"picked":"Glass Knife","floor":11},{"not_picked":["Deflect","Prepared","Poisoned Stab"],"picked":"SKIP","floor":12},{"not_picked":["PiercingWail","Bane"],"picked":"Backflip","floor":14}],"player_experience":1358483,"relics_obtained":[{"floor":6,"key":"Regal Pillow"},{"floor":9,"key":"Centennial Puzzle"},{"floor":10,"key":"Oddly Smooth Stone"},{"floor":12,"key":"Vajra"},{"floor":13,"key":"Letter Opener"}],"event_choices":[{"damage_healed":0,"gold_gain":0,"player_choice":"Success","damage_taken":5,"relics_obtained":["Omamori"],"max_hp_gain":0,"max_hp_loss":0,"event_name":"Scrap Ooze","floor":2,"gold_loss":0},{"damage_healed":0,"gold_gain":50,"player_choice":"Pray","damage_taken":0,"max_hp_gain":0,"max_hp_loss":0,"event_name":"Golden Shrine","floor":3,"gold_loss":0}],"is_beta":false,"boss_relics":[],"items_purged_floors":[],"is_endless":false,"potions_floor_spawned":[1,4,7,12],"killed_by":"Slime Boss","ascension_level":19}