{"gold_per_floor":[115,43,43,43,57,70,70,70,70,145,175,186,217,228,228,328,328,342,54,54,54,54,84,84,109,109,109,109,9,35,35,35,138,138,151,4,4,4],"floor_reached":39,"playtime":2377,"items_purged":["Anger","Strike_R"],"score":1065,"play_id":"03a298ba-7aa6-481e-a451-84583a676909","local_time":"20181109132050","is_ascension_mode":true,"campfire_choices":[{"data":"Body Slam","floor":8,"key":"SMITH"},{"data":"Pommel Strike","floor":15,"key":"SMITH"},{"data":"Barricade","floor":24,"key":"SMITH"},{"data":"Rampage","floor":28,"key":"SMITH"},{"floor":32,"key":"REST"}],"neow_cost":"PERCENT_DAMAGE","seed_source_timestamp":1518495300888,"circlet_count":0,"master_deck":["Strike_R","Strike_R","Defend_R","Defend_R","Defend_R","Defend_R","Bash","Rampage+1","Body Slam+1","Inflame","Headbutt","Pommel Strike+1","Double Tap+1","Barricade+1","Shrug It Off+1","Burning Pact+1","Flame Barrier+1"],"relics":["Burning Blood","Meat on the Bone","Gambling Chip","Singing Bowl","Toxic Egg 2","Cursed Key","Oddly Smooth Stone","Bag of Marbles","Potion Belt","Paper Frog","Matryoshka","Fusion Hammer"],"potions_floor_usage":[4,6,13,16,23,23,30,33,35,38],"damage_taken":[{"damage":3,"enemies":"Jaw Worm","floor":1,"turns":5},{"damage":6,"enemies":"Cultist","floor":5,"turns":3},{"damage":3,"enemies":"Small Slimes","floor":6,"turns":4},{"damage":35,"enemies":"3 Sentries","floor":11,"turns":7},{"damage":7,"enemies":"2 Fungi Beasts","floor":12,"turns":3},{"damage":10,"enemies":"Gremlin Nob","floor":13,"turns":3},{"damage":16,"enemies":"Exordium Thugs","floor":14,"turns":3},{"damage":39,"enemies":"Hexaghost","floor":16,"turns":7},{"damage":28,"enemies":"2 Thieves","floor":18,"turns":4},{"damage":26,"enemies":"Book of Stabbing","floor":23,"turns":5},{"damage":12,"enemies":"Gremlin Leader","floor":25,"turns":6},{"damage":25,"enemies":"Slavers","floor":30,"turns":7},{"damage":38,"enemies":"Automaton","floor":33,"turns":10},{"damage":5,"enemies":"Orb Walker","floor":35,"turns":2},{"damage":52,"enemies":"Time Eater","floor":38,"turns":11}],"seed_played":"6813073707546034972","potions_obtained":[{"floor":4,"key":"Fruit Juice"},{"floor":4,"key":"FairyPotion"},{"floor":4,"key":"EssenceOfSteel"},{"floor":11,"key":"Fire Potion"},{"floor":13,"key":"Block Potion"},{"floor":16,"key":"Weak Potion"},{"floor":18,"key":"Block Potion"},{"floor":25,"key":"EssenceOfSteel"},{"floor":30,"key":"Weak Potion"},{"floor":35,"key":"Fruit Juice"}],"is_trial":false,"path_per_floor":["M","$","?","?","M","M","?","R","T","?","E","M","E","M","R","B",null,"M","$","?","?","?","E","R","E","T","?","R","$","E","$","R","B",null,"M","$","?","B",null],"character_chosen":"IRONCLAD","items_purchased":["Rampage","Burning Pact+1","Oddly Smooth Stone","Flame Barrier+1","EssenceOfSteel"],"campfire_rested":1,"item_purchase_floors":[2,19,19,36,36],"current_hp_per_floor":[54,54,51,56,56,59,85,85,85,74,57,56,52,56,56,35,74,52,52,52,81,81,63,63,59,59,59,59,59,54,54,81,63,87,95,95,95,61],"gold":4,"neow_bonus":"REMOVE_TWO","is_prod":false,"is_daily":false,"chose_seed":false,"campfire_upgraded":4,"win_rate":0,"timestamp":1541798450,"path_taken":["M","$","?","?","M","?","?","R","T","?","E","M","E","M","R","BOSS","M","$","?","?","?","E","R","E","T","?","R","$","E","?","R","BOSS","M","$","?","BOSS"],"build_version":"2018-11-08","purchased_purges":2,"victory":true,"max_hp_per_floor":[80,80,80,85,85,85,85,85,85,85,85,85,85,87,87,87,87,87,87,87,87,87,89,89,91,91,91,91,91,93,93,93,95,95,102,102,102,102],"card_choices":[{"not_picked":["Perfected Strike","Entrench"],"picked":"Anger","floor":1},{"not_picked":["Bloodletting","Offering"],"picked":"Body Slam","floor":5},{"not_picked":["Pummel","Sword Boomerang"],"picked":"Inflame","floor":6},{"not_picked":["Disarm","Armaments"],"picked":"Headbutt","floor":11},{"not_picked":["Disarm","Pummel"],"picked":"Pommel Strike","floor":12},{"not_picked":["Iron Wave","Pummel"],"picked":"Double Tap","floor":13},{"not_picked":["Clothesline","Thunderclap","Iron Wave"],"picked":"Singing Bowl","floor":14},{"not_picked":["Reaper","Feed"],"picked":"Barricade","floor":16},{"not_picked":["Sword Boomerang","Searing Blow+1"],"picked":"Shrug It Off+1","floor":18},{"not_picked":["Clash","Blood for Blood+1","Heavy Blade"],"picked":"Singing Bowl","floor":23},{"not_picked":["Pommel Strike","Carnage+1","Sentinel+1"],"picked":"Singing Bowl","floor":25},{"not_picked":["Heavy Blade","Blood for Blood+1","Wild Strike"],"picked":"Singing Bowl","floor":30},{"not_picked":["Limit Break+1","Reaper","Feed"],"picked":"Singing Bowl","floor":33},{"not_picked":["Pommel Strike","Cleave","Iron Wave+1"],"picked":"Singing Bowl","floor":35}],"player_experience":302918,"relics_obtained":[{"floor":9,"key":"Gambling Chip"},{"floor":11,"key":"Singing Bowl"},{"floor":13,"key":"Toxic Egg 2"},{"floor":23,"key":"Bag of Marbles"},{"floor":25,"key":"Potion Belt"},{"floor":26,"key":"Paper Frog"},{"floor":30,"key":"Matryoshka"}],"event_choices":[{"damage_healed":0,"gold_gain":0,"player_choice":"Success","damage_taken":3,"relics_obtained":["Meat on the Bone"],"max_hp_gain":0,"max_hp_loss":0,"event_name":"Scrap Ooze","floor":3,"gold_loss":0},{"damage_healed":0,"gold_gain":0,"player_choice":"Got Potions","damage_taken":0,"max_hp_gain":0,"max_hp_loss":0,"event_name":"Lab","floor":4,"gold_loss":0},{"damage_healed":28,"gold_gain":0,"player_choice":"Banana","damage_taken":0,"max_hp_gain":0,"max_hp_loss":0,"event_name":"Big Fish","floor":7,"gold_loss":0},{"damage_healed":0,"gold_gain":75,"player_choice":"Gather Gold","damage_taken":11,"max_hp_gain":0,"max_hp_loss":0,"event_name":"World of Goop","floor":10,"gold_loss":0},{"damage_healed":0,"gold_gain":0,"player_choice":"Ignored","damage_taken":0,"max_hp_gain":0,"max_hp_loss":0,"event_name":"Ghosts","floor":20,"gold_loss":0},{"damage_healed":29,"gold_gain":0,"player_choice":"Heal","damage_taken":0,"max_hp_gain":0,"max_hp_loss":0,"event_name":"The Library","floor":21,"gold_loss":0},{"damage_healed":0,"gold_gain":0,"player_choice":"Ignored","damage_taken":0,"max_hp_gain":0,"max_hp_loss":0,"event_name":"Cursed Tome","floor":22,"gold_loss":0},{"cards_removed":["Normality"],"damage_healed":0,"gold_gain":0,"player_choice":"Elegance","damage_taken":0,"max_hp_gain":0,"max_hp_loss":0,"event_name":"Back to Basics","floor":27,"gold_loss":0},{"damage_healed":0,"gold_gain":0,"player_choice":"Took Portal","damage_taken":0,"max_hp_gain":0,"max_hp_loss":0,"event_name":"SecretPortal","floor":37,"gold_loss":0}],"is_beta":false,"boss_relics":[{"not_picked":["Lizard Tail","Astrolabe"],"picked":"Cursed Key"},{"not_picked":["Runic Dome","Runic Cube"],"picked":"Fusion Hammer"}],"items_purged_floors":[19,29],"is_endless":false,"potions_floor_spawned":[11,13,16,18,25,30,35],"ascension_level":9}