{"gold_per_floor":[114,114,127,202,202,235,235,235],"floor_reached":8,"playtime":756,"items_purged":[],"score":54,"play_id":"d15f1ee8-ddde-497a-87fe-1d41023a7d87","local_time":"20190606232749","is_ascension_mode":false,"campfire_choices":[{"floor":7,"key":"REST"}],"neow_cost":"NONE","seed_source_timestamp":1969942228194383,"circlet_count":0,"master_deck":["Strike_R","Strike_R","Strike_R","Strike_R","Strike_R","Defend_R","Defend_R","Defend_R","Defend_R","Bash","Iron Wave","Twin Strike","Injury","Clothesline","Battle Trance"],"relics":["Burning Blood","Golden Idol","Letter Opener"],"potions_floor_usage":[],"damage_taken":[{"damage":0,"enemies":"2 Louse","floor":1,"turns":3},{"damage":1,"enemies":"Jaw Worm","floor":3,"turns":4},{"damage":58,"enemies":"Gremlin Nob","floor":6,"turns":7},{"damage":49,"enemies":"3 Sentries","floor":8,"turns":8}],"seed_played":"4268122729113645115","potions_obtained":[{"floor":1,"key":"EssenceOfSteel"}],"is_trial":false,"path_per_floor":["M","?","M","?","?","E","R","E"],"character_chosen":"IRONCLAD","items_purchased":[],"campfire_rested":1,"item_purchase_floors":[],"current_hp_per_floor":[80,80,80,69,74,22,47,0],"gold":235,"neow_bonus":"THREE_CARDS","is_prod":false,"is_daily":false,"chose_seed":false,"campfire_upgraded":0,"win_rate":0.0,"timestamp":1559881669,"path_taken":["M","?","M","?","?","E","R","E"],"build_version":"2019-01-23","purchased_purges":0,"victory":false,"max_hp_per_floor":[80,80,80,80,85,85,85,85],"card_choices":[{"not_picked":["Burning Pact","Rampage"],"picked":"Iron Wave","floor":0},{"not_picked":["Pummel","Wild Strike"],"picked":"Twin Strike","floor":1},{"not_picked":["Clash","True Grit"],"picked":"Clothesline","floor":3},{"not_picked":["Entrench","Feel No Pain"],"picked":"Battle Trance","floor":6}],"player_experience":58593,"relics_obtained":[{"floor":6,"key":"Letter Opener"}],"event_choices":[{"damage_healed":0,"gold_gain":0,"player_choice":"Take Wound","damage_taken":0,"relics_obtained":["Golden Idol"],"max_hp_gain":0,"max_hp_loss":0,"event_name":"Golden Idol","floor":2,"gold_loss":0,"cards_obtained":["Injury"]},{"damage_healed":0,"gold_gain":75,"player_choice":"Gather Gold","damage_taken":11,"max_hp_gain":0,"max_hp_loss":0,"event_name":"World of Goop","floor":4,"gold_loss":0},{"damage_healed":0,"gold_gain":0,"player_choice":"Donut","damage_taken":0,"max_hp_gain":5,"max_hp_loss":0,"event_name":"Big Fish","floor":5,"gold_loss":0}],"is_beta":false,"boss_relics":[],"items_purged_floors":[],"is_endless":false,"potions_floor_spawned":[1],"killed_by":"3 Sentries","ascension_level":0}