{"gold_per_floor":[112,47,65,81,100,126,126,146,146,146,178,192,157,190,190,190],"floor_reached":16,"playtime":894,"items_purged":[],"score":195,"play_id":"54a8c824-a175-45a0-b613-5c2b36d27a6a","local_time":"20181222233610","is_ascension_mode":true,"campfire_choices":[{"data":"True Grit","floor":7,"key":"SMITH"},{"data":"Inflame","floor":10,"key":"SMITH"},{"data":"Heavy Blade","floor":15,"key":"SMITH"}],"neow_cost":"NONE","seed_source_timestamp":3492758608456888,"circlet_count":0,"master_deck":["AscendersBane","Strike_R","Strike_R","Strike_R","Strike_R","Defend_R","Defend_R","Defend_R","Defend_R","Bash","Inflame+1","True Grit+1","Heavy Blade+1","Sword Boomerang","Double Tap","Cleave","True Grit"],"relics":["Burning Blood","Bag of Marbles","Lantern","Ornamental Fan","Dead Branch","Mummified Hand"],"potions_floor_usage":[5,6,16],"damage_taken":[{"damage":15,"enemies":"Jaw Worm","floor":1,"turns":6},{"damage":16,"enemies":"Cultist","floor":3,"turns":4},{"damage":0,"enemies":"Small Slimes","floor":4,"turns":2},{"damage":0,"enemies":"Exordium Thugs","floor":5,"turns":1},{"damage":23,"enemies":"Lagavulin","floor":6,"turns":5},{"damage":2,"enemies":"Looter","floor":8,"turns":2},{"damage":46,"enemies":"3 Sentries","floor":11,"turns":9},{"damage":5,"enemies":"Gremlin Gang","floor":12,"turns":3},{"damage":11,"enemies":"Gremlin Nob","floor":14,"turns":3},{"damage":30,"enemies":"Hexaghost","floor":16,"turns":7}],"seed_played":"61728808050179537","potions_obtained":[{"floor":3,"key":"Energy Potion"},{"floor":4,"key":"AttackPotion"},{"floor":8,"key":"Ancient Potion"},{"floor":14,"key":"SkillPotion"}],"is_trial":false,"path_per_floor":["M","?","M","M","M","E","R","M","T","R","E","M","?","E","R","B"],"character_chosen":"IRONCLAD","items_purchased":[],"campfire_rested":0,"item_purchase_floors":[],"current_hp_per_floor":[63,63,53,59,65,48,48,52,52,52,12,13,33,28,28,0],"gold":190,"neow_bonus":"REMOVE_CARD","is_prod":false,"is_daily":false,"chose_seed":false,"campfire_upgraded":3,"win_rate":0,"timestamp":1545550570,"path_taken":["M","?","M","?","M","E","R","M","T","R","E","M","?","E","R","BOSS"],"build_version":"2018-12-20","purchased_purges":0,"victory":false,"max_hp_per_floor":[80,80,80,80,80,80,80,80,80,80,80,80,80,80,80,80],"card_choices":[{"not_picked":["Warcry","Sword Boomerang"],"picked":"Inflame","floor":1},{"not_picked":["Wild Strike","Shrug It Off"],"picked":"True Grit","floor":3},{"not_picked":["Ghostly Armor","Armaments"],"picked":"Heavy Blade","floor":4},{"not_picked":["Flex","Perfected Strike"],"picked":"Sword Boomerang","floor":5},{"not_picked":["Body Slam","Warcry"],"picked":"Double Tap","floor":6},{"not_picked":["Bloodletting","Havoc","Intimidate"],"picked":"SKIP","floor":8},{"not_picked":["Entrench","Carnage"],"picked":"Cleave","floor":11},{"not_picked":["Blood for Blood","Clash"],"picked":"True Grit","floor":12},{"not_picked":["Exhume","Thunderclap","Perfected Strike"],"picked":"SKIP","floor":14}],"player_experience":505921,"relics_obtained":[{"floor":6,"key":"Lantern"},{"floor":9,"key":"Ornamental Fan"},{"floor":11,"key":"Dead Branch"},{"floor":14,"key":"Mummified Hand"}],"event_choices":[{"damage_healed":0,"gold_gain":0,"player_choice":"Paid Gold","damage_taken":0,"relics_obtained":["Bag of Marbles"],"max_hp_gain":0,"max_hp_loss":0,"event_name":"WeMeetAgain","floor":2,"gold_loss":65},{"damage_healed":20,"gold_gain":0,"player_choice":"Healed","damage_taken":0,"max_hp_gain":0,"max_hp_loss":0,"event_name":"The Cleric","floor":13,"gold_loss":35}],"is_beta":false,"boss_relics":[],"items_purged_floors":[],"is_endless":false,"potions_floor_spawned":[3,4,8,14],"killed_by":"Hexaghost","ascension_level":12}