{"gold_per_floor":[111,130,140,140,140,169,169,169,193,212,212,241,241],"floor_reached":13,"playtime":495,"items_purged":[],"score":98,"play_id":"6613e70f-a779-4193-8304-55424e2d97db","local_time":"20190321220119","is_ascension_mode":true,"campfire_choices":[{"data":"Noxious Fumes","floor":7,"key":"SMITH"},{"floor":11,"key":"REST"}],"neow_cost":"NONE","seed_source_timestamp":0,"circlet_count":0,"master_deck":["Defend_G","Defend_G","Defend_G","Defend_G","Defend_G","Strike_G","Strike_G","Strike_G","Survivor","Neutralize","Deadly Poison","Noxious Fumes+1","Bane","Poisoned Stab","Night Terror"],"special_seed":0,"relics":["Ring of the Snake","NeowsBlessing","Bag of Preparation","Question Card","Pen Nib","Blue Candle"],"potions_floor_usage":[13],"damage_taken":[{"damage":0.0,"enemies":"Cultist","floor":1.0,"turns":1.0},{"damage":0.0,"enemies":"Jaw Worm","floor":2.0,"turns":1.0},{"damage":0.0,"enemies":"Small Slimes","floor":3.0,"turns":1.0},{"damage":25,"enemies":"3 Sentries","floor":6,"turns":9},{"damage":0,"enemies":"Red Slaver","floor":10,"turns":5},{"damage":44,"enemies":"Gremlin Nob","floor":12,"turns":5},{"damage":4,"enemies":"Gremlin Gang","floor":13,"turns":1}],"seed_played":"-2414045992263909469","potions_obtained":[{"floor":6,"key":"SkillPotion"},{"floor":10,"key":"EssenceOfSteel"}],"is_trial":false,"path_per_floor":["M","M","M","?","?","E","R","?","T","M","R","E","M"],"character_chosen":"THE_SILENT","items_purchased":[],"campfire_rested":1,"item_purchase_floors":[],"current_hp_per_floor":[70,70,70,70,52,27,27,27,27,27,48,4,0],"gold":241,"neow_bonus":"THREE_ENEMY_KILL","is_prod":false,"is_daily":false,"chose_seed":false,"campfire_upgraded":1,"win_rate":0,"timestamp":1553230879,"path_taken":["M","M","?","?","?","E","R","?","T","M","R","E","M"],"build_version":"2019-01-23","purchased_purges":0,"victory":false,"max_hp_per_floor":[70,70,70,70,70,70,70,70,70,70,70,70,70],"card_choices":[{"not_picked":["Outmaneuver","Dodge and Roll","Tactician"],"picked":"SKIP","floor":1.0},{"not_picked":["Slice","Dagger Throw"],"picked":"Deadly Poison","floor":2.0},{"not_picked":["Heel Hook","Slice"],"picked":"Noxious Fumes","floor":3.0},{"not_picked":["Phantasmal Killer","Setup"],"picked":"Bane","floor":6},{"not_picked":["Quick Slash","Concentrate","Endless Agony"],"picked":"Poisoned Stab","floor":10},{"not_picked":["Terror","Masterful Stab","Blade Dance"],"picked":"Night Terror","floor":12}],"player_experience":108879,"relics_obtained":[{"floor":6,"key":"Question Card"},{"floor":9,"key":"Pen Nib"},{"floor":12,"key":"Blue Candle"}],"event_choices":[{"cards_removed":["Strike_G"],"damage_healed":0.0,"max_hp_gain":0.0,"max_hp_loss":0.0,"gold_gain":0.0,"event_name":"Living Wall","player_choice":"Forget","floor":4.0,"gold_loss":0.0,"damage_taken":0.0},{"damage_healed":0.0,"max_hp_gain":0.0,"max_hp_loss":0.0,"gold_gain":0.0,"event_name":"Scrap Ooze","player_choice":"Success","floor":5.0,"gold_loss":0.0,"damage_taken":18.0,"relics_obtained":["Bag of Preparation"]},{"cards_removed":["Strike_G"],"damage_healed":0,"gold_gain":0,"player_choice":"Purged","damage_taken":0,"max_hp_gain":0,"max_hp_loss":0,"event_name":"Purifier","floor":8,"gold_loss":0}],"is_beta":false,"boss_relics":[],"items_purged_floors":[],"is_endless":false,"potions_floor_spawned":[6,10],"killed_by":"Gremlin Gang","ascension_level":1}