{"gold_per_floor":[118,134,147,48,63,63,94,113,190,190,265,265,300,313,313,408,408,420,434,434],"floor_reached":20,"playtime":1062,"items_purged":["theSenshi:SailorKick"],"score":195,"play_id":"6bfa9467-01a8-429d-af1f-f185686d6e5c","local_time":"20190709004428","is_ascension_mode":true,"campfire_choices":[{"data":"theSenshi:TallSilhouette","floor":6,"key":"SMITH"},{"floor":10,"key":"REST"},{"floor":15,"key":"REST"}],"neow_cost":"NONE","seed_source_timestamp":310955360317961,"circlet_count":0,"master_deck":["theSenshi:SailorKick","theSenshi:SailorKick","theSenshi:SailorKick","theSenshi:SailorBlock","theSenshi:SailorBlock","theSenshi:SailorBlock","theSenshi:SailorBlock","theSenshi:RoseThrow","theSenshi:MoonPrismPowerMakeUp","theSenshi:MoonCrisisMakeUp","theSenshi:TuxedoSmokingBomber","theSenshi:VenusGlamour","theSenshi:TallSilhouette+1","theSenshi:EncouragingSpeech","theSenshi:LunaWiseMentor","theSenshi:JupitersPower+1","theSenshi:StudyParty","theSenshi:SailorUranusAssists+1"],"relics":["theSenshi:TransformationBroochRelic","NeowsBlessing","Unceasing Top","Molten Egg 2","Bottled Flame","Dead Branch","Black Star"],"potions_floor_usage":[7,13,13,16,20],"damage_taken":[{"damage":0,"enemies":"Cultist","floor":1,"turns":1},{"damage":0,"enemies":"Jaw Worm","floor":2,"turns":1},{"damage":0,"enemies":"2 Louse","floor":3,"turns":1},{"damage":0,"enemies":"Lots of Slimes","floor":5,"turns":1},{"damage":41,"enemies":"Gremlin Nob","floor":7,"turns":5},{"damage":9,"enemies":"2 Fungi Beasts","floor":8,"turns":3},{"damage":26,"enemies":"Lagavulin","floor":13,"turns":9},{"damage":0,"enemies":"3 Louse","floor":14,"turns":3},{"damage":22,"enemies":"The Guardian","floor":16,"turns":15},{"damage":24,"enemies":"3 Byrds","floor":18,"turns":6},{"damage":7,"enemies":"Chosen","floor":19,"turns":5},{"damage":55,"enemies":"3 Cultists","floor":20,"turns":4}],"seed_played":"-7260663423053572676","potions_obtained":[{"floor":2,"key":"Strength Potion"},{"floor":7,"key":"Weak Potion"},{"floor":8,"key":"FearPotion"},{"floor":14,"key":"SkillPotion"},{"floor":18,"key":"Explosive Potion"},{"floor":19,"key":"FearPotion"}],"is_trial":false,"path_per_floor":["M","M","M","$","M","R","E","M","T","R","?","T","E","M","R","B",null,"M","M","M"],"character_chosen":"THE_SENSHI","items_purchased":["theSenshi:TallSilhouette"],"campfire_rested":2,"item_purchase_floors":[4],"current_hp_per_floor":[75,75,75,75,75,75,34,25,25,47,36,36,10,10,32,10,75,51,44,0],"gold":434,"neow_bonus":"THREE_ENEMY_KILL","is_prod":false,"is_daily":false,"chose_seed":false,"campfire_upgraded":1,"win_rate":0,"timestamp":1562647468,"path_taken":["M","?","M","$","M","R","E","M","T","R","?","?","E","M","R","BOSS","M","M","?"],"build_version":"2019-07-05","purchased_purges":1,"victory":false,"max_hp_per_floor":[75,75,75,75,75,75,75,75,75,75,75,75,75,75,75,75,75,75,75,75],"card_choices":[{"not_picked":["theSenshi:SailorMarsAssists","theSenshi:GatheringStrength"],"picked":"theSenshi:MoonCrisisMakeUp","floor":1},{"not_picked":["theSenshi:SchoolBag","theSenshi:LunaSensingAllies"],"picked":"theSenshi:TuxedoSmokingBomber","floor":2},{"not_picked":["theSenshi:LunasBite","theSenshi:MoonTwilightFlash"],"picked":"theSenshi:VenusGlamour","floor":3},{"not_picked":["theSenshi:LunasBite","theSenshi:MoonPower","theSenshi:SailorChibiMoonAssists"],"picked":"SKIP","floor":5},{"not_picked":["theSenshi:TuxedoSmokingBomber","theSenshi:SailorMarsAssists"],"picked":"theSenshi:EncouragingSpeech","floor":7},{"not_picked":["theSenshi:TuxedoSmokingBomber","theSenshi:LateForSchool","theSenshi:SailorChibiMoonAssists"],"picked":"SKIP","floor":8},{"not_picked":["theSenshi:SchoolBag","theSenshi:OdangoHead"],"picked":"theSenshi:LunaWiseMentor","floor":13},{"not_picked":["theSenshi:MoonPunch+1","theSenshi:SailorMercuryAssists"],"picked":"theSenshi:JupitersPower+1","floor":14},{"not_picked":["theSenshi:SailorPlutoAssists+1","theSenshi:JupitersPower+1"],"picked":"theSenshi:StudyParty","floor":16},{"not_picked":["theSenshi:GatheringStrength+1","theSenshi:KlutzyLuck"],"picked":"theSenshi:SailorUranusAssists+1","floor":18},{"not_picked":["theSenshi:SailorMarsAssists+1","theSenshi:MoonCosmicPowerMakeUp","theSenshi:MoonCrystalPowerMakeUp"],"picked":"SKIP","floor":19}],"player_experience":233071,"relics_obtained":[{"floor":7,"key":"Unceasing Top"},{"floor":9,"key":"Molten Egg 2"},{"floor":12,"key":"Bottled Flame"},{"floor":13,"key":"Dead Branch"}],"event_choices":[{"damage_healed":0,"gold_gain":75,"player_choice":"Gather Gold","damage_taken":11,"max_hp_gain":0,"max_hp_loss":0,"event_name":"World of Goop","floor":11,"gold_loss":0}],"is_beta":false,"boss_relics":[{"not_picked":["Tiny House","Eternal Feather"],"picked":"Black Star"}],"items_purged_floors":[4],"is_endless":false,"potions_floor_spawned":[2,7,8,14,18,19],"killed_by":"3 Cultists","ascension_level":1}