{"gold_per_floor":[115,115,115,127,402,402,412,441,489,489,252,284,13,26,26,124,124,136,149,181,281,294,294,320,320,393,428,428,448,482,482,482,579,579,593,604,357,369,381,381,401,401,454,454,470,470,485,465,465,465],"floor_reached":50,"playtime":5545,"items_purged":[],"score":637,"play_id":"a385b609-1902-4a8b-bde2-89d476e4045f","local_time":"20190618230853","is_ascension_mode":true,"campfire_choices":[{"data":"Flex","floor":6,"key":"SMITH"},{"data":"Immolate","floor":15,"key":"SMITH"},{"data":"Rage","floor":23,"key":"SMITH"},{"floor":25,"key":"REST"},{"floor":28,"key":"REST"},{"data":"Flex","floor":32,"key":"SMITH"},{"data":"Armaments","floor":40,"key":"SMITH"},{"floor":42,"key":"REST"},{"data":"Metallicize","floor":44,"key":"SMITH"},{"floor":49,"key":"REST"}],"neow_cost":"NONE","seed_source_timestamp":51423160309354,"circlet_count":0,"master_deck":["Strike_R","Strike_R","Strike_R","Strike_R","Strike_R","Defend_R","Defend_R+1","Defend_R","Defend_R","Pommel Strike","Flex+1","Twin Strike","Shrug It Off+1","Flex+1","Metallicize+1","Immolate+1","Cleave","Impervious","Injury","Ghostly Armor+1","Clash+1","Rage+1","Shrug It Off+1","Body Slam+1","Iron Wave","Armaments+1"],"relics":["Burning Blood","Bronze Scales","Centennial Puzzle","Anchor","Darkstone Periapt","Lantern","Orichalcum","Strawberry","Astrolabe","Red Mask","Frozen Egg 2","Singing Bowl","Bottled Lightning","Blue Candle","War Paint","Nloth\u0027s Gift","Busted Crown","Potion Belt","Juzu Bracelet","Molten Egg 2"],"potions_floor_usage":[8,27,33,33,33,50,50,50,50],"damage_taken":[{"damage":6,"enemies":"Jaw Worm","floor":1,"turns":5},{"damage":0,"enemies":"2 Louse","floor":4,"turns":3},{"damage":8,"enemies":"Cultist","floor":7,"turns":4},{"damage":10,"enemies":"Gremlin Nob","floor":8,"turns":3},{"damage":22,"enemies":"3 Sentries","floor":12,"turns":7},{"damage":1,"enemies":"Exordium Wildlife","floor":14,"turns":2},{"damage":5,"enemies":"Slime Boss","floor":16,"turns":7},{"damage":4,"enemies":"Spheric Guardian","floor":18,"turns":3},{"damage":13,"enemies":"3 Byrds","floor":19,"turns":3},{"damage":18,"enemies":"Masked Bandits","floor":20,"turns":5},{"damage":0,"enemies":"Colosseum Slavers","floor":21,"turns":3},{"damage":9,"enemies":"Colosseum Nobs","floor":21,"turns":5},{"damage":0,"enemies":"Snake Plant","floor":22,"turns":3},{"damage":50,"enemies":"Gremlin Leader","floor":24,"turns":8},{"damage":30,"enemies":"Book of Stabbing","floor":27,"turns":5},{"damage":1,"enemies":"Sentry and Sphere","floor":29,"turns":4},{"damage":0,"enemies":"Gremlin Leader","floor":30,"turns":3},{"damage":81,"enemies":"Collector","floor":33,"turns":12},{"damage":0,"enemies":"Orb Walker","floor":35,"turns":3},{"damage":1,"enemies":"3 Shapes","floor":36,"turns":1},{"damage":5,"enemies":"Sphere and 2 Shapes","floor":38,"turns":5},{"damage":39,"enemies":"Spire Growth","floor":39,"turns":7},{"damage":8,"enemies":"Jaw Worm Horde","floor":41,"turns":3},{"damage":42,"enemies":"Maw","floor":45,"turns":8},{"damage":10,"enemies":"Transient","floor":47,"turns":5},{"damage":104,"enemies":"Donu and Deca","floor":50,"turns":10}],"seed_played":"-7627063177169710398","potions_obtained":[{"floor":7,"key":"Weak Potion"},{"floor":8,"key":"SpeedPotion"},{"floor":12,"key":"PowerPotion"},{"floor":19,"key":"Swift Potion"},{"floor":27,"key":"Weak Potion"},{"floor":33,"key":"Ancient Potion"},{"floor":47,"key":"Explosive Potion"},{"floor":48,"key":"EssenceOfSteel"}],"is_trial":false,"path_per_floor":["M","?","?","M","?","R","M","E","T","T","$","E","$","M","R","B",null,"M","M","?","?","M","R","E","R","T","E","R","M","E","?","R","B",null,"M","M","$","M","M","R","M","R","T","R","M","T","M","?","R","B"],"character_chosen":"IRONCLAD","items_purchased":["Lantern","Flex","Metallicize","Strawberry","Cleave","Immolate","Armaments","Potion Belt","AttackPotion"],"campfire_rested":4,"item_purchase_floors":[11,11,11,13,13,13,37,37,37],"current_hp_per_floor":[80,80,80,80,80,80,78,74,74,74,74,58,65,70,70,71,93,93,86,74,77,83,83,41,69,69,45,73,78,86,86,86,13,99,101,103,103,105,74,74,74,106,106,106,72,72,70,70,103,0],"gold":465,"neow_bonus":"RANDOM_COMMON_RELIC","is_prod":false,"is_daily":false,"chose_seed":false,"campfire_upgraded":6,"win_rate":0,"timestamp":1560917333,"path_taken":["M","?","?","M","?","R","?","E","T","?","?","E","?","M","R","BOSS","M","M","?","?","M","R","E","R","T","E","R","M","E","?","R","BOSS","M","M","$","M","M","R","M","R","T","R","M","?","M","?","R","BOSS"],"build_version":"2019-01-23","purchased_purges":0,"victory":false,"max_hp_per_floor":[80,80,80,80,80,80,80,80,80,80,80,80,87,87,87,87,93,93,93,93,93,93,93,95,95,95,95,95,95,97,97,97,99,99,101,103,103,105,107,107,109,109,109,109,111,111,113,113,113,113],"card_choices":[{"not_picked":["Wild Strike","Power Through"],"picked":"Pommel Strike","floor":1},{"not_picked":["Twin Strike","Shockwave"],"picked":"Flex","floor":4},{"not_picked":["True Grit","Disarm"],"picked":"Twin Strike","floor":7},{"not_picked":["Combust","Perfected Strike"],"picked":"Shrug It Off","floor":8},{"not_picked":["Sentinel","Headbutt","Exhume"],"picked":"SKIP","floor":12},{"not_picked":["Pommel Strike","Wild Strike"],"picked":"Cleave","floor":14},{"not_picked":["Reaper","Limit Break"],"picked":"Impervious","floor":16},{"not_picked":["Warcry+1","Sentinel","Heavy Blade"],"picked":"SKIP","floor":18},{"not_picked":["Wild Strike+1","Twin Strike"],"picked":"Rage","floor":19},{"not_picked":["Feel No Pain","Searing Blow+1"],"picked":"Shrug It Off+1","floor":20},{"not_picked":["Warcry","Clothesline+1","Carnage"],"picked":"SKIP","floor":22},{"not_picked":["Perfected Strike+1","Rampage","Body Slam"],"picked":"Singing Bowl","floor":24},{"not_picked":["Bludgeon","Perfected Strike"],"picked":"Body Slam+1","floor":27},{"not_picked":["Hemokinesis","Carnage"],"picked":"Iron Wave","floor":29},{"not_picked":["Twin Strike+1","Heavy Blade+1","Juggernaut+1"],"picked":"Singing Bowl","floor":30},{"not_picked":["Limit Break","Juggernaut+1","Reaper"],"picked":"Singing Bowl","floor":33},{"not_picked":["Heavy Blade+1"],"picked":"Singing Bowl","floor":35},{"not_picked":["Shrug It Off+1"],"picked":"Singing Bowl","floor":36},{"not_picked":["Body Slam"],"picked":"Singing Bowl","floor":38},{"not_picked":["Corruption+1"],"picked":"Singing Bowl","floor":39},{"not_picked":["Shrug It Off+1"],"picked":"Singing Bowl","floor":41},{"not_picked":["Feel No Pain+1"],"picked":"Singing Bowl","floor":45},{"not_picked":["Disarm+1"],"picked":"Singing Bowl","floor":47}],"player_experience":123786,"relics_obtained":[{"floor":8,"key":"Centennial Puzzle"},{"floor":9,"key":"Anchor"},{"floor":10,"key":"Darkstone Periapt"},{"floor":12,"key":"Orichalcum"},{"floor":20,"key":"Red Mask"},{"floor":21,"key":"Champion Belt"},{"floor":21,"key":"Frozen Egg 2"},{"floor":24,"key":"Singing Bowl"},{"floor":26,"key":"Bottled Lightning"},{"floor":27,"key":"Blue Candle"},{"floor":30,"key":"War Paint"},{"floor":43,"key":"Juzu Bracelet"},{"floor":46,"key":"Molten Egg 2"}],"event_choices":[{"damage_healed":0,"gold_gain":0,"player_choice":"Leave","damage_taken":0,"max_hp_gain":0,"max_hp_loss":0,"event_name":"The Cleric","floor":2,"gold_loss":0},{"damage_healed":0,"gold_gain":0,"player_choice":"Ignored","damage_taken":0,"max_hp_gain":0,"max_hp_loss":0,"event_name":"Golden Wing","floor":3,"gold_loss":0},{"damage_healed":0,"gold_gain":275,"player_choice":"Desecrate","damage_taken":0,"max_hp_gain":0,"max_hp_loss":0,"event_name":"Golden Shrine","floor":5,"gold_loss":0,"cards_obtained":["Regret"]},{"damage_healed":0,"gold_gain":0,"player_choice":"Fought Bandits","damage_taken":0,"max_hp_gain":0,"max_hp_loss":0,"event_name":"Masked Bandits","floor":20,"gold_loss":0},{"damage_healed":0,"gold_gain":0,"player_choice":"Fight","damage_taken":0,"max_hp_gain":0,"max_hp_loss":0,"event_name":"Colosseum","floor":21,"gold_loss":0},{"damage_healed":0,"gold_gain":0,"player_choice":"Fought Nobs","damage_taken":0,"max_hp_gain":0,"max_hp_loss":0,"event_name":"Colosseum","floor":21,"gold_loss":0},{"damage_healed":0,"gold_gain":0,"player_choice":"Traded Relic","damage_taken":0,"relics_obtained":["Nloth\u0027s Gift"],"max_hp_gain":0,"max_hp_loss":0,"event_name":"N\u0027loth","floor":31,"relics_lost":["Champion Belt"],"gold_loss":0},{"damage_healed":0,"gold_gain":0,"player_choice":"Bought 1 Potion","damage_taken":0,"max_hp_gain":0,"max_hp_loss":0,"event_name":"The Woman in Blue","floor":48,"gold_loss":0}],"is_beta":false,"boss_relics":[{"not_picked":["White Beast Statue","Snecko Eye"],"picked":"Astrolabe"},{"not_picked":["Runic Cube","Runic Dome"],"picked":"Busted Crown"}],"items_purged_floors":[],"is_endless":false,"potions_floor_spawned":[7,8,12,19,21,27,33,36,41,47],"killed_by":"Donu and Deca","ascension_level":1}