{"gold_per_floor":[110,110,11,30,48,48,68,68,68,68,83,101,120,140,140,241,241,254,270,170,95,108,108,108,122,176,188,188,188,28,28],"floor_reached":31,"playtime":1255,"items_purged":["Strike_R","Strike_R"],"score":256,"play_id":"4dcceb98-8fac-4030-97b3-5c02ac37418d","local_time":"20180629193450","is_ascension_mode":false,"campfire_choices":[{"data":"Whirlwind","floor":6,"key":"SMITH"},{"data":"Demon Form","floor":15,"key":"SMITH"},{"data":"Demon Form","floor":23,"key":"SMITH"}],"neow_cost":"","seed_source_timestamp":941737383673908,"circlet_count":0,"master_deck":["Strike_R","Defend_R","Defend_R","Bash","Whirlwind+1","Heavy Blade","Rampage","Shockwave","Bash","Demon Form+1","Demon Form+1","Heavy Blade+1","Thunderclap+1","Rupture+1","Limit Break"],"relics":["Burning Blood","Kunai","Astrolabe","Orichalcum","Smiling Mask"],"potions_floor_usage":[31,31],"damage_taken":[{"damage":15,"enemies":"Jaw Worm","floor":1,"turns":4},{"damage":0,"enemies":"Small Slimes","floor":4,"turns":2},{"damage":6,"enemies":"Cultist","floor":5,"turns":4},{"damage":7,"enemies":"3 Louse","floor":7,"turns":2},{"damage":0,"enemies":"Lots of Slimes","floor":11,"turns":1},{"damage":10,"enemies":"Exordium Wildlife","floor":12,"turns":3},{"damage":10,"enemies":"2 Fungi Beasts","floor":13,"turns":3},{"damage":20,"enemies":"Looter","floor":14,"turns":3},{"damage":54,"enemies":"The Guardian","floor":16,"turns":9},{"damage":27,"enemies":"Spheric Guardian","floor":18,"turns":4},{"damage":24,"enemies":"Shell Parasite","floor":19,"turns":3},{"damage":21,"enemies":"Snake Plant","floor":22,"turns":4},{"damage":12,"enemies":"Snecko","floor":25,"turns":4},{"damage":10,"enemies":"Centurion and Healer","floor":27,"turns":5},{"damage":25,"enemies":"Snake Plant","floor":31,"turns":2}],"seed_played":"-1358675110876026816","potions_obtained":[{"floor":1,"key":"BloodPotion"},{"floor":7,"key":"Regen Potion"},{"floor":13,"key":"BloodPotion"},{"floor":14,"key":"FearPotion"}],"is_trial":false,"path_per_floor":["M","?","$","M","M","R","M","?","T","$","M","M","M","M","R","B",null,"M","M","$","?","M","R","$","M","T","M","?","?","$"],"character_chosen":"IRONCLAD","items_purchased":["Heavy Blade","Limit Break"],"campfire_rested":0,"item_purchase_floors":[3,30],"current_hp_per_floor":[71,76,76,82,82,82,81,81,81,81,85,81,77,63,63,15,85,64,46,46,46,31,31,31,25,25,21,5,5,5,0],"gold":28,"neow_bonus":"","is_prod":false,"is_daily":false,"chose_seed":false,"campfire_upgraded":3,"win_rate":0.0,"timestamp":1530326090,"path_taken":["M","?","$","M","M","R","M","?","T","$","?","M","M","M","R","BOSS","M","M","$","?","M","R","?","M","T","M","?","?","$","?"],"build_version":"2018-06-28","purchased_purges":2,"victory":false,"max_hp_per_floor":[80,85,85,85,85,85,85,85,85,85,85,85,85,85,85,85,85,85,85,85,85,85,85,85,85,85,85,90,90,90,90],"card_choices":[{"not_picked":["Thunderclap","Anger"],"picked":"Whirlwind","floor":1},{"not_picked":["Thunderclap","Body Slam","Armaments"],"picked":"SKIP","floor":4},{"not_picked":["Sword Boomerang","Ghostly Armor"],"picked":"Rampage","floor":5},{"not_picked":["Metallicize","Pommel Strike","Anger"],"picked":"SKIP","floor":7},{"not_picked":["Perfected Strike","Heavy Blade"],"picked":"Demon Form","floor":11},{"not_picked":["Feel No Pain","Twin Strike","Flex"],"picked":"SKIP","floor":12},{"not_picked":["Iron Wave","Sword Boomerang","True Grit"],"picked":"SKIP","floor":13},{"not_picked":["Body Slam","Sever Soul","Sword Boomerang"],"picked":"SKIP","floor":14},{"not_picked":["Bludgeon","Dark Embrace"],"picked":"Demon Form","floor":16},{"not_picked":["Body Slam","Perfected Strike","Flex"],"picked":"SKIP","floor":18},{"not_picked":["Heavy Blade","Cleave","Anger+1"],"picked":"SKIP","floor":19},{"not_picked":["Whirlwind","Metallicize","Cleave+1"],"picked":"SKIP","floor":22},{"not_picked":["Pummel+1","Clothesline","Dual Wield"],"picked":"SKIP","floor":25},{"not_picked":["Twin Strike","Headbutt","Metallicize"],"picked":"SKIP","floor":27}],"player_experience":19310,"relics_obtained":[{"floor":9,"key":"Kunai"},{"floor":26,"key":"Orichalcum"}],"event_choices":[{"event_name":"Big Fish","player_choice":"Donut","floor":2,"damage_taken":0},{"event_name":"Match and Keep!","player_choice":"2 cards matched","floor":8,"damage_taken":0},{"event_name":"Beggar","player_choice":"Gave Gold","floor":21,"damage_taken":0},{"event_name":"Forgotten Altar","player_choice":"Shed Blood","floor":28,"damage_taken":0},{"event_name":"The Mausoleum","player_choice":"Yes","floor":29,"damage_taken":0}],"boss_relics":[{"not_picked":["Calling Bell","Orrery"],"picked":"Astrolabe"}],"items_purged_floors":[3,20],"is_endless":false,"potions_floor_spawned":[1,7,13,14,16,25,27],"killed_by":"Snake Plant","ascension_level":0}