{"gold_per_floor":[112,112,126,3,21,21,51,64,64,76,404,415,415,415,415,540,540,561,561,71,58,58,58,92,92,92,92,192,209,219,236,236,236],"floor_reached":33,"playtime":2913,"items_purged":[],"score":270,"play_id":"fe9cb128-5276-4a20-a7c6-84c3393adda2","local_time":"20190429220756","is_ascension_mode":true,"campfire_choices":[{"floor":6.0,"key":"REST"},{"data":"Flex","floor":15.0,"key":"SMITH"},{"floor":23.0,"key":"RECALL"},{"floor":25.0,"key":"REST"},{"floor":27.0,"key":"REST"},{"floor":32,"key":"REST"}],"neow_cost":"PERCENT_DAMAGE","seed_source_timestamp":0,"circlet_count":0,"master_deck":["Strike_R","Strike_R","Strike_R","Strike_R","Defend_R","Defend_R","Defend_R","Defend_R","Bash","Pommel Strike","Shrug It Off","Inflame","Flex+1","Ghostly Armor","Cleave","Uppercut","Shockwave","Apotheosis","Metallicize","Flame Barrier","Blood for Blood","Whirlwind+1"],"special_seed":0,"relics":["Burning Blood","Nunchaku","PreservedInsect","Old Coin","Bloody Idol","Matryoshka","Runic Cube","Kunai","Red Mask","Centennial Puzzle","Darkstone Periapt"],"potions_floor_usage":[33],"damage_taken":[{"damage":2.0,"enemies":"2 Louse","floor":1.0,"turns":4.0},{"damage":1.0,"enemies":"Cultist","floor":3.0,"turns":4.0},{"damage":8.0,"enemies":"Jaw Worm","floor":5.0,"turns":4.0},{"damage":24.0,"enemies":"Gremlin Nob","floor":7.0,"turns":5.0},{"damage":3.0,"enemies":"Exordium Wildlife","floor":8.0,"turns":9.0},{"damage":5.0,"enemies":"Looter","floor":10.0,"turns":2.0},{"damage":18.0,"enemies":"3 Sentries","floor":11.0,"turns":6.0},{"damage":0.0,"enemies":"Large Slime","floor":12.0,"turns":5.0},{"damage":26.0,"enemies":"Slime Boss","floor":16.0,"turns":6.0},{"damage":22.0,"enemies":"Shell Parasite","floor":18.0,"turns":5.0},{"damage":10.0,"enemies":"2 Thieves","floor":21.0,"turns":4.0},{"damage":59.0,"enemies":"Masked Bandits","floor":24.0,"turns":8.0},{"damage":19.0,"enemies":"Snake Plant","floor":29.0,"turns":6.0},{"damage":48.0,"enemies":"Cultist and Chosen","floor":30.0,"turns":9.0},{"damage":18,"enemies":"Chosen and Byrds","floor":31,"turns":9},{"damage":67,"enemies":"Collector","floor":33,"turns":8}],"seed_played":"188226625510542433","potions_obtained":[{"floor":1.0,"key":"EntropicBrew"},{"floor":5.0,"key":"Swift Potion"},{"floor":11.0,"key":"AttackPotion"},{"floor":18.0,"key":"Swift Potion"},{"floor":29.0,"key":"SteroidPotion"}],"is_trial":false,"path_per_floor":["M","?","M","$","M","R","E","M","T","M","E","M","?","T","R","B",null,"M","?","$","M","$","R","?","R","T","R","?","M","M","M","R","B"],"character_chosen":"IRONCLAD","items_purchased":["Inflame","Flex","Apotheosis","Kunai","Metallicize"],"campfire_rested":4,"item_purchase_floors":[4,4,20,20,20],"current_hp_per_floor":[60,60,65,65,63,80,62,65,65,66,54,60,60,60,60,40,74,58,58,58,64,64,64,16,38,38,60,65,57,20,13,35,0],"gold":236,"neow_bonus":"ONE_RARE_RELIC","is_prod":false,"is_daily":false,"chose_seed":false,"campfire_upgraded":1,"win_rate":0,"timestamp":1556600876,"path_taken":["M","?","?","$","M","R","E","M","T","M","E","M","?","?","R","BOSS","M","?","$","M","$","R","?","R","T","R","?","?","M","M","R","BOSS"],"build_version":"2019-01-23","purchased_purges":0,"victory":false,"max_hp_per_floor":[80,80,80,80,80,80,80,80,80,80,80,80,74,74,74,74,74,74,74,74,74,74,74,74,74,74,74,74,74,74,74,74,74],"card_choices":[{"not_picked":["Seeing Red","Power Through"],"picked":"Pommel Strike","floor":1.0},{"not_picked":["Hemokinesis","Havoc"],"picked":"Shrug It Off","floor":3.0},{"not_picked":["Warcry","Havoc"],"picked":"Ghostly Armor","floor":5.0},{"not_picked":["Heavy Blade","Corruption","Offering"],"picked":"SKIP","floor":7.0},{"not_picked":["Headbutt","Entrench"],"picked":"Cleave","floor":8.0},{"not_picked":["Twin Strike","Flame Barrier"],"picked":"Uppercut","floor":10.0},{"not_picked":["Uppercut","Havoc"],"picked":"Shockwave","floor":11.0},{"not_picked":["Twin Strike","Perfected Strike","Power Through"],"picked":"SKIP","floor":12.0},{"not_picked":["Battle Trance","Havoc","Thunderclap"],"picked":"SKIP","floor":18.0},{"not_picked":["Corruption","Blood for Blood"],"picked":"Flame Barrier","floor":21.0},{"not_picked":["Sentinel","Flex+1","Fire Breathing"],"picked":"SKIP","floor":29.0},{"not_picked":["Power Through","Wild Strike+1"],"picked":"Blood for Blood","floor":30},{"not_picked":["Headbutt","Power Through+1"],"picked":"Whirlwind+1","floor":31}],"player_experience":411214,"relics_obtained":[{"floor":7.0,"key":"PreservedInsect"},{"floor":11.0,"key":"Old Coin"},{"floor":14.0,"key":"Matryoshka"},{"floor":24.0,"key":"Red Mask"},{"floor":26.0,"key":"Centennial Puzzle"},{"floor":26.0,"key":"Darkstone Periapt"}],"event_choices":[{"cards_removed":["Strike_R"],"damage_healed":0.0,"max_hp_gain":0.0,"max_hp_loss":0.0,"gold_gain":0.0,"event_name":"Bonfire Elementals","player_choice":"Offered Basic","floor":2.0,"gold_loss":0.0,"damage_taken":0.0},{"damage_healed":0.0,"max_hp_gain":0.0,"max_hp_loss":6.0,"gold_gain":0.0,"event_name":"Golden Idol","player_choice":"Lose Max HP","floor":13.0,"gold_loss":0.0,"damage_taken":0.0,"relics_obtained":["Golden Idol"]},{"damage_healed":0.0,"max_hp_gain":0.0,"max_hp_loss":0.0,"gold_gain":0.0,"event_name":"Forgotten Altar","player_choice":"Gave Idol","floor":19.0,"relics_lost":["Golden Idol"],"gold_loss":0.0,"damage_taken":0.0,"relics_obtained":["Bloody Idol"]},{"damage_healed":0.0,"max_hp_gain":0.0,"max_hp_loss":0.0,"gold_gain":0.0,"event_name":"Masked Bandits","player_choice":"Fought Bandits","floor":24.0,"gold_loss":0.0,"damage_taken":0.0},{"damage_healed":0.0,"max_hp_gain":0.0,"max_hp_loss":0.0,"gold_gain":100.0,"event_name":"Golden Shrine","player_choice":"Pray","floor":28.0,"gold_loss":0.0,"damage_taken":0.0}],"is_beta":false,"boss_relics":[{"not_picked":["Orrery","Mark of Pain"],"picked":"Runic Cube"}],"items_purged_floors":[],"is_endless":false,"potions_floor_spawned":[1,5,11,16,18,29],"killed_by":"Collector","ascension_level":1}