{"gold_per_floor":[109,184,184,199,215,215,250,250,304,332,332,364,374,21,21,125,125,144,164,19,39,39],"floor_reached":22,"playtime":2006,"items_purged":["Strike_R","Strike_R"],"score":214,"play_id":"8e1e1f79-6636-491c-9a0e-dde82c494cd8","local_time":"20181226135046","is_ascension_mode":true,"campfire_choices":[{"data":"Bash","floor":6.0,"key":"SMITH"},{"floor":8.0,"key":"REST"},{"floor":15.0,"key":"REST"}],"neow_cost":"TEN_PERCENT_HP_LOSS","seed_source_timestamp":0,"circlet_count":0,"master_deck":["Strike_R+1","Strike_R+1","Defend_R","Defend_R","Defend_R","Defend_R","Bash+1","Disarm","Thunderclap","Shrug It Off","Shrug It Off","Combust","Reaper","Cleave"],"special_seed":0,"relics":["Burning Blood","Champion Belt","Whetstone","Red Skull","Mummified Hand","Potion Belt","Chemical X","Eternal Feather"],"potions_floor_usage":[17],"damage_taken":[{"damage":0.0,"enemies":"Small Slimes","floor":1.0,"turns":3.0},{"damage":0.0,"enemies":"2 Louse","floor":4.0,"turns":4.0},{"damage":6.0,"enemies":"Cultist","floor":5.0,"turns":4.0},{"damage":36.0,"enemies":"Lagavulin","floor":7.0,"turns":9.0},{"damage":16.0,"enemies":"Gremlin Nob","floor":10.0,"turns":4.0},{"damage":24.0,"enemies":"Lagavulin","floor":12.0,"turns":5.0},{"damage":5.0,"enemies":"2 Fungi Beasts","floor":13.0,"turns":3.0},{"damage":29.0,"enemies":"Hexaghost","floor":16.0,"turns":12.0},{"damage":40,"enemies":"Shell Parasite","floor":18,"turns":10},{"damage":18,"enemies":"3 Byrds","floor":19,"turns":5},{"damage":26,"enemies":"Centurion and Healer","floor":21,"turns":8},{"damage":44,"enemies":"Sentry and Sphere","floor":22,"turns":5}],"seed_played":"4890219642162903639","potions_obtained":[{"floor":4.0,"key":"Swift Potion"},{"floor":7.0,"key":"Strength Potion"},{"floor":13.0,"key":"Ancient Potion"},{"floor":16.0,"key":"Fruit Juice"}],"is_trial":false,"path_per_floor":["M","?","?","M","M","R","E","R","T","E","?","E","M","$","R","B",null,"M","M","$","M","M"],"character_chosen":"IRONCLAD","items_purchased":["Combust","Chemical X","Cleave"],"campfire_rested":2,"item_purchase_floors":[14,14,20],"current_hp_per_floor":[72,61,54,60,60,60,30,51,51,41,41,23,24,24,45,22,77,49,52,52,40,0],"gold":39,"neow_bonus":"ONE_RARE_RELIC","is_prod":false,"is_daily":false,"chose_seed":false,"campfire_upgraded":1,"win_rate":0,"timestamp":1545861046,"path_taken":["M","?","?","M","M","R","E","R","T","E","?","E","M","$","R","BOSS","M","M","$","M","M"],"build_version":"2018-12-20","purchased_purges":2,"victory":false,"max_hp_per_floor":[72,72,72,72,72,72,72,72,72,72,72,72,72,72,72,72,77,77,77,77,77,77],"card_choices":[{"not_picked":["Clothesline","Pommel Strike"],"picked":"Disarm","floor":1.0},{"not_picked":["Armaments","Twin Strike"],"picked":"Thunderclap","floor":4.0},{"not_picked":["Flame Barrier","Anger"],"picked":"Shrug It Off","floor":5.0},{"not_picked":["Wild Strike","Second Wind","Carnage"],"picked":"SKIP","floor":7.0},{"not_picked":["Infernal Blade","Ghostly Armor","Blood for Blood"],"picked":"SKIP","floor":10.0},{"not_picked":["Thunderclap","Body Slam","Second Wind"],"picked":"SKIP","floor":12.0},{"not_picked":["Pummel","Dual Wield"],"picked":"Shrug It Off","floor":13.0},{"not_picked":["Brutality","Impervious"],"picked":"Reaper","floor":16.0},{"not_picked":["Shockwave+1","Fire Breathing","True Grit"],"picked":"SKIP","floor":18},{"not_picked":["Armaments","Heavy Blade","Rage+1"],"picked":"SKIP","floor":19},{"not_picked":["Flex+1","Feel No Pain","Clash"],"picked":"SKIP","floor":21}],"player_experience":186813,"relics_obtained":[{"floor":7.0,"key":"Whetstone"},{"floor":9.0,"key":"Red Skull"},{"floor":10.0,"key":"Mummified Hand"},{"floor":12.0,"key":"Potion Belt"}],"event_choices":[{"damage_healed":0.0,"max_hp_gain":0.0,"max_hp_loss":0.0,"gold_gain":75.0,"event_name":"World of Goop","player_choice":"Gather Gold","floor":2.0,"gold_loss":0.0,"damage_taken":11.0},{"cards_removed":["Strike_R"],"damage_healed":0.0,"max_hp_gain":0.0,"max_hp_loss":0.0,"gold_gain":0.0,"event_name":"Golden Wing","player_choice":"Card Removal","floor":3.0,"gold_loss":0.0,"damage_taken":7.0},{"damage_healed":0.0,"max_hp_gain":0.0,"max_hp_loss":0.0,"gold_gain":0.0,"event_name":"Shining Light","player_choice":"Ignored","floor":11.0,"gold_loss":0.0,"damage_taken":0.0}],"is_beta":false,"boss_relics":[{"not_picked":["Coffee Dripper","Astrolabe"],"picked":"Eternal Feather"}],"items_purged_floors":[14,20],"is_endless":false,"potions_floor_spawned":[4,7,13,16],"killed_by":"Sentry and Sphere","ascension_level":1}