{"gold_per_floor":[114,114,43,43,8,37,56,6,86,113,113,125,140,155,155,251,251,269,285,285,335,346,346,379,379],"floor_reached":25,"playtime":978,"items_purged":["Strike_B"],"score":337,"play_id":"17a08180-269b-4c73-923c-bf3ab7740e27","local_time":"20190620230539","is_ascension_mode":true,"campfire_choices":[{"data":"Defragment","floor":11,"key":"SMITH"},{"data":"Echo Form","floor":15,"key":"SMITH"},{"data":"Zap","floor":23,"key":"SMITH"}],"neow_cost":"NONE","seed_source_timestamp":164364198728738,"circlet_count":0,"master_deck":["Strike_B","Strike_B+1","Defend_B","Defend_B","Defend_B","Defend_B","Zap+1","Dualcast","Ball Lightning+1","Glacier","Coolheaded","Defragment+1","Echo Form+1","Static Discharge","Cold Snap","All For One","Redo"],"relics":["Cracked Core","NeowsBlessing","Smiling Mask","Gremlin Horn","Orichalcum","Philosopher\u0027s Stone","Omamori"],"potions_floor_usage":[25],"damage_taken":[{"damage":0,"enemies":"Cultist","floor":1,"turns":1},{"damage":0,"enemies":"3 Sentries","floor":6,"turns":1},{"damage":0,"enemies":"Jaw Worm","floor":7,"turns":1},{"damage":21,"enemies":"Gremlin Nob","floor":10,"turns":4},{"damage":0,"enemies":"2 Louse","floor":12,"turns":2},{"damage":1,"enemies":"Exordium Thugs","floor":13,"turns":4},{"damage":6,"enemies":"Looter","floor":14,"turns":2},{"damage":0,"enemies":"Slime Boss","floor":16,"turns":11},{"damage":27,"enemies":"3 Byrds","floor":18,"turns":5},{"damage":4,"enemies":"Chosen","floor":19,"turns":6},{"damage":5,"enemies":"Snecko","floor":22,"turns":6},{"damage":39,"enemies":"Slavers","floor":24,"turns":7},{"damage":6,"enemies":"Snake Plant","floor":25,"turns":2}],"seed_played":"-2319093398839480563","potions_obtained":[{"floor":6,"key":"Dexterity Potion"},{"floor":10,"key":"SpeedPotion"},{"floor":13,"key":"FearPotion"},{"floor":14,"key":"Block Potion"}],"is_trial":false,"path_per_floor":["M","?","$","?","?","E","M","$","T","E","R","M","M","M","R","B",null,"M","M","?","?","M","R","E","M"],"character_chosen":"DEFECT","items_purchased":["Glacier"],"campfire_rested":0,"item_purchase_floors":[3],"current_hp_per_floor":[75,80,80,64,80,80,80,80,80,59,59,59,58,52,52,52,80,53,49,49,49,44,44,5,0],"gold":379,"neow_bonus":"THREE_ENEMY_KILL","is_prod":false,"is_daily":false,"chose_seed":false,"campfire_upgraded":3,"win_rate":0,"timestamp":1561097139,"path_taken":["M","?","$","?","?","E","M","$","T","E","R","?","M","M","R","BOSS","M","M","?","?","M","R","E","M"],"build_version":"2019-01-23","purchased_purges":1,"victory":false,"max_hp_per_floor":[75,80,80,80,80,80,80,80,80,80,80,80,80,80,80,80,80,80,80,80,80,80,80,80,80],"card_choices":[{"not_picked":["Turbo","Gash"],"picked":"Ball Lightning","floor":1},{"not_picked":["Leap","Steam"],"picked":"Coolheaded","floor":6},{"not_picked":["Go for the Eyes","Streamline"],"picked":"Defragment","floor":7},{"not_picked":["Compile Driver","Hello World"],"picked":"Echo Form","floor":10},{"not_picked":["Beam Cell","Scrape","Leap"],"picked":"SKIP","floor":12},{"not_picked":["Fusion","Beam Cell"],"picked":"Static Discharge","floor":13},{"not_picked":["Stack","Coolheaded"],"picked":"Cold Snap","floor":14},{"not_picked":["Buffer","Core Surge"],"picked":"All For One","floor":16},{"not_picked":["Storm","Go for the Eyes","Rebound"],"picked":"SKIP","floor":18},{"not_picked":["Steam","Beam Cell","Go for the Eyes"],"picked":"SKIP","floor":19},{"not_picked":["Undo","Heatsinks","FTL"],"picked":"SKIP","floor":22},{"not_picked":["Storm","Turbo"],"picked":"Redo","floor":24}],"player_experience":211020,"relics_obtained":[{"floor":6,"key":"Smiling Mask"},{"floor":9,"key":"Gremlin Horn"},{"floor":10,"key":"Orichalcum"},{"floor":24,"key":"Omamori"}],"event_choices":[{"damage_healed":0,"gold_gain":0,"player_choice":"Donut","damage_taken":0,"max_hp_gain":5,"max_hp_loss":0,"event_name":"Big Fish","floor":2,"gold_loss":0},{"damage_healed":0,"gold_gain":0,"player_choice":"Entered Light","damage_taken":16,"max_hp_gain":0,"max_hp_loss":0,"event_name":"Shining Light","floor":4,"gold_loss":0,"cards_upgraded":["Strike_B","Ball Lightning"]},{"damage_healed":20,"gold_gain":0,"player_choice":"Healed","damage_taken":0,"max_hp_gain":0,"max_hp_loss":0,"event_name":"The Cleric","floor":5,"gold_loss":35},{"cards_removed":["Strike_B"],"damage_healed":0,"gold_gain":0,"player_choice":"Elegance","damage_taken":0,"max_hp_gain":0,"max_hp_loss":0,"event_name":"Back to Basics","floor":20,"gold_loss":0},{"damage_healed":0,"gold_gain":100,"player_choice":"Bet on Murderer","damage_taken":0,"max_hp_gain":0,"max_hp_loss":0,"event_name":"The Joust","floor":21,"gold_loss":50}],"is_beta":false,"boss_relics":[{"not_picked":["Eternal Feather","Black Star"],"picked":"Philosopher\u0027s Stone"}],"items_purged_floors":[8],"is_endless":false,"potions_floor_spawned":[6,10,13,14,16,19,22],"killed_by":"Snake Plant","ascension_level":2}