{"gold_per_floor":[115,115,139,139,159,159,194,194,194,225,100,100,118,33,33,154,154,168,191,205,223,261,261,277,277,277,277,277,315,315],"floor_reached":30,"playtime":2819,"items_purged":[],"score":348,"play_id":"90ea0eb7-efcd-41b6-b3ed-d6d7ace64ae4","local_time":"20190403120322","is_ascension_mode":true,"campfire_choices":[{"data":"Poisoned Stab","floor":6,"key":"SMITH"},{"data":"Dagger Spray","floor":8,"key":"SMITH"},{"data":"Infinite Blades","floor":12,"key":"SMITH"},{"data":"Prepared","floor":15,"key":"SMITH"},{"floor":23,"key":"REST"},{"floor":25,"key":"REST"},{"data":"Crippling Poison","floor":27,"key":"SMITH"}],"neow_cost":"NONE","seed_source_timestamp":111723153185265,"circlet_count":0,"master_deck":["Defend_G","Defend_G","Defend_G","Defend_G","Defend_G","Strike_G","Strike_G","Strike_G","Strike_G","Strike_G","Survivor","Neutralize+1","Blade Dance","Dagger Spray+1","Poisoned Stab+1","Acrobatics","Tactician","PiercingWail","Infinite Blades+1","Prepared+1","PiercingWail","Finisher+1","A Thousand Cuts","Accuracy","Crippling Poison+1","Cloak And Dagger","Necronomicurse"],"relics":["Ring of the Snake","Golden Idol","Molten Egg 2","Gremlin Horn","Sundial","Busted Crown","Red Mask","Pantograph","Necronomicon","Juzu Bracelet"],"potions_floor_usage":[1,10,10,16,18,20,29,30],"damage_taken":[{"damage":1,"enemies":"Jaw Worm","floor":1,"turns":8},{"damage":4,"enemies":"2 Louse","floor":3,"turns":4},{"damage":0,"enemies":"Cultist","floor":5,"turns":4},{"damage":17,"enemies":"Gremlin Nob","floor":7,"turns":4},{"damage":12,"enemies":"Lagavulin","floor":10,"turns":8},{"damage":0,"enemies":"Large Slime","floor":13,"turns":8},{"damage":11,"enemies":"Hexaghost","floor":16,"turns":8},{"damage":14,"enemies":"Shell Parasite","floor":18,"turns":6},{"damage":0,"enemies":"3 Byrds","floor":19,"turns":3},{"damage":14,"enemies":"3 Cultists","floor":20,"turns":6},{"damage":12,"enemies":"Snake Plant","floor":21,"turns":5},{"damage":3,"enemies":"Masked Bandits","floor":22,"turns":3},{"damage":16,"enemies":"Centurion and Healer","floor":24,"turns":9},{"damage":3,"enemies":"Slavers","floor":29,"turns":5},{"damage":14,"enemies":"Sentry and Sphere","floor":30,"turns":3}],"seed_played":"7232071664052967396","potions_obtained":[{"floor":0,"key":"SteroidPotion"},{"floor":0,"key":"Swift Potion"},{"floor":0,"key":"GamblersBrew"},{"floor":5,"key":"GhostInAJar"},{"floor":7,"key":"GhostInAJar"},{"floor":13,"key":"Poison Potion"},{"floor":18,"key":"SpeedPotion"},{"floor":24,"key":"SkillPotion"},{"floor":29,"key":"SkillPotion"}],"is_trial":false,"path_per_floor":["M","?","M","?","M","R","E","R","T","E","$","R","M","$","R","B",null,"M","M","M","M","?","R","M","R","T","R","?","E","M"],"character_chosen":"THE_SILENT","items_purchased":["PiercingWail","Infinite Blades","PiercingWail","Finisher+1"],"campfire_rested":2,"item_purchase_floors":[11,11,14,14],"current_hp_per_floor":[62,62,58,58,58,58,41,41,41,29,29,29,29,29,29,18,53,39,39,25,13,10,29,13,32,32,32,16,13,0],"gold":315,"neow_bonus":"THREE_SMALL_POTIONS","is_prod":false,"is_daily":false,"chose_seed":false,"campfire_upgraded":5,"win_rate":0,"timestamp":1554318202,"path_taken":["M","?","M","?","M","R","E","R","T","E","?","R","M","$","R","BOSS","M","M","M","?","?","R","M","R","T","R","?","E","M"],"build_version":"2019-01-23","purchased_purges":0,"victory":false,"max_hp_per_floor":[70,65,65,65,65,65,65,65,65,65,65,65,65,65,65,65,65,65,65,65,65,65,65,65,65,65,65,65,65,65],"card_choices":[{"not_picked":["Calculated Gamble","Acrobatics"],"picked":"Blade Dance","floor":1},{"not_picked":["Flying Knee","Poisoned Stab"],"picked":"Dagger Spray","floor":3},{"not_picked":["Backflip","Concentrate"],"picked":"Poisoned Stab","floor":5},{"not_picked":["Underhanded Strike","Skewer"],"picked":"Acrobatics","floor":7},{"not_picked":["Calculated Gamble","Expertise"],"picked":"Tactician","floor":10},{"not_picked":["Bullet Time","Blade Dance"],"picked":"Prepared","floor":13},{"not_picked":["Storm of Steel","Unload+1"],"picked":"A Thousand Cuts","floor":16},{"not_picked":["Heel Hook+1"],"picked":"SKIP","floor":18},{"not_picked":[],"picked":"Accuracy","floor":19},{"not_picked":[],"picked":"Crippling Poison","floor":20},{"not_picked":[],"picked":"Cloak And Dagger","floor":21},{"not_picked":["Dodge and Roll"],"picked":"SKIP","floor":24},{"not_picked":["Bane+1"],"picked":"SKIP","floor":29}],"player_experience":833668,"relics_obtained":[{"floor":7,"key":"Molten Egg 2"},{"floor":9,"key":"Gremlin Horn"},{"floor":10,"key":"Sundial"},{"floor":22,"key":"Red Mask"},{"floor":26,"key":"Pantograph"},{"floor":28,"key":"Necronomicon"},{"floor":29,"key":"Juzu Bracelet"}],"event_choices":[{"damage_healed":0,"gold_gain":0,"player_choice":"Lose Max HP","damage_taken":0,"relics_obtained":["Golden Idol"],"max_hp_gain":0,"max_hp_loss":5,"event_name":"Golden Idol","floor":2,"gold_loss":0},{"damage_healed":0,"gold_gain":0,"player_choice":"Grow","damage_taken":0,"max_hp_gain":0,"max_hp_loss":0,"event_name":"Living Wall","floor":4,"gold_loss":0,"cards_upgraded":["Neutralize"]},{"damage_healed":0,"gold_gain":0,"player_choice":"Fought Bandits","damage_taken":0,"max_hp_gain":0,"max_hp_loss":0,"event_name":"Masked Bandits","floor":22,"gold_loss":0},{"damage_healed":0,"gold_gain":0,"player_choice":"Obtained Book","damage_taken":16,"max_hp_gain":0,"max_hp_loss":0,"event_name":"Cursed Tome","floor":28,"gold_loss":0}],"is_beta":false,"boss_relics":[{"not_picked":["Fusion Hammer","Orrery"],"picked":"Busted Crown"}],"items_purged_floors":[],"is_endless":false,"potions_floor_spawned":[5,7,13,18,24,29],"killed_by":"Sentry and Sphere","ascension_level":7}