{"gold_per_floor":[219,233,249,204,280,280,280,311,311,311,327,327,20,41,41,142,192,212,223,223,223,277,302,302,59,59,59,59,359,459,485,485,586,586,604,622,639,25,80,80,112,42,42,53,53,53,68,68,68,68],"floor_reached":51,"playtime":8980,"items_purged":["Strike_G","Defend_G"],"score":807,"play_id":"4241324e-981a-436e-a334-08dd97b50fd7","local_time":"20190710151224","is_ascension_mode":false,"campfire_choices":[{"data":"Bouncing Flask","floor":6,"key":"SMITH"},{"floor":10,"key":"RECALL"},{"floor":12,"key":"REST"},{"floor":15,"key":"REST"},{"floor":24,"key":"REST"},{"floor":28,"key":"REST"},{"data":"Apotheosis","floor":32,"key":"SMITH"},{"floor":40,"key":"REST"},{"floor":46,"key":"REST"},{"data":"Adrenaline","floor":49,"key":"SMITH"}],"neow_cost":"NONE","seed_source_timestamp":1920188039341318,"circlet_count":0,"master_deck":["Strike_G+1","Strike_G","Strike_G","Defend_G","Defend_G+1","Defend_G","Defend_G","Survivor+1","Neutralize","Backflip","Blur","Bouncing Flask+1","Adrenaline+1","Prepared","Backstab+1","Bouncing Flask","Venomology","Catalyst","Apotheosis+1","Backstab","Blur+1","After Image","Adrenaline","Noxious Fumes","Prepared+1","Catalyst","Crippling Poison","Backstab","Noxious Fumes+1"],"relics":["Ring of the Snake","Matryoshka","Incense Burner","War Paint","Tough Bandages","Odd Mushroom","Tiny House","Nilry\u0027s Codex","Dream Catcher","PreservedInsect","Prayer Wheel","Ninja Scroll","Old Coin","Gambling Chip","Bottled Lightning","Oddly Smooth Stone","Runic Pyramid","Lee\u0027s Waffle","Bronze Scales","Unceasing Top","Anchor","Du-Vu Doll"],"potions_floor_usage":[2,16,18,18,30,30,33,33,35,35,37,39,39,41,41,44,50,50,50],"damage_taken":[{"damage":0,"enemies":"Cultist","floor":1,"turns":6},{"damage":0,"enemies":"Small Slimes","floor":2,"turns":5},{"damage":0,"enemies":"2 Louse","floor":3,"turns":3},{"damage":0,"enemies":"Looter","floor":4,"turns":5},{"damage":27,"enemies":"Gremlin Nob","floor":8,"turns":5},{"damage":1,"enemies":"Blue Slaver","floor":11,"turns":3},{"damage":13,"enemies":"The Mushroom Lair","floor":14,"turns":6},{"damage":33,"enemies":"Hexaghost","floor":16,"turns":12},{"damage":0,"enemies":"Spheric Guardian","floor":18,"turns":5},{"damage":12,"enemies":"3 Byrds","floor":19,"turns":7},{"damage":21,"enemies":"Gremlin Leader","floor":23,"turns":6},{"damage":0,"enemies":"Colosseum Slavers","floor":30,"turns":2},{"damage":0,"enemies":"Colosseum Nobs","floor":30,"turns":4},{"damage":0,"enemies":"Book of Stabbing","floor":31,"turns":4},{"damage":31,"enemies":"Champ","floor":33,"turns":12},{"damage":0,"enemies":"3 Darklings","floor":35,"turns":7},{"damage":0,"enemies":"Orb Walker","floor":36,"turns":4},{"damage":0,"enemies":"Sphere and 2 Shapes","floor":37,"turns":4},{"damage":0,"enemies":"2 Orb Walkers","floor":39,"turns":3},{"damage":0,"enemies":"Nemesis","floor":41,"turns":5},{"damage":0,"enemies":"Jaw Worm Horde","floor":44,"turns":4},{"damage":0,"enemies":"Transient","floor":47,"turns":5},{"damage":0,"enemies":"Donu and Deca","floor":50,"turns":8}],"seed_played":"-7273086258311541458","potions_obtained":[{"floor":1,"key":"Dexterity Potion"},{"floor":14,"key":"SkillPotion"},{"floor":16,"key":"SkillPotion"},{"floor":17,"key":"Weak Potion"},{"floor":23,"key":"Fire Potion"},{"floor":31,"key":"Block Potion"},{"floor":33,"key":"PowerPotion"},{"floor":39,"key":"Weak Potion"}],"is_trial":false,"path_per_floor":["M","M","M","M","T","R","?","E","T","R","M","R","$","?","R","B",null,"M","M","?","?","T","E","R","$","T","$","R","?","?","E","R","B",null,"M","M","M","$","?","R","E","$","T","M","?","R","M","$","R","B",null],"character_chosen":"THE_SILENT","items_purchased":["Tough Bandages","Apotheosis","Adrenaline","Noxious Fumes","Lee\u0027s Waffle","Bronze Scales","Crippling Poison"],"campfire_rested":6,"item_purchase_floors":[13,25,38,38,38,38,42],"current_hp_per_floor":[70,70,70,70,70,70,70,43,43,43,42,63,63,50,70,37,75,75,63,63,47,47,26,48,48,48,48,70,70,70,70,70,39,75,75,75,75,82,82,82,82,82,82,82,82,82,82,82,82,82],"gold":68,"neow_bonus":"HUNDRED_GOLD","is_prod":false,"is_daily":false,"chose_seed":false,"campfire_upgraded":3,"win_rate":0,"timestamp":1562789544,"path_taken":["M","M","M","M","?","R","?","E","T","R","?","R","$","?","R","BOSS","M","M","?","?","?","E","R","$","T","?","R","?","?","E","R","BOSS","M","M","M","$","?","R","E","$","T","M","?","R","M","?","R","BOSS"],"build_version":"2019-07-05","purchased_purges":2,"victory":true,"max_hp_per_floor":[70,70,70,70,70,70,70,70,70,70,70,70,70,70,70,70,75,75,75,75,75,75,75,75,75,75,75,75,75,75,75,75,75,75,75,75,75,82,82,82,82,82,82,82,82,82,82,82,82,82],"card_choices":[{"not_picked":["Flechettes","Escape Plan"],"picked":"Backflip","floor":1},{"not_picked":["Dagger Spray","Reflex","Tactician"],"picked":"SKIP","floor":2},{"not_picked":["Setup","Expertise"],"picked":"Blur","floor":3},{"not_picked":["Expertise","Poisoned Stab"],"picked":"Bouncing Flask","floor":4},{"not_picked":["Dagger Throw","Deflect","Dodge and Roll"],"picked":"SKIP","floor":8},{"not_picked":["Quick Slash","Reflex","Acrobatics"],"picked":"SKIP","floor":11},{"not_picked":["Envenom","Grand Finale"],"picked":"Adrenaline","floor":16},{"not_picked":["Backflip","Expertise"],"picked":"Prepared","floor":17},{"not_picked":["Distraction","Acrobatics+1","Tactician+1"],"picked":"SKIP","floor":18},{"not_picked":["Endless Agony","Escape Plan"],"picked":"Backstab+1","floor":19},{"not_picked":["Terror+1","Distraction"],"picked":"Venomology","floor":23},{"not_picked":["Eviscerate","Acrobatics"],"picked":"Catalyst","floor":24},{"not_picked":["Glass Knife","Riddle With Holes+1","Blade Dance+1"],"picked":"SKIP","floor":31},{"not_picked":["Caltrops","Deflect+1"],"picked":"Backstab","floor":35},{"not_picked":["Outmaneuver","Terror"],"picked":"Blur+1","floor":35},{"not_picked":["Backflip+1","Sucker Punch","Deflect+1"],"picked":"SKIP","floor":36},{"not_picked":["Outmaneuver+1","Infinite Blades+1","Heel Hook"],"picked":"SKIP","floor":36},{"not_picked":["Dash","Prepared"],"picked":"After Image","floor":37},{"not_picked":["Escape Plan+1","Sucker Punch+1","Prepared"],"picked":"SKIP","floor":37},{"not_picked":["Escape Plan","Bane"],"picked":"Prepared+1","floor":40},{"not_picked":["Endless Agony+1","Storm of Steel"],"picked":"Catalyst","floor":41},{"not_picked":["Dagger Spray","Bouncing Flask"],"picked":"Backstab","floor":44},{"not_picked":["Blade Dance+1","Calculated Gamble+1","Outmaneuver"],"picked":"SKIP","floor":44},{"not_picked":["Slice","Skewer"],"picked":"Noxious Fumes+1","floor":47},{"not_picked":["Quick Slash+1","Cloak And Dagger+1","Sucker Punch"],"picked":"SKIP","floor":47}],"player_experience":336917,"relics_obtained":[{"floor":5,"key":"Matryoshka"},{"floor":8,"key":"Incense Burner"},{"floor":9,"key":"War Paint"},{"floor":14,"key":"Odd Mushroom"},{"floor":21,"key":"Nilry\u0027s Codex"},{"floor":22,"key":"Dream Catcher"},{"floor":22,"key":"PreservedInsect"},{"floor":23,"key":"Prayer Wheel"},{"floor":26,"key":"Ninja Scroll"},{"floor":30,"key":"Gambling Chip"},{"floor":30,"key":"Bottled Lightning"},{"floor":31,"key":"Oddly Smooth Stone"},{"floor":39,"key":"Unceasing Top"},{"floor":41,"key":"Anchor"},{"floor":43,"key":"Du-Vu Doll"}],"event_choices":[{"cards_removed":["Strike_G"],"damage_healed":0,"gold_gain":0,"player_choice":"Purged","damage_taken":0,"max_hp_gain":0,"max_hp_loss":0,"event_name":"Purifier","floor":7,"gold_loss":0},{"damage_healed":0,"gold_gain":0,"player_choice":"Fought Mushrooms","damage_taken":0,"max_hp_gain":0,"max_hp_loss":0,"event_name":"Mushrooms","floor":14,"gold_loss":0},{"damage_healed":0,"gold_gain":0,"player_choice":"Read","damage_taken":0,"max_hp_gain":0,"max_hp_loss":0,"event_name":"The Library","floor":20,"gold_loss":0,"cards_obtained":["Bouncing Flask"]},{"damage_healed":0,"gold_gain":0,"player_choice":"Obtained Book","damage_taken":16,"max_hp_gain":0,"max_hp_loss":0,"event_name":"Cursed Tome","floor":21,"gold_loss":0},{"damage_healed":0,"gold_gain":0,"player_choice":"Opened","damage_taken":0,"relics_obtained":["Old Coin"],"max_hp_gain":0,"max_hp_loss":0,"event_name":"The Mausoleum","floor":29,"gold_loss":0},{"damage_healed":0,"gold_gain":0,"player_choice":"Fight","damage_taken":0,"max_hp_gain":0,"max_hp_loss":0,"event_name":"Colosseum","floor":30,"gold_loss":0},{"damage_healed":0,"gold_gain":0,"player_choice":"Fought Nobs","damage_taken":0,"max_hp_gain":0,"max_hp_loss":0,"event_name":"Colosseum","floor":30,"gold_loss":0},{"damage_healed":0,"gold_gain":0,"player_choice":"Fight","damage_taken":0,"max_hp_gain":0,"max_hp_loss":0,"event_name":"Mysterious Sphere","floor":39,"gold_loss":0},{"damage_healed":0,"gold_gain":0,"player_choice":"Memory 1","damage_taken":0,"max_hp_gain":0,"max_hp_loss":0,"event_name":"SensoryStone","floor":45,"gold_loss":0}],"is_beta":false,"boss_relics":[{"not_picked":["Lizard Tail","Eternal Feather"],"picked":"Tiny House"},{"not_picked":["Sozu","Calling Bell"],"picked":"Runic Pyramid"}],"items_purged_floors":[25,38],"is_endless":false,"potions_floor_spawned":[1,14,16,23,31,33,39],"ascension_level":0}