{"gold_per_floor":[117,117,134,144,104,133,133,167,167,167,167,117,137,152,152,251,251,267,267,267,284,209,209,229,229,254,287,305,305,158,13,13,13],"floor_reached":33,"playtime":4094,"items_purged":["Strike_G","Strike_G"],"score":300,"play_id":"8790aa4d-4f4b-41ab-a5e9-5281016a92da","local_time":"20190711005708","is_ascension_mode":true,"campfire_choices":[{"floor":7,"key":"REST"},{"floor":10,"key":"REST"},{"floor":15,"key":"REST"},{"floor":23,"key":"REST"},{"floor":25,"key":"RECALL"},{"floor":32,"key":"REST"}],"neow_cost":"NONE","seed_source_timestamp":1960177349113120,"circlet_count":0,"master_deck":["Defend_G","Defend_G","Defend_G","Defend_G","Defend_G","Survivor","Neutralize","Noxious Fumes","Blur","Crippling Poison","Deadly Poison","Catalyst","Venomology","Backflip","Crippling Poison","Blur","Poisoned Stab"],"relics":["Ring of the Snake","Meat on the Bone","PreservedInsect","Bag of Marbles","Ninja Scroll","Runic Pyramid","Enchiridion","Anchor","WingedGreaves"],"potions_floor_usage":[3,6,13,16,16,16,16,21,21,21,27,28,33],"damage_taken":[{"damage":9,"enemies":"Small Slimes","floor":1,"turns":5},{"damage":6,"enemies":"2 Louse","floor":3,"turns":3},{"damage":2,"enemies":"Jaw Worm","floor":4,"turns":5},{"damage":26,"enemies":"Lagavulin","floor":6,"turns":6},{"damage":11,"enemies":"Gremlin Nob","floor":8,"turns":4},{"damage":29,"enemies":"Exordium Thugs","floor":13,"turns":4},{"damage":0,"enemies":"Exordium Wildlife","floor":14,"turns":3},{"damage":24,"enemies":"Hexaghost","floor":16,"turns":9},{"damage":26,"enemies":"3 Byrds","floor":18,"turns":5},{"damage":12,"enemies":"Chosen","floor":21,"turns":4},{"damage":0,"enemies":"Centurion and Healer","floor":24,"turns":7},{"damage":58,"enemies":"Gremlin Leader","floor":27,"turns":6},{"damage":3,"enemies":"Snecko","floor":28,"turns":5},{"damage":50,"enemies":"Champ","floor":33,"turns":13}],"seed_played":"8182429693233408513","potions_obtained":[{"floor":1,"key":"FearPotion"},{"floor":4,"key":"Explosive Potion"},{"floor":8,"key":"EssenceOfSteel"},{"floor":13,"key":"Explosive Potion"},{"floor":18,"key":"GamblersBrew"},{"floor":28,"key":"Swift Potion"}],"is_trial":false,"path_per_floor":["M","?","M","M","$","E","R","E","T","R","?","?","M","M","R","B",null,"M","?","?","M","?","R","M","R","T","E","M","T","$","$","R","B"],"character_chosen":"THE_SILENT","items_purchased":["Catalyst","Blur","Poisoned Stab"],"campfire_rested":5,"item_purchase_floors":[5,30,31],"current_hp_per_floor":[61,36,42,40,40,26,47,36,36,57,50,50,45,45,66,42,70,44,44,28,42,42,63,63,63,63,17,26,26,26,26,47,0],"gold":13,"neow_bonus":"THREE_CARDS","is_prod":false,"is_daily":false,"chose_seed":false,"campfire_upgraded":0,"win_rate":0,"timestamp":1562824628,"path_taken":["M","?","M","M","$","E","R","E","T","R","?","?","M","M","R","BOSS","M","?","?","M","?","R","M","R","T","E","M","?","$","$","R","BOSS"],"build_version":"2019-07-05","purchased_purges":2,"victory":false,"max_hp_per_floor":[70,70,70,70,70,70,70,70,70,70,70,70,70,70,70,70,70,70,70,70,70,70,70,70,70,70,70,70,70,70,70,70,70],"card_choices":[{"not_picked":["Outmaneuver","Deflect"],"picked":"Noxious Fumes","floor":0},{"not_picked":["Flechettes","PiercingWail"],"picked":"Blur","floor":1},{"not_picked":["Slice","Deflect"],"picked":"Crippling Poison","floor":3},{"not_picked":["Dagger Throw","Flying Knee"],"picked":"Deadly Poison","floor":4},{"not_picked":["Dagger Spray","Dodge and Roll"],"picked":"Venomology","floor":6},{"not_picked":["Calculated Gamble","Flying Knee","Sucker Punch"],"picked":"SKIP","floor":8},{"not_picked":["Flying Knee","Dagger Throw","Cloak And Dagger"],"picked":"SKIP","floor":13},{"not_picked":["Setup","Eviscerate","Endless Agony"],"picked":"SKIP","floor":14},{"not_picked":["Acrobatics+1","Blade Dance","Slice+1"],"picked":"SKIP","floor":18},{"not_picked":["Caltrops","Underhanded Strike"],"picked":"Backflip","floor":21},{"not_picked":["Dagger Spray","All Out Attack","Acrobatics"],"picked":"SKIP","floor":24},{"not_picked":["Setup","Dagger Spray"],"picked":"Crippling Poison","floor":27},{"not_picked":["Underhanded Strike","Outmaneuver","Eviscerate+1"],"picked":"SKIP","floor":28}],"player_experience":352405,"relics_obtained":[{"floor":6,"key":"PreservedInsect"},{"floor":8,"key":"Bag of Marbles"},{"floor":9,"key":"Ninja Scroll"},{"floor":20,"key":"Enchiridion"},{"floor":27,"key":"Anchor"},{"floor":29,"key":"WingedGreaves"}],"event_choices":[{"damage_healed":0,"gold_gain":0,"player_choice":"Success","damage_taken":25,"relics_obtained":["Meat on the Bone"],"max_hp_gain":0,"max_hp_loss":0,"event_name":"Scrap Ooze","floor":2,"gold_loss":0},{"cards_removed":["Strike_G"],"damage_healed":0,"gold_gain":0,"player_choice":"Card Removal","damage_taken":7,"max_hp_gain":0,"max_hp_loss":0,"event_name":"Golden Wing","floor":11,"gold_loss":0},{"cards_removed":["Strike_G"],"damage_healed":0,"gold_gain":0,"player_choice":"Card Removal","damage_taken":0,"max_hp_gain":0,"max_hp_loss":0,"event_name":"The Cleric","floor":12,"gold_loss":50},{"damage_healed":0,"gold_gain":0,"player_choice":"Ignored","damage_taken":0,"max_hp_gain":0,"max_hp_loss":0,"event_name":"Ghosts","floor":19,"gold_loss":0},{"damage_healed":0,"gold_gain":0,"player_choice":"Obtained Book","damage_taken":16,"max_hp_gain":0,"max_hp_loss":0,"event_name":"Cursed Tome","floor":20,"gold_loss":0},{"cards_removed":["Strike_G"],"damage_healed":0,"gold_gain":0,"player_choice":"Gave Gold","damage_taken":0,"max_hp_gain":0,"max_hp_loss":0,"event_name":"Beggar","floor":22,"gold_loss":75}],"is_beta":false,"boss_relics":[{"not_picked":["Ectoplasm","Astrolabe"],"picked":"Runic Pyramid"}],"items_purged_floors":[30,31],"is_endless":false,"potions_floor_spawned":[1,4,8,13,18,28],"killed_by":"Champ","ascension_level":2}