{"gold_per_floor":[116,116,116,132,132,132,132,146,169,169,181,181,181,207,207,303,303,320,32,43,43,54,79,92,7,34,34,34,34,47,65,65,65],"floor_reached":33,"playtime":4299,"items_purged":[],"score":265,"play_id":"2164f0d3-d26d-4b02-9e37-bd24b52281f5","local_time":"20190509230444","is_ascension_mode":false,"campfire_choices":[{"data":"Heavy Blade","floor":6,"key":"SMITH"},{"floor":10,"key":"REST"},{"data":"Whirlwind","floor":12,"key":"SMITH"},{"data":"Twin Strike","floor":15,"key":"SMITH"},{"data":"Fiend Fire","floor":29,"key":"SMITH"},{"floor":32,"key":"REST"}],"neow_cost":"NONE","seed_source_timestamp":0,"circlet_count":0,"master_deck":["Strike_R","Strike_R+1","Strike_R","Strike_R+1","Strike_R","Defend_R","Defend_R","Defend_R","Defend_R","Trip","Whirlwind+1","Heavy Blade+1","Cleave","Twin Strike+1","Inflame","Fiend Fire+1","Headbutt","Cleave","Cleave+1","Uppercut"],"special_seed":0,"relics":["Burning Blood","Happy Flower","Regal Pillow","Pen Nib","Strawberry","Busted Crown","Lantern","Whetstone","Anchor","Ornamental Fan","PreservedInsect","NlothsMask"],"potions_floor_usage":[16,22,22,30],"damage_taken":[{"damage":9.0,"enemies":"Cultist","floor":1.0,"turns":4.0},{"damage":15,"enemies":"Small Slimes","floor":4,"turns":2},{"damage":8,"enemies":"Jaw Worm","floor":8,"turns":4},{"damage":7,"enemies":"3 Louse","floor":11,"turns":3},{"damage":19,"enemies":"Gremlin Nob","floor":14,"turns":4},{"damage":39,"enemies":"Hexaghost","floor":16,"turns":8},{"damage":5,"enemies":"Spheric Guardian","floor":18,"turns":3},{"damage":32,"enemies":"Shell Parasite","floor":20,"turns":4},{"damage":15,"enemies":"Snecko","floor":22,"turns":4},{"damage":30,"enemies":"Slavers","floor":23,"turns":3},{"damage":2,"enemies":"Centurion and Healer","floor":24,"turns":2},{"damage":15,"enemies":"Snake Plant","floor":30,"turns":3},{"damage":9,"enemies":"Shelled Parasite and Fungi","floor":31,"turns":3},{"damage":69,"enemies":"Collector","floor":33,"turns":5}],"seed_played":"7389664476725219108","potions_obtained":[{"floor":14,"key":"SpeedPotion"},{"floor":16,"key":"Fire Potion"},{"floor":20,"key":"BloodPotion"},{"floor":23,"key":"Swift Potion"},{"floor":31,"key":"Dexterity Potion"}],"is_trial":false,"path_per_floor":["M","$","?","M","?","R","?","M","T","R","M","R","T","E","R","B",null,"M","$","M","?","M","E","M","?","T","$","?","R","M","M","R","B"],"character_chosen":"IRONCLAD","items_purchased":["Lantern","Whetstone"],"campfire_rested":2,"item_purchase_floors":[19,19],"current_hp_per_floor":[77,77,77,68,61,61,61,59,59,80,79,79,79,73,73,40,87,87,87,61,61,60,36,40,40,40,40,40,40,31,28,69,0],"gold":65,"neow_bonus":"RANDOM_COLORLESS","is_prod":false,"is_daily":false,"chose_seed":false,"campfire_upgraded":4,"win_rate":0.0,"timestamp":1557461084,"path_taken":["M","?","?","?","?","R","?","M","T","R","?","R","?","E","R","BOSS","M","$","?","?","M","E","?","?","T","$","?","R","M","M","R","BOSS"],"build_version":"2019-01-23","purchased_purges":0,"victory":false,"max_hp_per_floor":[80,80,80,80,80,80,80,80,80,80,80,80,80,87,87,87,87,87,87,87,87,87,87,87,87,87,87,87,87,87,87,87,87],"card_choices":[{"not_picked":["Metallicize","Entrench"],"picked":"Whirlwind","floor":1},{"not_picked":["Whirlwind","Ghostly Armor"],"picked":"Heavy Blade","floor":4},{"not_picked":["Perfected Strike","Thunderclap"],"picked":"Cleave","floor":8},{"not_picked":["Anger","Warcry"],"picked":"Twin Strike","floor":11},{"not_picked":["Fire Breathing","Thunderclap"],"picked":"Inflame","floor":14},{"not_picked":["Limit Break","Reaper"],"picked":"Fiend Fire","floor":16},{"not_picked":["Intimidate"],"picked":"SKIP","floor":18},{"not_picked":["Clash+1"],"picked":"SKIP","floor":20},{"not_picked":[],"picked":"Cleave","floor":22},{"not_picked":["Feed"],"picked":"SKIP","floor":23},{"not_picked":["Second Wind"],"picked":"SKIP","floor":24},{"not_picked":[],"picked":"Cleave+1","floor":30},{"not_picked":[],"picked":"Uppercut","floor":31}],"player_experience":27249,"relics_obtained":[{"floor":9,"key":"Regal Pillow"},{"floor":13,"key":"Pen Nib"},{"floor":14,"key":"Strawberry"},{"floor":23,"key":"Anchor"},{"floor":26,"key":"PreservedInsect"}],"event_choices":[{"damage_healed":0,"gold_gain":0,"player_choice":"Ignored","damage_taken":0,"max_hp_gain":0,"max_hp_loss":0,"event_name":"Purifier","floor":3,"gold_loss":0},{"damage_healed":0,"gold_gain":0,"player_choice":"Success","damage_taken":7,"relics_obtained":["Happy Flower"],"max_hp_gain":0,"max_hp_loss":0,"event_name":"Scrap Ooze","floor":5,"gold_loss":0},{"damage_healed":0,"gold_gain":0,"cards_transformed":["Bash"],"player_choice":"Transformed","damage_taken":0,"max_hp_gain":0,"max_hp_loss":0,"event_name":"Transmorgrifier","floor":7,"gold_loss":0,"cards_obtained":["Warcry"]},{"damage_healed":0,"gold_gain":0,"cards_transformed":["Warcry"],"player_choice":"Transformed","damage_taken":0,"max_hp_gain":0,"max_hp_loss":0,"event_name":"Transmorgrifier","floor":21,"gold_loss":0,"cards_obtained":["Headbutt"]},{"damage_healed":0,"gold_gain":0,"player_choice":"Obtained Relic","damage_taken":0,"relics_obtained":["Ornamental Fan"],"max_hp_gain":0,"max_hp_loss":0,"event_name":"Addict","floor":25,"gold_loss":85},{"damage_healed":0,"gold_gain":0,"player_choice":"Trade","damage_taken":0,"relics_obtained":["NlothsMask"],"max_hp_gain":0,"max_hp_loss":0,"event_name":"FaceTrader","floor":28,"gold_loss":0}],"is_beta":false,"boss_relics":[{"not_picked":["Orrery","Runic Pyramid"],"picked":"Busted Crown"}],"items_purged_floors":[],"is_endless":false,"potions_floor_spawned":[14,16,20,23,31],"killed_by":"Collector","ascension_level":0}