{"gold_per_floor":[210,221,74,74,89,89,117,132,132,158,169,203,203,217,217,322,322,336,362,373,373,82,109,129,129,129,129,139,149,183,202,202,297,297,308,408,408,408],"floor_reached":38,"playtime":3361,"items_purged":["Strike_R","Strike_R"],"score":599,"play_id":"e01db8f2-ea87-4113-8e66-dd53eb940000","local_time":"20190709232343","is_ascension_mode":true,"campfire_choices":[{"data":"Armaments","floor":6.0,"key":"SMITH"},{"data":"Shockwave","floor":13,"key":"SMITH"},{"data":"Feel No Pain","floor":15,"key":"SMITH"},{"data":"Barricade","floor":25,"key":"SMITH"},{"floor":27,"key":"REST"},{"floor":32,"key":"REST"}],"neow_cost":"NONE","seed_source_timestamp":0,"circlet_count":0,"master_deck":["Strike_R+1","Strike_R","Strike_R","Defend_R","Defend_R","Defend_R","Defend_R","Bash+1","Armaments+1","Feel No Pain+1","Shockwave+1","Twin Strike","Shrug It Off","Shrug It Off","Warcry","Barricade+1","Havoc","Headbutt","Sentinel","Body Slam+1","Second Wind+1","True Grit+1","Reaper+1"],"special_seed":0,"relics":["Burning Blood","Whetstone","Question Card","FossilizedHelix","Letter Opener","Cursed Key","Red Mask","Omamori","Molten Egg 2","Singing Bowl","Blue Candle","Coffee Dripper","Thread and Needle"],"potions_floor_usage":[14,16,19,23,23,23,30,38,38],"damage_taken":[{"damage":11.0,"enemies":"Cultist","floor":1.0,"turns":4.0},{"damage":2.0,"enemies":"2 Louse","floor":2.0,"turns":3.0},{"damage":0.0,"enemies":"Jaw Worm","floor":5.0,"turns":3.0},{"damage":22.0,"enemies":"3 Sentries","floor":7.0,"turns":11.0},{"damage":0.0,"enemies":"Gremlin Gang","floor":8.0,"turns":5.0},{"damage":32.0,"enemies":"Gremlin Nob","floor":10.0,"turns":4.0},{"damage":0.0,"enemies":"3 Louse","floor":11.0,"turns":5.0},{"damage":3,"enemies":"3 Sentries","floor":12,"turns":13},{"damage":0,"enemies":"Looter","floor":14,"turns":3},{"damage":16,"enemies":"The Guardian","floor":16,"turns":17},{"damage":18,"enemies":"Spheric Guardian","floor":18,"turns":13},{"damage":25,"enemies":"Masked Bandits","floor":19,"turns":7},{"damage":8,"enemies":"2 Thieves","floor":20,"turns":5},{"damage":16,"enemies":"Book of Stabbing","floor":23,"turns":9},{"damage":8,"enemies":"3 Cultists","floor":24,"turns":5},{"damage":0,"enemies":"Cultist and Chosen","floor":28,"turns":7},{"damage":22,"enemies":"Snecko","floor":29,"turns":6},{"damage":7,"enemies":"Gremlin Leader","floor":30,"turns":10},{"damage":11,"enemies":"Centurion and Healer","floor":31,"turns":9},{"damage":41,"enemies":"Champ","floor":33,"turns":15},{"damage":0,"enemies":"3 Shapes","floor":35,"turns":3},{"damage":24,"enemies":"Mind Bloom Boss Battle","floor":36,"turns":8},{"damage":92,"enemies":"Donu and Deca","floor":38,"turns":8}],"seed_played":"-3476011712517806949","potions_obtained":[{"floor":1.0,"key":"Fire Potion"},{"floor":7.0,"key":"AttackPotion"},{"floor":11.0,"key":"SkillPotion"},{"floor":12,"key":"Dexterity Potion"},{"floor":14,"key":"SteroidPotion"},{"floor":16,"key":"Dexterity Potion"},{"floor":18,"key":"GamblersBrew"},{"floor":19,"key":"Dexterity Potion"},{"floor":28,"key":"Dexterity Potion"},{"floor":30,"key":"SteroidPotion"},{"floor":36,"key":"AttackPotion"}],"is_trial":false,"path_per_floor":["M","M","$","?","M","R","E","M","T","E","M","E","R","M","R","B",null,"M","?","M","?","$","E","M","R","T","R","M","M","E","M","R","B",null,"M","?","?","B"],"character_chosen":"IRONCLAD","items_purchased":["Feel No Pain","Omamori","Sentinel"],"campfire_rested":2,"item_purchase_floors":[3,22,22],"current_hp_per_floor":[67,71,71,71,77,77,61,67,67,41,47,50,50,56,56,46,72,60,41,39,24,24,14,12,12,12,37,43,27,28,25,51,16,71,91,75,75,0],"gold":408,"neow_bonus":"HUNDRED_GOLD","is_prod":false,"is_daily":false,"chose_seed":false,"campfire_upgraded":4,"win_rate":0,"timestamp":1562729023,"path_taken":["M","M","$","?","M","R","E","M","T","E","M","E","R","M","R","BOSS","M","?","M","?","$","E","M","R","T","R","M","M","E","M","R","BOSS","M","?","?","BOSS"],"build_version":"2019-07-05","purchased_purges":2,"victory":false,"max_hp_per_floor":[80,80,80,80,80,80,80,80,80,80,80,80,80,80,80,80,80,80,80,80,85,85,85,85,85,85,85,85,85,87,89,89,89,89,91,93,93,93],"card_choices":[{"not_picked":["Sever Soul","Flex"],"picked":"Armaments","floor":1.0},{"not_picked":["Armaments","Dropkick","Body Slam"],"picked":"SKIP","floor":2.0},{"not_picked":["Anger","Armaments"],"picked":"Shockwave","floor":5.0},{"not_picked":["Anger","Rampage"],"picked":"Twin Strike","floor":7.0},{"not_picked":["Rupture","Rage","Havoc"],"picked":"SKIP","floor":8.0},{"not_picked":["Second Wind","Sentinel","Impervious","Power Through"],"picked":"SKIP","floor":10.0},{"not_picked":["Flex","Rampage","Carnage"],"picked":"Shrug It Off","floor":11.0},{"not_picked":["Metallicize","Seeing Red","Armaments"],"picked":"Shrug It Off","floor":12},{"not_picked":["Cleave","Fire Breathing","Pommel Strike"],"picked":"Warcry","floor":14},{"not_picked":["Reaper","Berserk","Fiend Fire"],"picked":"Barricade","floor":16},{"not_picked":["Shrug It Off","Bloodletting","Infernal Blade"],"picked":"Havoc","floor":18},{"not_picked":["Warcry","Perfected Strike","Fire Breathing+1"],"picked":"Headbutt","floor":19},{"not_picked":["Hemokinesis+1","Searing Blow","Heavy Blade+1","Thunderclap+1"],"picked":"SKIP","floor":20},{"not_picked":["Clothesline","Sever Soul","Havoc+1"],"picked":"Body Slam","floor":23},{"not_picked":["Whirlwind+1","Perfected Strike+1","Demon Form","Heavy Blade+1"],"picked":"SKIP","floor":24},{"not_picked":["True Grit+1","Feel No Pain","Headbutt+1"],"picked":"Second Wind+1","floor":28},{"not_picked":["Thunderclap+1","Fire Breathing","Pommel Strike+1"],"picked":"True Grit+1","floor":29},{"not_picked":["Blood for Blood+1","Intimidate","Combust","Flex"],"picked":"Singing Bowl","floor":30},{"not_picked":["Clash+1","Sword Boomerang+1","Flex","Pommel Strike+1"],"picked":"Singing Bowl","floor":31},{"not_picked":["Bludgeon+1","Feed+1","Dark Embrace"],"picked":"Reaper+1","floor":33},{"not_picked":["Clash+1","Combust+1","Spot Weakness+1","Cleave+1"],"picked":"Singing Bowl","floor":35},{"not_picked":["Seeing Red","Power Through","Rampage+1","Shockwave"],"picked":"Singing Bowl","floor":36}],"player_experience":241727,"relics_obtained":[{"floor":7.0,"key":"Whetstone"},{"floor":9.0,"key":"Question Card"},{"floor":10.0,"key":"FossilizedHelix"},{"floor":12,"key":"Letter Opener"},{"floor":19,"key":"Red Mask"},{"floor":23,"key":"Molten Egg 2"},{"floor":26,"key":"Singing Bowl"},{"floor":30,"key":"Blue Candle"},{"floor":36,"key":"Thread and Needle"}],"event_choices":[{"damage_healed":0.0,"max_hp_gain":0.0,"max_hp_loss":0.0,"gold_gain":0.0,"event_name":"Liars Game","player_choice":"Ignored","floor":4.0,"gold_loss":0.0,"damage_taken":0.0},{"damage_healed":0,"gold_gain":0,"player_choice":"Fought Bandits","damage_taken":0,"max_hp_gain":0,"max_hp_loss":0,"event_name":"Masked Bandits","floor":19,"gold_loss":0},{"damage_healed":0,"gold_gain":0,"player_choice":"Shed Blood","damage_taken":20,"max_hp_gain":5,"max_hp_loss":0,"event_name":"Forgotten Altar","floor":21,"gold_loss":0},{"damage_healed":0,"gold_gain":0,"player_choice":"Fight","damage_taken":0,"max_hp_gain":0,"max_hp_loss":0,"event_name":"MindBloom","floor":36,"gold_loss":0},{"damage_healed":0,"gold_gain":0,"player_choice":"Took Portal","damage_taken":0,"max_hp_gain":0,"max_hp_loss":0,"event_name":"SecretPortal","floor":37,"gold_loss":0}],"is_beta":false,"boss_relics":[{"not_picked":["Orrery","Runic Dome"],"picked":"Cursed Key"},{"not_picked":["Runic Pyramid","Black Star"],"picked":"Coffee Dripper"}],"items_purged_floors":[3,22],"is_endless":false,"potions_floor_spawned":[1,7,11,12,14,16,18,19,20,28,30,36],"killed_by":"Donu and Deca","ascension_level":6}