{"gold_per_floor":[211,211,65,78,91,116,116,151,151,151,151,161,161],"floor_reached":13,"playtime":1377,"items_purged":[],"score":112,"play_id":"ac43f418-8606-44b8-860a-7be12aab4b18","local_time":"20190605193849","is_ascension_mode":true,"campfire_choices":[{"data":"Armaments","floor":7,"key":"SMITH"},{"data":"Combust","floor":10,"key":"SMITH"}],"neow_cost":"NONE","seed_source_timestamp":292074717771600,"circlet_count":0,"master_deck":["Strike_R","Strike_R","Strike_R","Strike_R","Strike_R","Defend_R","Defend_R","Defend_R","Defend_R","Bash","Seeing Red","Armaments+1","Burning Pact","Combust+1","Offering"],"relics":["Burning Blood","Strawberry","Thread and Needle","Paper Frog","Mummified Hand"],"potions_floor_usage":[3,13],"damage_taken":[{"damage":7,"enemies":"2 Louse","floor":1,"turns":2},{"damage":6,"enemies":"Cultist","floor":4,"turns":3},{"damage":7,"enemies":"Jaw Worm","floor":5,"turns":3},{"damage":31,"enemies":"3 Sentries","floor":6,"turns":6},{"damage":13,"enemies":"Gremlin Nob","floor":8,"turns":3},{"damage":23,"enemies":"Exordium Thugs","floor":12,"turns":4},{"damage":49,"enemies":"Lagavulin","floor":13,"turns":6}],"seed_played":"4664742436586397692","potions_obtained":[{"floor":1,"key":"Dexterity Potion"},{"floor":4,"key":"Ancient Potion"},{"floor":12,"key":"Swift Potion"}],"is_trial":false,"path_per_floor":["M","?","$","M","M","E","R","E","T","R","$","M","E"],"character_chosen":"IRONCLAD","items_purchased":["Armaments","Fruit Juice"],"campfire_rested":0,"item_purchase_floors":[3,3],"current_hp_per_floor":[79,86,91,91,90,65,65,58,58,58,58,41,0],"gold":161,"neow_bonus":"HUNDRED_GOLD","is_prod":false,"is_daily":false,"chose_seed":false,"campfire_upgraded":2,"win_rate":0,"timestamp":1559788729,"path_taken":["M","?","$","?","M","E","R","E","T","R","$","M","E"],"build_version":"2019-01-23","purchased_purges":0,"victory":false,"max_hp_per_floor":[80,87,92,92,92,92,92,92,92,92,92,92,92],"card_choices":[{"not_picked":["Rupture","Anger"],"picked":"Seeing Red","floor":1},{"not_picked":["Body Slam","Cleave"],"picked":"Burning Pact","floor":4},{"not_picked":["Clash","Headbutt"],"picked":"Combust","floor":5},{"not_picked":["Heavy Blade","Entrench"],"picked":"Offering","floor":6},{"not_picked":["Second Wind","Anger","Reckless Charge"],"picked":"SKIP","floor":8},{"not_picked":["Bloodletting","Cleave","Clash"],"picked":"SKIP","floor":12}],"player_experience":535756,"relics_obtained":[{"floor":6,"key":"Thread and Needle"},{"floor":8,"key":"Paper Frog"},{"floor":9,"key":"Mummified Hand"}],"event_choices":[{"damage_healed":0,"gold_gain":0,"player_choice":"Gave Potion","damage_taken":0,"relics_obtained":["Strawberry"],"max_hp_gain":0,"max_hp_loss":0,"event_name":"WeMeetAgain","floor":2,"gold_loss":0}],"is_beta":false,"boss_relics":[],"items_purged_floors":[],"is_endless":false,"potions_floor_spawned":[1,4,12],"killed_by":"Lagavulin","ascension_level":4}