{"gold_per_floor":[110,110,110,36,59,59,100,100,126,144,158,158,201,221,221,346,346,366,405,405,405,416,416,435,448,472,472,491,505,132,150,150,249,249,249,265,284,284,284,284,284,303,355,355,374,374,274,291,291,291,291,291,60,92,92],"floor_reached":55,"playtime":5448,"items_purged":["Phantasmal Killer","Strike_G","Phantasmal Killer"],"score":708,"play_id":"546d38de-b9b3-47fe-9ec6-16e4ea793e3f","local_time":"20190709233312","is_ascension_mode":false,"campfire_choices":[{"data":"Bouncing Flask","floor":12.0,"key":"SMITH"},{"floor":15.0,"key":"RECALL"},{"data":"Crippling Poison","floor":23.0,"key":"SMITH"},{"data":"Dash","floor":27.0,"key":"SMITH"},{"data":"Well Laid Plans","floor":32.0,"key":"SMITH"},{"data":"Burst","floor":40,"key":"SMITH"},{"floor":44,"key":"REST"},{"floor":46,"key":"REST"},{"data":"Footwork","floor":49,"key":"SMITH"},{"data":"Leg Sweep","floor":52,"key":"SMITH"}],"neow_cost":"NONE","seed_source_timestamp":1450220249176100,"circlet_count":0,"master_deck":["Defend_G","Defend_G","Defend_G","Defend_G","Defend_G","Survivor","Neutralize","Deadly Poison","Crippling Poison+1","Bouncing Flask+1","Backflip","Dash+1","Quick Slash","Calculated Gamble","Backflip","Deadly Poison","Backstab","Poisoned Stab","Backstab","Calculated Gamble","Prepared","Deadly Poison+1","Corpse Explosion","Well Laid Plans+1","Blur","Bane","Burst+1","Blur","Leg Sweep+1","Dash+1","PanicButton","Poisoned Stab+1","Footwork+1","Noxious Fumes","Backflip","Footwork"],"special_seed":0,"relics":["Ring of the Snake","NeowsBlessing","Bloody Idol","Pen Nib","Oddly Smooth Stone","StoneCalendar","Velvet Choker","Red Mask","Strawberry","Lizard Tail","Regal Pillow","Anchor"],"potions_floor_usage":[42,42,50,55,55,55],"damage_taken":[{"damage":0.0,"enemies":"Jaw Worm","floor":1.0,"turns":1.0},{"damage":0.0,"enemies":"Cultist","floor":5.0,"turns":1.0},{"damage":0.0,"enemies":"Gremlin Nob","floor":7.0,"turns":1.0},{"damage":0.0,"enemies":"Small Slimes","floor":8.0,"turns":3.0},{"damage":0.0,"enemies":"3 Louse","floor":10.0,"turns":5.0},{"damage":0.0,"enemies":"Exordium Wildlife","floor":11.0,"turns":4.0},{"damage":10.0,"enemies":"Lagavulin","floor":13.0,"turns":7.0},{"damage":1.0,"enemies":"Looter","floor":14.0,"turns":3.0},{"damage":11.0,"enemies":"Hexaghost","floor":16.0,"turns":7.0},{"damage":0.0,"enemies":"Shell Parasite","floor":18.0,"turns":4.0},{"damage":11.0,"enemies":"Masked Bandits","floor":19.0,"turns":5.0},{"damage":0.0,"enemies":"Chosen","floor":22.0,"turns":3.0},{"damage":13.0,"enemies":"3 Cultists","floor":24.0,"turns":6.0},{"damage":3.0,"enemies":"Centurion and Healer","floor":25.0,"turns":5.0},{"damage":1.0,"enemies":"Chosen and Byrds","floor":28.0,"turns":6.0},{"damage":21.0,"enemies":"Cultist and Chosen","floor":29.0,"turns":6.0},{"damage":9.0,"enemies":"Snecko","floor":31.0,"turns":4.0},{"damage":19.0,"enemies":"Champ","floor":33.0,"turns":10.0},{"damage":0,"enemies":"3 Shapes","floor":35,"turns":3},{"damage":24,"enemies":"3 Darklings","floor":36,"turns":4},{"damage":17,"enemies":"4 Shapes","floor":37,"turns":2},{"damage":45,"enemies":"Sphere and 2 Shapes","floor":42,"turns":7},{"damage":20,"enemies":"3 Darklings","floor":45,"turns":6},{"damage":0,"enemies":"Transient","floor":48,"turns":5},{"damage":52,"enemies":"Time Eater","floor":50,"turns":15},{"damage":53,"enemies":"Shield and Spear","floor":54,"turns":3},{"damage":69,"enemies":"The Heart","floor":55,"turns":8}],"seed_played":"-1506585659092155162","potions_obtained":[{"floor":1.0,"key":"LiquidBronze"},{"floor":5.0,"key":"GamblersBrew"},{"floor":13.0,"key":"Strength Potion"},{"floor":14.0,"key":"EssenceOfSteel"},{"floor":18.0,"key":"SpeedPotion"},{"floor":19.0,"key":"Poison Potion"},{"floor":36,"key":"Swift Potion"},{"floor":42,"key":"Swift Potion"},{"floor":45,"key":"SteroidPotion"},{"floor":54,"key":"SneckoOil"}],"is_trial":false,"path_per_floor":["M","?","?","$","M","?","E","M","T","M","M","R","E","M","R","B",null,"M","?","?","?","M","R","M","M","T","R","M","M","$","M","R","B",null,"M","M","M","?","?","R","?","M","T","R","M","R","$","M","R","B",null,"R","$","E","B"],"character_chosen":"THE_SILENT","items_purchased":["Bouncing Flask","Well Laid Plans","Blur","Strawberry","Noxious Fumes","Backflip"],"campfire_rested":2,"item_purchase_floors":[4,30,30,30,53,53],"current_hp_per_floor":[70,53,53,53,53,53,53,53,53,53,53,53,43,42,42,31,70,70,59,59,59,64,64,56,58,63,63,67,51,58,54,54,40,77,77,58,46,46,46,46,46,6,11,47,32,68,68,73,73,21,73,73,73,25,0],"gold":92,"neow_bonus":"THREE_ENEMY_KILL","is_prod":false,"is_daily":false,"chose_seed":false,"campfire_upgraded":7,"win_rate":0,"timestamp":1562682792,"path_taken":["M","?","?","$","?","?","E","M","T","M","M","R","E","M","R","BOSS","M","?","?","?","M","R","M","M","T","R","M","M","$","M","R","BOSS","M","M","M","?","?","R","?","?","T","R","M","R","$","M","R","BOSS","R","$","E","BOSS"],"build_version":"2019-07-05","purchased_purges":3,"victory":false,"max_hp_per_floor":[70,70,70,70,70,70,70,70,70,70,70,70,70,70,70,70,70,70,70,70,70,70,70,70,70,70,70,70,70,77,77,77,77,77,77,77,77,73,73,73,73,73,73,73,73,73,73,73,73,73,73,73,73,73,73],"card_choices":[{"not_picked":["Predator","Eviscerate"],"picked":"Deadly Poison","floor":1.0},{"not_picked":["All Out Attack","Endless Agony"],"picked":"Backflip","floor":5.0},{"not_picked":["Heel Hook","Masterful Stab"],"picked":"Dash","floor":7.0},{"not_picked":["Masterful Stab","Underhanded Strike"],"picked":"Quick Slash","floor":8.0},{"not_picked":["Acrobatics","Flechettes"],"picked":"Calculated Gamble","floor":10.0},{"not_picked":["Quick Slash","Deflect"],"picked":"Backflip","floor":11.0},{"not_picked":["Outmaneuver","Bullet Time"],"picked":"Deadly Poison","floor":13.0},{"not_picked":["Riddle With Holes","Underhanded Strike"],"picked":"Backstab","floor":14.0},{"not_picked":["Dagger Spray","Underhanded Strike+1"],"picked":"Poisoned Stab","floor":18.0},{"not_picked":["Cloak And Dagger","Riddle With Holes+1"],"picked":"Backstab","floor":19.0},{"not_picked":["Tactician","Quick Slash+1","Dagger Throw"],"picked":"SKIP","floor":22.0},{"not_picked":["Poisoned Stab","Bane"],"picked":"Prepared","floor":24.0},{"not_picked":["Slice+1","Blade Dance"],"picked":"Deadly Poison+1","floor":25.0},{"not_picked":["Riddle With Holes+1","Bane"],"picked":"Corpse Explosion","floor":28.0},{"not_picked":["Cloak And Dagger","Riddle With Holes","Underhanded Strike"],"picked":"SKIP","floor":29.0},{"not_picked":["Deadly Poison","Eviscerate"],"picked":"Bane","floor":31.0},{"not_picked":["Bullet Time","Venomology"],"picked":"Burst","floor":33.0},{"not_picked":["Underhanded Strike","Calculated Gamble+1"],"picked":"Blur","floor":35},{"not_picked":["Bane","Underhanded Strike+1"],"picked":"Leg Sweep","floor":36},{"not_picked":["Poisoned Stab","Skewer"],"picked":"Dash+1","floor":37},{"not_picked":["Purity","Deep Breath"],"picked":"PanicButton","floor":39},{"not_picked":["Wraith Form v2","Slice"],"picked":"Poisoned Stab+1","floor":42},{"not_picked":["Bane+1","Backstab+1"],"picked":"Footwork","floor":45},{"not_picked":["Deadly Poison","Reflex+1","Expertise+1"],"picked":"SKIP","floor":48},{"not_picked":["Underhanded Strike+1","Dash"],"picked":"Footwork","floor":54}],"player_experience":79562,"relics_obtained":[{"floor":7.0,"key":"Pen Nib"},{"floor":9.0,"key":"Oddly Smooth Stone"},{"floor":13.0,"key":"StoneCalendar"},{"floor":19.0,"key":"Red Mask"},{"floor":43,"key":"Regal Pillow"},{"floor":54,"key":"Anchor"}],"event_choices":[{"damage_healed":0.0,"max_hp_gain":0.0,"max_hp_loss":0.0,"gold_gain":0.0,"event_name":"Golden Idol","player_choice":"Take Damage","floor":2.0,"gold_loss":0.0,"damage_taken":17.0,"relics_obtained":["Golden Idol"]},{"damage_healed":0.0,"max_hp_gain":0.0,"max_hp_loss":0.0,"gold_gain":0.0,"cards_transformed":["Strike_G"],"event_name":"Transmorgrifier","player_choice":"Transformed","floor":3.0,"gold_loss":0.0,"damage_taken":0.0,"cards_obtained":["Crippling Poison"]},{"damage_healed":0.0,"max_hp_gain":0.0,"max_hp_loss":0.0,"gold_gain":0.0,"cards_transformed":["Strike_G"],"event_name":"Living Wall","player_choice":"Change","floor":6.0,"gold_loss":0.0,"damage_taken":0.0,"cards_obtained":["Phantasmal Killer"]},{"damage_healed":0.0,"max_hp_gain":0.0,"max_hp_loss":0.0,"gold_gain":0.0,"event_name":"Masked Bandits","player_choice":"Fought Bandits","floor":19.0,"gold_loss":0.0,"damage_taken":0.0},{"damage_healed":0.0,"max_hp_gain":0.0,"max_hp_loss":0.0,"gold_gain":0.0,"cards_transformed":["Strike_G","Strike_G"],"event_name":"Drug Dealer","player_choice":"Became Test Subject","floor":20.0,"gold_loss":0.0,"damage_taken":0.0,"cards_obtained":["Calculated Gamble","Phantasmal Killer"]},{"damage_healed":0.0,"max_hp_gain":0.0,"max_hp_loss":0.0,"gold_gain":0.0,"event_name":"Forgotten Altar","player_choice":"Gave Idol","floor":21.0,"relics_lost":["Golden Idol"],"gold_loss":0.0,"damage_taken":0.0,"relics_obtained":["Bloody Idol"]},{"damage_healed":0,"gold_gain":0,"player_choice":"Max HP","damage_taken":0,"max_hp_gain":0,"max_hp_loss":4,"event_name":"Winding Halls","floor":38,"gold_loss":0},{"damage_healed":0,"gold_gain":0,"player_choice":"Memory 1","damage_taken":0,"max_hp_gain":0,"max_hp_loss":0,"event_name":"SensoryStone","floor":39,"gold_loss":0},{"damage_healed":0,"gold_gain":0,"player_choice":"Ignored","damage_taken":0,"max_hp_gain":0,"max_hp_loss":0,"event_name":"Mysterious Sphere","floor":41,"gold_loss":0}],"is_beta":false,"boss_relics":[{"not_picked":["Ectoplasm","Cursed Key"],"picked":"Velvet Choker"},{"not_picked":["Black Star","Tiny House"],"picked":"Lizard Tail"}],"items_purged_floors":[30,47,53],"is_endless":false,"potions_floor_spawned":[1,5,13,14,18,19,29,33,36,42,45,48,54],"killed_by":"The Heart","ascension_level":0}