{"gold_per_floor":[110,110,130,143,143,68,103,103,103,134,145,0,0,10,10,10],"floor_reached":16,"playtime":857,"items_purged":["Strike_G","Defend_G"],"score":121,"play_id":"88f141d1-cabf-4aba-af5a-b21018b07753","local_time":"20190711013614","is_ascension_mode":true,"campfire_choices":[{"floor":13,"key":"REST"},{"floor":15,"key":"REST"}],"neow_cost":"NONE","seed_source_timestamp":1965758701749329,"circlet_count":0,"master_deck":["Strike_G","Strike_G","Strike_G","Strike_G","Defend_G","Defend_G","Defend_G","Defend_G","Survivor","Neutralize","Bouncing Flask+1","Deadly Poison","Poisoned Stab","Backflip","Backstab","Poisoned Stab","Backstab"],"relics":["Ring of the Snake","NeowsBlessing","Singing Bowl","PreservedInsect","Juzu Bracelet","Lantern"],"potions_floor_usage":[7,7,10],"damage_taken":[{"damage":0,"enemies":"Jaw Worm","floor":1,"turns":1},{"damage":0,"enemies":"Cultist","floor":3,"turns":1},{"damage":0,"enemies":"2 Louse","floor":4,"turns":1},{"damage":31,"enemies":"Gremlin Nob","floor":7,"turns":5},{"damage":10,"enemies":"3 Sentries","floor":10,"turns":7},{"damage":8,"enemies":"Large Slime","floor":11,"turns":7},{"damage":0,"enemies":"3 Louse","floor":14,"turns":2},{"damage":56,"enemies":"Slime Boss","floor":16,"turns":11}],"seed_played":"-3423825942862596772","potions_obtained":[{"floor":1,"key":"EssenceOfSteel"},{"floor":4,"key":"EssenceOfSteel"},{"floor":7,"key":"FearPotion"},{"floor":14,"key":"Explosive Potion"}],"is_trial":false,"path_per_floor":["M","?","M","M","?","$","E","?","T","E","M","$","R","M","R","B"],"character_chosen":"THE_SILENT","items_purchased":["Poisoned Stab"],"campfire_rested":2,"item_purchase_floors":[12],"current_hp_per_floor":[70,70,70,70,37,37,6,29,29,19,11,11,32,32,53,0],"gold":10,"neow_bonus":"THREE_ENEMY_KILL","is_prod":false,"is_daily":false,"chose_seed":false,"campfire_upgraded":0,"win_rate":0,"timestamp":1562826974,"path_taken":["M","?","M","?","?","$","E","?","T","E","M","$","R","M","R","BOSS"],"build_version":"2019-07-05","purchased_purges":2,"victory":false,"max_hp_per_floor":[70,70,70,70,70,70,70,70,70,70,70,70,70,70,70,70],"card_choices":[{"not_picked":["Deadly Poison","Blade Dance"],"picked":"Bouncing Flask","floor":1},{"not_picked":["Infinite Blades","Accuracy"],"picked":"Deadly Poison","floor":3},{"not_picked":["Choke","Tactician","Calculated Gamble"],"picked":"SKIP","floor":4},{"not_picked":["Quick Slash","Doppelganger"],"picked":"Poisoned Stab","floor":7},{"not_picked":["Heel Hook","Calculated Gamble"],"picked":"Backflip","floor":10},{"not_picked":["Slice","Acrobatics"],"picked":"Backstab","floor":11},{"not_picked":["Well Laid Plans","Tactician"],"picked":"Backstab","floor":14}],"player_experience":357964,"relics_obtained":[{"floor":7,"key":"PreservedInsect"},{"floor":9,"key":"Juzu Bracelet"},{"floor":10,"key":"Lantern"}],"event_choices":[{"damage_healed":0,"gold_gain":0,"player_choice":"Forge","damage_taken":0,"max_hp_gain":0,"max_hp_loss":0,"event_name":"Accursed Blacksmith","floor":2,"gold_loss":0,"cards_upgraded":["Bouncing Flask"]},{"damage_healed":0,"gold_gain":0,"player_choice":"Success","damage_taken":33,"relics_obtained":["Singing Bowl"],"max_hp_gain":0,"max_hp_loss":0,"event_name":"Scrap Ooze","floor":5,"gold_loss":0},{"damage_healed":23,"gold_gain":0,"player_choice":"Banana","damage_taken":0,"max_hp_gain":0,"max_hp_loss":0,"event_name":"Big Fish","floor":8,"gold_loss":0}],"is_beta":false,"boss_relics":[],"items_purged_floors":[6,12],"is_endless":false,"potions_floor_spawned":[1,4,7,14],"killed_by":"Slime Boss","ascension_level":2}