{"gold_per_floor":[109,109,124,124,72,115,47,47,72,135,170,191,191,77,77,200,200,213,237,237,253,253,253,253],"floor_reached":24,"playtime":1321,"items_purged":["Injury"],"score":192,"play_id":"3daea7d7-6ff1-4a1f-8632-b3a1fbc6a636","local_time":"20190708015927","is_ascension_mode":false,"campfire_choices":[{"floor":8,"key":"REST"},{"floor":15,"key":"REST"},{"floor":23,"key":"REST"}],"neow_cost":"NONE","seed_source_timestamp":1707486209473899,"circlet_count":0,"master_deck":["Strike_B","Strike_B","Strike_B","Strike_B","Defend_B","Defend_B","Defend_B","Defend_B","Zap","Dualcast","Sweeping Beam+1","Melter","Redo","Ball Lightning","Capacitor","Echo Form","Sunder","Storm","Static Discharge","Redo+1","Conserve Battery+1"],"relics":["Cracked Core","Regal Pillow","Golden Idol","Darkstone Periapt","Lantern","Odd Mushroom","Inserter","Nloth\u0027s Gift"],"potions_floor_usage":[19,21,24],"damage_taken":[{"damage":1,"enemies":"Jaw Worm","floor":1,"turns":3},{"damage":0,"enemies":"Small Slimes","floor":3,"turns":2},{"damage":32,"enemies":"Gremlin Nob","floor":6,"turns":4},{"damage":27,"enemies":"3 Sentries","floor":10,"turns":4},{"damage":19,"enemies":"The Mushroom Lair","floor":11,"turns":3},{"damage":0,"enemies":"2 Louse","floor":12,"turns":2},{"damage":49,"enemies":"Hexaghost","floor":16,"turns":7},{"damage":29,"enemies":"Shell Parasite","floor":18,"turns":6},{"damage":28,"enemies":"Chosen","floor":19,"turns":5},{"damage":21,"enemies":"Snake Plant","floor":21,"turns":3},{"damage":46,"enemies":"Centurion and Healer","floor":24,"turns":7}],"seed_played":"-3890935640325672352","potions_obtained":[{"floor":6,"key":"EssenceOfSteel"},{"floor":12,"key":"Ancient Potion"},{"floor":18,"key":"Swift Potion"},{"floor":21,"key":"PowerPotion"}],"is_trial":false,"path_per_floor":["M","?","M","?","$","E","$","R","T","?","?","M","?","$","R","B",null,"M","M","?","M","$","R","M"],"character_chosen":"DEFECT","items_purchased":["Redo","Capacitor","Static Discharge"],"campfire_rested":3,"item_purchase_floors":[5,7,14],"current_hp_per_floor":[74,74,74,74,74,42,42,75,75,48,29,29,34,34,73,24,80,51,23,23,2,2,41,0],"gold":253,"neow_bonus":"RANDOM_COMMON_RELIC","is_prod":false,"is_daily":false,"chose_seed":false,"campfire_upgraded":0,"win_rate":0,"timestamp":1562569167,"path_taken":["M","?","M","?","?","E","$","R","T","?","?","?","?","$","R","BOSS","M","M","?","M","$","R","?"],"build_version":"2019-07-05","purchased_purges":1,"victory":false,"max_hp_per_floor":[75,75,75,75,75,75,75,75,75,75,75,75,80,80,80,80,80,80,80,80,80,80,80,80],"card_choices":[{"not_picked":["Stack","Streamline"],"picked":"Sweeping Beam","floor":1},{"not_picked":["Gash","Force Field"],"picked":"Melter","floor":3},{"not_picked":["Reprogram","Compile Driver"],"picked":"Ball Lightning","floor":6},{"not_picked":["Capacitor","Rebound"],"picked":"Echo Form","floor":10},{"not_picked":["Coolheaded","Turbo"],"picked":"Sunder","floor":11},{"not_picked":["Fusion","Compile Driver"],"picked":"Storm","floor":12},{"not_picked":["Gash+1","Hologram","Compile Driver"],"picked":"SKIP","floor":18},{"not_picked":["Barrage","Hello World"],"picked":"Redo+1","floor":19},{"not_picked":["Skim","Go for the Eyes"],"picked":"Conserve Battery+1","floor":21}],"player_experience":273211,"relics_obtained":[{"floor":6,"key":"Darkstone Periapt"},{"floor":9,"key":"Lantern"},{"floor":11,"key":"Odd Mushroom"}],"event_choices":[{"damage_healed":0,"gold_gain":0,"player_choice":"Grow","damage_taken":0,"max_hp_gain":0,"max_hp_loss":0,"event_name":"Living Wall","floor":2,"gold_loss":0,"cards_upgraded":["Sweeping Beam"]},{"damage_healed":0,"gold_gain":0,"player_choice":"Take Wound","damage_taken":0,"relics_obtained":["Golden Idol"],"max_hp_gain":0,"max_hp_loss":0,"event_name":"Golden Idol","floor":4,"gold_loss":0,"cards_obtained":["Injury"]},{"damage_healed":0,"gold_gain":30,"player_choice":"Searched \u00273\u0027 times","damage_taken":0,"relics_obtained":["Boot"],"max_hp_gain":0,"max_hp_loss":0,"event_name":"Dead Adventurer","floor":10,"gold_loss":0},{"damage_healed":0,"gold_gain":0,"player_choice":"Fought Mushrooms","damage_taken":0,"max_hp_gain":0,"max_hp_loss":0,"event_name":"Mushrooms","floor":11,"gold_loss":0},{"damage_healed":0,"gold_gain":0,"player_choice":"Donut","damage_taken":0,"max_hp_gain":5,"max_hp_loss":0,"event_name":"Big Fish","floor":13,"gold_loss":0},{"damage_healed":0,"gold_gain":0,"player_choice":"Traded Relic","damage_taken":0,"relics_obtained":["Nloth\u0027s Gift"],"max_hp_gain":0,"max_hp_loss":0,"event_name":"N\u0027loth","floor":20,"relics_lost":["Boot"],"gold_loss":0}],"is_beta":false,"boss_relics":[{"not_picked":["Cursed Key","Nuclear Battery"],"picked":"Inserter"}],"items_purged_floors":[14],"is_endless":false,"potions_floor_spawned":[6,12,18,21],"killed_by":"Centurion and Healer","ascension_level":0}