{"gold_per_floor":[119,119,69,16,16,50,69,99,99,39,57,57,57,75,75,174,174,190,190,190,208,128,128,128,153,153,153,153,153,186,205,205,303,303,319,319,367,377,182,182,182],"floor_reached":41,"playtime":2609,"items_purged":["Regret","Strike_G"],"score":504,"play_id":"c241993e-6913-4cb1-bd92-f4882319ecf6","local_time":"20190708182557","is_ascension_mode":true,"campfire_choices":[{"floor":12,"key":"REST"},{"floor":15,"key":"REST"},{"data":"Prepared","floor":23,"key":"SMITH"},{"data":"Setup","floor":27,"key":"SMITH"},{"floor":29,"key":"DIG"},{"floor":32,"key":"REST"},{"floor":40,"key":"REST"}],"neow_cost":"NONE","seed_source_timestamp":0,"circlet_count":0,"master_deck":["Defend_G","Defend_G","Defend_G","Survivor","Neutralize+1","Flying Knee+1","Outmaneuver+1","Well Laid Plans+1","Choke+1","Acrobatics","Backflip","Reflex+1","Corpse Explosion","Necronomicurse","Prepared+1","Setup+1","Blade Dance+1","Madness","Madness","Blur","Reflex+1","Outmaneuver+1","Bandage Up"],"special_seed":0,"relics":["Astrolabe","Torii","The Courier","Juzu Bracelet","Bottled Tornado","Busted Crown","Necronomicon","Shovel","Whetstone","Matryoshka","Ninja Scroll","Pear","Empty Cage","Prayer Wheel"],"potions_floor_usage":[16,16,25,30,33,37,38,41,41],"damage_taken":[{"damage":0.0,"enemies":"Small Slimes","floor":1.0,"turns":5.0},{"damage":30,"enemies":"Lagavulin","floor":6,"turns":7},{"damage":0,"enemies":"2 Louse","floor":7,"turns":2},{"damage":13,"enemies":"3 Sentries","floor":8,"turns":12},{"damage":1,"enemies":"Cultist","floor":11,"turns":3},{"damage":13,"enemies":"3 Louse","floor":14,"turns":4},{"damage":3,"enemies":"Hexaghost","floor":16,"turns":8},{"damage":1,"enemies":"Chosen","floor":18,"turns":4},{"damage":0,"enemies":"Spheric Guardian","floor":21,"turns":2},{"damage":2,"enemies":"Book of Stabbing","floor":25,"turns":4},{"damage":19,"enemies":"Gremlin Leader","floor":30,"turns":2},{"damage":8,"enemies":"Chosen and Byrds","floor":31,"turns":4},{"damage":28,"enemies":"Champ","floor":33,"turns":7},{"damage":33,"enemies":"3 Shapes","floor":35,"turns":3},{"damage":29,"enemies":"2 Orb Walkers","floor":37,"turns":5},{"damage":0,"enemies":"Orb Walker","floor":38,"turns":2},{"damage":59,"enemies":"Reptomancer","floor":41,"turns":2}],"seed_played":"5254276032993189656","potions_obtained":[{"floor":1,"key":"Dexterity Potion"},{"floor":7,"key":"LiquidBronze"},{"floor":8,"key":"SteroidPotion"},{"floor":16,"key":"Fire Potion"},{"floor":21,"key":"Swift Potion"},{"floor":25,"key":"FearPotion"},{"floor":31,"key":"Dexterity Potion"},{"floor":37,"key":"Block Potion"},{"floor":38,"key":"FearPotion"}],"is_trial":false,"path_per_floor":["M","?","?","$","?","E","M","E","T","$","M","R","?","M","R","B",null,"M","?","?","M","$","R","?","E","T","R","?","R","E","M","R","B",null,"M","?","?","M","$","R","E"],"character_chosen":"THE_SILENT","items_purchased":["Acrobatics","Bandage Up","Fire Potion","FairyPotion"],"campfire_rested":4,"item_purchase_floors":[4,39,39,39],"current_hp_per_floor":[70,70,70,70,70,40,40,27,27,27,26,47,47,34,55,52,70,69,53,53,53,53,53,53,51,51,51,51,51,42,34,58,30,80,47,37,8,8,8,32,0],"gold":182,"neow_bonus":"BOSS_RELIC","is_prod":false,"is_daily":false,"chose_seed":false,"campfire_upgraded":2,"win_rate":0,"timestamp":1562624757,"path_taken":["M","?","?","$","?","E","M","E","T","$","M","R","?","M","R","BOSS","M","?","?","M","?","R","?","E","T","R","?","R","E","M","R","BOSS","M","?","?","M","$","R","E"],"build_version":"2019-07-05","purchased_purges":2,"victory":false,"max_hp_per_floor":[70,70,70,70,70,70,70,70,70,70,70,70,70,70,70,70,70,70,70,70,70,70,70,70,70,70,70,70,70,80,80,80,80,80,80,80,80,80,80,80,80],"card_choices":[{"not_picked":["All Out Attack","Distraction"],"picked":"Choke","floor":1},{"not_picked":["Dagger Spray","Bane"],"picked":"Expertise","floor":6},{"not_picked":["Sucker Punch","Crippling Poison"],"picked":"Backflip","floor":7},{"not_picked":["Bane","Crippling Poison","Dodge and Roll"],"picked":"SKIP","floor":8},{"not_picked":["Sucker Punch","Backstab","Deflect"],"picked":"SKIP","floor":11},{"not_picked":["Blade Dance","Predator","All Out Attack"],"picked":"SKIP","floor":14},{"not_picked":["Adrenaline","Phantasmal Killer"],"picked":"Corpse Explosion","floor":16},{"not_picked":["Cloak And Dagger+1"],"picked":"SKIP","floor":18},{"not_picked":[],"picked":"Prepared","floor":21},{"not_picked":["Underhanded Strike"],"picked":"SKIP","floor":25},{"not_picked":["Glass Knife"],"picked":"SKIP","floor":30},{"not_picked":[],"picked":"Blade Dance+1","floor":31},{"not_picked":["Dodge and Roll"],"picked":"SKIP","floor":35},{"not_picked":[],"picked":"Blur","floor":37},{"not_picked":[],"picked":"Reflex+1","floor":38},{"not_picked":[],"picked":"Outmaneuver+1","floor":38}],"player_experience":211701,"relics_obtained":[{"floor":6,"key":"The Courier"},{"floor":8,"key":"Juzu Bracelet"},{"floor":9,"key":"Bottled Tornado"},{"floor":19,"key":"Necronomicon"},{"floor":20,"key":"Shovel"},{"floor":25,"key":"Whetstone"},{"floor":26,"key":"Matryoshka"},{"floor":29,"key":"Ninja Scroll"},{"floor":30,"key":"Pear"},{"floor":37,"key":"Prayer Wheel"}],"event_choices":[{"damage_healed":0,"gold_gain":0,"player_choice":"Grow","damage_taken":0,"max_hp_gain":0,"max_hp_loss":0,"event_name":"Living Wall","floor":2,"gold_loss":0,"cards_upgraded":["Choke"]},{"cards_removed":["Strike_G"],"damage_healed":0,"gold_gain":0,"player_choice":"Card Removal","damage_taken":0,"max_hp_gain":0,"max_hp_loss":0,"event_name":"The Cleric","floor":3,"gold_loss":50},{"damage_healed":0,"gold_gain":0,"player_choice":"Box","damage_taken":0,"relics_obtained":["Torii"],"max_hp_gain":0,"max_hp_loss":0,"event_name":"Big Fish","floor":5,"gold_loss":0,"cards_obtained":["Regret"]},{"damage_healed":0,"gold_gain":0,"cards_transformed":["Defend_G"],"player_choice":"Transformed","damage_taken":0,"max_hp_gain":0,"max_hp_loss":0,"event_name":"Transmorgrifier","floor":13,"gold_loss":0,"cards_obtained":["Reflex"]},{"damage_healed":0,"gold_gain":0,"player_choice":"Obtained Book","damage_taken":16,"max_hp_gain":0,"max_hp_loss":0,"event_name":"Cursed Tome","floor":19,"gold_loss":0},{"damage_healed":0,"gold_gain":0,"player_choice":"Relic","damage_taken":0,"max_hp_gain":0,"max_hp_loss":0,"event_name":"Wheel of Change","floor":20,"gold_loss":0},{"damage_healed":0,"gold_gain":0,"player_choice":"Read","damage_taken":0,"max_hp_gain":0,"max_hp_loss":0,"event_name":"The Library","floor":24,"gold_loss":0,"cards_obtained":["Setup"]},{"damage_healed":0,"gold_gain":0,"player_choice":"Upgraded","damage_taken":0,"max_hp_gain":0,"max_hp_loss":0,"event_name":"Upgrade Shrine","floor":28,"gold_loss":0,"cards_upgraded":["Reflex"]},{"damage_healed":0,"gold_gain":0,"player_choice":"Embrace Madness","damage_taken":10,"max_hp_gain":0,"max_hp_loss":0,"event_name":"Winding Halls","floor":36,"gold_loss":0,"cards_obtained":["Madness","Madness"]},{"damage_healed":0,"gold_gain":0,"player_choice":"Fight","damage_taken":0,"max_hp_gain":0,"max_hp_loss":0,"event_name":"Mysterious Sphere","floor":37,"gold_loss":0}],"is_beta":false,"boss_relics":[{"not_picked":["Tiny House","Cursed Key"],"picked":"Busted Crown"},{"not_picked":["Pandora\u0027s Box","Velvet Choker"],"picked":"Empty Cage"}],"items_purged_floors":[10,22],"is_endless":false,"potions_floor_spawned":[1,7,8,16,21,25,31,37,38],"killed_by":"Reptomancer","ascension_level":2}