{"gold_per_floor":[119,119,130,23,36,63,63,98,178,178,12,37,37,60,60,163,163,173,173,88,100,112,150,162,174,210,222,253,296,324,10,10,105,105,122,122,141,141,141,141,168,183,208,219,219,33,66,66,66,66],"floor_reached":50,"playtime":4374,"items_purged":[],"score":735,"play_id":"56292421-746c-461e-bd5f-964b0a3ebe91","local_time":"20190705163916","is_ascension_mode":true,"campfire_choices":[{"floor":7,"key":"REST"},{"floor":10,"key":"REST"},{"data":"Shockwave","floor":15,"key":"SMITH"},{"floor":24,"key":"REST"},{"floor":27,"key":"REST"},{"floor":32,"key":"REST"},{"floor":45,"key":"RECALL"},{"floor":49,"key":"REST"}],"neow_cost":"NONE","seed_source_timestamp":1711797955489300,"circlet_count":0,"master_deck":["Strike_R","Strike_R","Strike_R","Strike_R","Defend_R","Defend_R","Bash","Shrug It Off","Headbutt","Feel No Pain","Infernal Blade","Infernal Blade","Shockwave+1","Rage","Warcry","Whirlwind","Reckless Charge","Juggernaut","RitualDagger","Metallicize","Shrug It Off+1","Burning Pact+1","Infernal Blade+1","Flex","Exhume","Violence","PanicButton","Armaments+1","Flex+1","Infernal Blade+1","Corruption","Rampage+1","Writhe","Armaments+1"],"relics":["Burning Blood","StoneCalendar","Potion Belt","Pear","Anchor","Dream Catcher","Fusion Hammer","MawBank","Bag of Preparation","Singing Bowl","Art of War","Boot","Kunai","Empty Cage","Blood Vial","Vajra","Gambling Chip"],"potions_floor_usage":[6,16,23,29,33,33,33,42,47,50],"damage_taken":[{"damage":4,"enemies":"Jaw Worm","floor":1,"turns":4},{"damage":1,"enemies":"Cultist","floor":3,"turns":3},{"damage":4,"enemies":"Small Slimes","floor":5,"turns":3},{"damage":63,"enemies":"Lagavulin","floor":6,"turns":8},{"damage":35,"enemies":"Gremlin Nob","floor":8,"turns":4},{"damage":23,"enemies":"Lagavulin","floor":12,"turns":5},{"damage":16,"enemies":"Hexaghost","floor":16,"turns":8},{"damage":15,"enemies":"Spheric Guardian","floor":18,"turns":5},{"damage":42,"enemies":"Book of Stabbing","floor":23,"turns":5},{"damage":10,"enemies":"2 Thieves","floor":28,"turns":4},{"damage":20,"enemies":"Slavers","floor":29,"turns":4},{"damage":0,"enemies":"Cultist and Chosen","floor":30,"turns":6},{"damage":89,"enemies":"Automaton","floor":33,"turns":9},{"damage":15,"enemies":"3 Darklings","floor":35,"turns":6},{"damage":0,"enemies":"3 Shapes","floor":37,"turns":2},{"damage":33,"enemies":"Nemesis","floor":41,"turns":7},{"damage":11,"enemies":"Jaw Worm Horde","floor":42,"turns":6},{"damage":22,"enemies":"Maw","floor":44,"turns":7},{"damage":57,"enemies":"Giant Head","floor":47,"turns":8},{"damage":106,"enemies":"Awakened One","floor":50,"turns":12}],"seed_played":"7559201876544599074","potions_obtained":[{"floor":1,"key":"Swift Potion"},{"floor":8,"key":"BloodPotion"},{"floor":12,"key":"Strength Potion"},{"floor":16,"key":"Explosive Potion"},{"floor":18,"key":"SteroidPotion"},{"floor":28,"key":"AttackPotion"},{"floor":35,"key":"BloodPotion"},{"floor":41,"key":"SkillPotion"},{"floor":44,"key":"SteroidPotion"}],"is_trial":false,"path_per_floor":["M","?","M","$","M","E","R","E","T","R","$","E","?","T","R","B",null,"M","?","?","?","$","E","R","T","T","R","M","E","M","$","R","B",null,"M","$","M","?","$","?","E","M","T","M","R","$","E","?","R","B"],"character_chosen":"IRONCLAD","items_purchased":["Feel No Pain","Seeing Red","Rage","Warcry","Whirlwind","Kunai","Flex","SkillPotion","Corruption","Vajra"],"campfire_rested":6,"item_purchase_floors":[4,4,11,11,11,31,31,31,46,46],"current_hp_per_floor":[88,88,88,88,88,31,57,28,38,67,67,50,50,50,50,40,98,89,83,83,83,83,47,76,76,76,100,96,84,90,90,104,47,104,97,97,105,100,100,108,81,105,105,91,91,91,42,69,101,0],"gold":66,"neow_bonus":"TEN_PERCENT_HP_BONUS","is_prod":false,"is_daily":false,"chose_seed":false,"campfire_upgraded":1,"win_rate":0,"timestamp":1562369956,"path_taken":["M","?","?","$","M","E","R","E","T","R","?","E","?","?","R","BOSS","M","?","?","?","$","E","R","?","T","R","?","E","M","?","R","BOSS","M","?","M","?","$","?","E","?","T","M","R","$","E","?","R","BOSS"],"build_version":"2019-07-05","purchased_purges":0,"victory":false,"max_hp_per_floor":[88,88,88,88,88,88,88,88,98,98,98,98,98,98,98,98,98,98,98,98,98,98,98,98,98,98,100,100,102,102,102,104,104,104,106,106,108,108,108,108,108,108,108,108,108,108,108,108,108,108],"card_choices":[{"not_picked":["Battle Trance","Armaments"],"picked":"Shrug It Off","floor":1},{"not_picked":["Iron Wave","Warcry"],"picked":"Headbutt","floor":3},{"not_picked":["Iron Wave","Second Wind"],"picked":"Infernal Blade","floor":5},{"not_picked":["Pommel Strike","Perfected Strike"],"picked":"Infernal Blade","floor":6},{"not_picked":["Feed","Clothesline"],"picked":"Shockwave","floor":8},{"not_picked":["Flame Barrier","Entrench"],"picked":"Reckless Charge","floor":12},{"not_picked":["Feed","Berserk"],"picked":"Juggernaut","floor":16},{"not_picked":["Rupture","Twin Strike","Searing Blow"],"picked":"SKIP","floor":18},{"not_picked":["Clothesline+1","Juggernaut","Wild Strike"],"picked":"SKIP","floor":23},{"not_picked":["Thunderclap","Dropkick+1"],"picked":"Shrug It Off+1","floor":24},{"not_picked":["Clothesline+1","Body Slam","Dropkick+1"],"picked":"Singing Bowl","floor":27},{"not_picked":["Cleave","Heavy Blade+1"],"picked":"Burning Pact+1","floor":28},{"not_picked":["Thunderclap+1","Power Through","Perfected Strike"],"picked":"Singing Bowl","floor":29},{"not_picked":["Perfected Strike","Shrug It Off"],"picked":"Infernal Blade+1","floor":30},{"not_picked":["Havoc","Anger","Sword Boomerang"],"picked":"Singing Bowl","floor":32},{"not_picked":["Juggernaut","Dark Embrace"],"picked":"Exhume","floor":33},{"not_picked":["Iron Wave","Anger+1","Disarm"],"picked":"Singing Bowl","floor":35},{"not_picked":["Intimidate+1","Iron Wave","Headbutt+1"],"picked":"Singing Bowl","floor":37},{"not_picked":["Discovery","Good Instincts"],"picked":"Violence","floor":38},{"not_picked":["Panacea","Master of Strategy"],"picked":"PanicButton","floor":38},{"not_picked":["Clash+1","Bloodletting"],"picked":"Armaments+1","floor":41},{"not_picked":["Entrench+1","Infernal Blade"],"picked":"Flex+1","floor":42},{"not_picked":["Heavy Blade+1","Clash+1"],"picked":"Infernal Blade+1","floor":44},{"not_picked":["Twin Strike","Pommel Strike+1"],"picked":"Rampage+1","floor":47},{"not_picked":["Immolate","Flex+1"],"picked":"Armaments+1","floor":49}],"player_experience":606842,"relics_obtained":[{"floor":6,"key":"StoneCalendar"},{"floor":8,"key":"Potion Belt"},{"floor":9,"key":"Pear"},{"floor":12,"key":"Anchor"},{"floor":14,"key":"Dream Catcher"},{"floor":23,"key":"Bag of Preparation"},{"floor":25,"key":"Singing Bowl"},{"floor":26,"key":"Art of War"},{"floor":29,"key":"Boot"},{"floor":41,"key":"Blood Vial"},{"floor":47,"key":"Gambling Chip"}],"event_choices":[{"cards_removed":["Defend_R"],"damage_healed":0,"gold_gain":0,"player_choice":"Purged","damage_taken":0,"max_hp_gain":0,"max_hp_loss":0,"event_name":"Purifier","floor":2,"gold_loss":0},{"damage_healed":0,"gold_gain":0,"player_choice":"Ignored","damage_taken":0,"max_hp_gain":0,"max_hp_loss":0,"event_name":"Liars Game","floor":13,"gold_loss":0},{"damage_healed":0,"gold_gain":0,"player_choice":"Joined the Cult","damage_taken":6,"max_hp_gain":0,"max_hp_loss":0,"event_name":"Nest","floor":19,"gold_loss":0,"cards_obtained":["RitualDagger"]},{"damage_healed":0,"gold_gain":0,"player_choice":"Obtained Relic","damage_taken":0,"relics_obtained":["MawBank"],"max_hp_gain":0,"max_hp_loss":0,"event_name":"Addict","floor":20,"gold_loss":85},{"damage_healed":0,"gold_gain":0,"player_choice":"Read","damage_taken":0,"max_hp_gain":0,"max_hp_loss":0,"event_name":"The Library","floor":21,"gold_loss":0,"cards_obtained":["Metallicize"]},{"damage_healed":0,"gold_gain":0,"player_choice":"Memory 2","damage_taken":5,"max_hp_gain":0,"max_hp_loss":0,"event_name":"SensoryStone","floor":38,"gold_loss":0},{"cards_removed":["Seeing Red"],"damage_healed":8,"gold_gain":0,"player_choice":"Offered Uncommon","damage_taken":0,"max_hp_gain":0,"max_hp_loss":0,"event_name":"Bonfire Elementals","floor":40,"gold_loss":0},{"damage_healed":27,"gold_gain":0,"player_choice":"Writhe","damage_taken":0,"max_hp_gain":0,"max_hp_loss":0,"event_name":"Winding Halls","floor":48,"gold_loss":0,"cards_obtained":["Writhe"]}],"is_beta":false,"boss_relics":[{"not_picked":["Lizard Tail","Philosopher\u0027s Stone"],"picked":"Fusion Hammer"},{"not_picked":["Coffee Dripper","Sozu"],"picked":"Empty Cage"}],"items_purged_floors":[],"is_endless":false,"potions_floor_spawned":[1,8,12,16,18,28,35,41,44],"killed_by":"Awakened One","ascension_level":4}