{"gold_per_floor":[114,126,126,200,200,200,219,252,322,322,383,458,11,11],"floor_reached":14,"playtime":1260,"items_purged":["Strike_G"],"score":168,"play_id":"9b8a0cad-dae1-4c56-a391-8ac907ff7e14","local_time":"20190703124855","is_ascension_mode":true,"campfire_choices":[{"data":"Infinite Blades","floor":6,"key":"SMITH"},{"floor":10,"key":"REST"}],"neow_cost":"NONE","seed_source_timestamp":0,"circlet_count":0,"master_deck":["AscendersBane","Strike_G","Strike_G","Strike_G","Strike_G","Defend_G","Defend_G","Defend_G","Defend_G","Defend_G","Survivor","Neutralize","PiercingWail","Backstab","Infinite Blades+1","Cloak And Dagger","Poisoned Stab","Well Laid Plans","PiercingWail"],"special_seed":0,"relics":["Ring of the Snake","Art of War","Sundial","Meat on the Bone"],"potions_floor_usage":[],"damage_taken":[{"damage":12.0,"enemies":"Jaw Worm","floor":1.0,"turns":4.0},{"damage":5.0,"enemies":"2 Louse","floor":2.0,"turns":5.0},{"damage":0,"enemies":"Small Slimes","floor":7,"turns":3},{"damage":28,"enemies":"3 Sentries","floor":8,"turns":11},{"damage":17,"enemies":"The Mushroom Lair","floor":14,"turns":4}],"seed_played":"3698812876970404798","potions_obtained":[{"floor":8,"key":"Energy Potion"}],"is_trial":false,"path_per_floor":["M","M","?","T","?","R","M","E","T","R","?","?","$","?"],"character_chosen":"THE_SILENT","items_purchased":["Meat on the Bone","Well Laid Plans","PiercingWail"],"campfire_rested":1,"item_purchase_floors":[13,13,13],"current_hp_per_floor":[47,42,42,42,37,37,37,9,9,28,28,17,17,0],"gold":11,"neow_bonus":"ONE_RANDOM_RARE_CARD","is_prod":false,"is_daily":false,"chose_seed":false,"campfire_upgraded":1,"win_rate":0,"timestamp":1562183335,"path_taken":["M","M","?","?","?","R","?","E","T","R","?","?","$","?"],"build_version":"2019-07-01","purchased_purges":1,"victory":false,"max_hp_per_floor":[66,66,66,66,66,66,66,66,66,66,66,66,66,66],"card_choices":[{"not_picked":["Slice","Bane"],"picked":"PiercingWail","floor":1.0},{"not_picked":["Deflect","Noxious Fumes"],"picked":"Backstab","floor":2.0},{"not_picked":["Distraction","Prepared"],"picked":"Cloak And Dagger","floor":7},{"not_picked":["Slice","Bouncing Flask"],"picked":"Poisoned Stab","floor":8}],"player_experience":1387288,"relics_obtained":[{"floor":8,"key":"Sundial"}],"event_choices":[{"damage_healed":0.0,"max_hp_gain":0.0,"max_hp_loss":0.0,"gold_gain":0.0,"cards_transformed":["Bullet Time"],"event_name":"Living Wall","player_choice":"Change","floor":3.0,"gold_loss":0.0,"damage_taken":0.0,"cards_obtained":["Infinite Blades"]},{"damage_healed":0,"gold_gain":0,"player_choice":"Success","damage_taken":5,"relics_obtained":["Art of War"],"max_hp_gain":0,"max_hp_loss":0,"event_name":"Scrap Ooze","floor":5,"gold_loss":0},{"damage_healed":0,"gold_gain":61,"player_choice":"Gained Gold","damage_taken":0,"max_hp_gain":0,"max_hp_loss":0,"event_name":"Golden Wing","floor":11,"gold_loss":0},{"damage_healed":0,"gold_gain":75,"player_choice":"Gather Gold","damage_taken":11,"max_hp_gain":0,"max_hp_loss":0,"event_name":"World of Goop","floor":12,"gold_loss":0},{"damage_healed":0,"gold_gain":0,"player_choice":"Fought Mushrooms","damage_taken":0,"max_hp_gain":0,"max_hp_loss":0,"event_name":"Mushrooms","floor":14,"gold_loss":0}],"is_beta":false,"boss_relics":[],"items_purged_floors":[13],"is_endless":false,"potions_floor_spawned":[8],"killed_by":"The Mushroom Lair","ascension_level":19}