{"gold_per_floor":[112,127,77,89,89,116,135,135,185,185,197,228,251,263,275,387,399,424,436,466,478,505,517],"floor_reached":23,"playtime":1410,"items_purged":[],"score":309,"play_id":"2cf6b437-72ed-4a20-9236-d313416c42f4","local_time":"20181222122220","is_ascension_mode":true,"campfire_choices":[{"data":"Pommel Strike","floor":8,"key":"SMITH"},{"floor":11,"key":"REST"},{"data":"Shrug It Off","floor":15,"key":"SMITH"}],"neow_cost":"PERCENT_DAMAGE","seed_source_timestamp":3451805823396444,"circlet_count":0,"master_deck":["AscendersBane","Strike_R","Strike_R","Defend_R+1","Defend_R","Defend_R","Defend_R","Bash","Sever Soul","Pommel Strike+1","Thunderclap","Rampage","Thunderclap+1","Shrug It Off+1","Demon Form","Sword Boomerang+1"],"relics":["Black Blood","Molten Egg 2","Bronze Scales","MawBank"],"potions_floor_usage":[16,16,18],"damage_taken":[{"damage":2,"enemies":"Jaw Worm","floor":1,"turns":2},{"damage":0,"enemies":"Small Slimes","floor":2,"turns":3},{"damage":6,"enemies":"2 Louse","floor":4,"turns":2},{"damage":32,"enemies":"Gremlin Nob","floor":6,"turns":4},{"damage":10,"enemies":"2 Fungi Beasts","floor":7,"turns":3},{"damage":8,"enemies":"Red Slaver","floor":12,"turns":3},{"damage":7,"enemies":"Looter","floor":13,"turns":3},{"damage":23,"enemies":"Slime Boss","floor":16,"turns":9},{"damage":12,"enemies":"Spheric Guardian","floor":18,"turns":5},{"damage":27,"enemies":"Chosen","floor":20,"turns":6},{"damage":29,"enemies":"Centurion and Healer","floor":22,"turns":8},{"damage":34,"enemies":"Book of Stabbing","floor":23,"turns":4}],"seed_played":"1303128234628434926","potions_obtained":[{"floor":6,"key":"Strength Potion"},{"floor":12,"key":"Energy Potion"},{"floor":16,"key":"SpeedPotion"}],"is_trial":false,"path_per_floor":["M","M","?","M","?","E","M","R","T","?","R","M","M","$","R","B",null,"M","?","M","$","M","E"],"character_chosen":"IRONCLAD","items_purchased":[],"campfire_rested":1,"item_purchase_floors":[],"current_hp_per_floor":[55,61,61,61,61,35,31,31,31,24,48,46,45,45,45,28,67,65,65,48,48,29,0],"gold":517,"neow_bonus":"TRANSFORM_TWO_CARDS","is_prod":false,"is_daily":false,"chose_seed":false,"campfire_upgraded":2,"win_rate":0,"timestamp":1545510140,"path_taken":["M","M","?","M","?","E","M","R","T","?","R","M","M","$","R","BOSS","M","?","?","?","M","E"],"build_version":"2018-12-20","purchased_purges":0,"victory":false,"max_hp_per_floor":[80,80,80,80,80,80,80,80,80,80,80,80,80,80,80,80,80,80,80,80,80,80,80],"card_choices":[{"not_picked":["Body Slam","Infernal Blade"],"picked":"Pommel Strike","floor":1},{"not_picked":["Searing Blow","Evolve"],"picked":"Thunderclap","floor":2},{"not_picked":["Wild Strike","Iron Wave"],"picked":"Rampage","floor":4},{"not_picked":["Heavy Blade","Wild Strike","Intimidate"],"picked":"SKIP","floor":6},{"not_picked":["Heavy Blade","Wild Strike","Intimidate"],"picked":"SKIP","floor":6},{"not_picked":["Heavy Blade+1","Havoc"],"picked":"Thunderclap+1","floor":7},{"not_picked":["True Grit","Fiend Fire+1"],"picked":"Shrug It Off","floor":12},{"not_picked":["Warcry","Shockwave","Wild Strike+1"],"picked":"SKIP","floor":13},{"not_picked":["Feed+1","Immolate+1"],"picked":"Demon Form","floor":16},{"not_picked":["Reckless Charge+1","Uppercut+1","Armaments"],"picked":"SKIP","floor":18},{"not_picked":["Wild Strike+1","Fire Breathing","Sword Boomerang+1"],"picked":"SKIP","floor":20},{"not_picked":["Blood for Blood+1","Twin Strike+1"],"picked":"Sword Boomerang+1","floor":22}],"player_experience":496879,"relics_obtained":[{"floor":6,"key":"Molten Egg 2"},{"floor":9,"key":"Bronze Scales"}],"event_choices":[{"cards_removed":["Clash"],"damage_healed":0,"gold_gain":0,"player_choice":"Card Removal","damage_taken":0,"max_hp_gain":0,"max_hp_loss":0,"event_name":"The Cleric","floor":3,"gold_loss":50},{"cards_removed":["Strike_R"],"damage_healed":0,"gold_gain":0,"player_choice":"Forget","damage_taken":0,"max_hp_gain":0,"max_hp_loss":0,"event_name":"Living Wall","floor":5,"gold_loss":0},{"damage_healed":0,"gold_gain":0,"player_choice":"Success","damage_taken":7,"relics_obtained":["MawBank"],"max_hp_gain":0,"max_hp_loss":0,"event_name":"Scrap Ooze","floor":10,"gold_loss":0},{"damage_healed":0,"gold_gain":0,"player_choice":"Forge","damage_taken":0,"max_hp_gain":0,"max_hp_loss":0,"event_name":"Accursed Blacksmith","floor":19,"gold_loss":0,"cards_upgraded":["Defend_R"]}],"is_beta":false,"boss_relics":[{"not_picked":["Black Star","Ectoplasm"],"picked":"Black Blood"}],"items_purged_floors":[],"is_endless":false,"potions_floor_spawned":[6,12,13,16],"killed_by":"Book of Stabbing","ascension_level":12}