{"gold_per_floor":[218,234,253,332,175,175,204,279,279,306,306,365,392,405,405,509,509,520,532,544,31,31,59,73,73,73,85,118,135,135,162,162,264,264,278,278,278,290,301,301,336,336,387,387,419,419,429,461,461,461,461,461,14,43,43],"floor_reached":56,"playtime":5587,"items_purged":["Bash+1"],"score":1367,"play_id":"f2ec3979-0590-4587-b00a-d0c6c76d76d8","local_time":"20190711182420","is_ascension_mode":true,"campfire_choices":[{"data":"Perfected Strike","floor":6.0,"key":"SMITH"},{"data":"Bash","floor":11.0,"key":"SMITH"},{"data":"Wild Strike","floor":15.0,"key":"SMITH"},{"floor":25.0,"key":"REST"},{"data":"Armaments","floor":30.0,"key":"SMITH"},{"data":"Flame Barrier","floor":32.0,"key":"SMITH"},{"data":"Second Wind","floor":40.0,"key":"SMITH"},{"floor":42.0,"key":"REST"},{"floor":44.0,"key":"REST"},{"floor":49.0,"key":"RECALL"},{"data":"Flame Barrier","floor":52.0,"key":"SMITH"}],"neow_cost":"NONE","seed_source_timestamp":63580412612856,"circlet_count":0,"master_deck":["Iron Wave","Evolve+1","Power Through","Wild Strike+1","Cleave","Barricade+1","Second Wind+1","Armaments+1","Limit Break","Flame Barrier+1","Headbutt","Flame Barrier+1","Double Tap","Rage","Rupture+1","Pommel Strike","Feel No Pain+1","Feel No Pain+1","Battle Trance","Demon Form+1","Shrug It Off","Juggernaut+1","Body Slam+1","Metallicize+1","Iron Wave","Wild Strike+1","Feel No Pain+1","Disarm","Power Through","Body Slam+1"],"special_seed":0,"relics":["Burning Blood","Frozen Egg 2","StoneCalendar","Ornamental Fan","Pen Nib","Meat on the Bone","Pandora\u0027s Box","DollysMirror","Thread and Needle","Nilry\u0027s Codex","Self Forming Clay","Calipers","Gambling Chip","Molten Egg 2","Mark of Pain","Blood Vial","Centennial Puzzle","Question Card","Orichalcum","Bag of Preparation"],"potions_floor_usage":[55,55],"damage_taken":[{"damage":1.0,"enemies":"Cultist","floor":1.0,"turns":3.0},{"damage":2.0,"enemies":"2 Louse","floor":2.0,"turns":3.0},{"damage":0.0,"enemies":"Small Slimes","floor":3.0,"turns":3.0},{"damage":23.0,"enemies":"Gremlin Nob","floor":7.0,"turns":4.0},{"damage":13.0,"enemies":"3 Sentries","floor":10.0,"turns":6.0},{"damage":24.0,"enemies":"Gremlin Nob","floor":13.0,"turns":4.0},{"damage":0.0,"enemies":"3 Louse","floor":14.0,"turns":1.0},{"damage":22.0,"enemies":"The Guardian","floor":16.0,"turns":10.0},{"damage":5.0,"enemies":"Spheric Guardian","floor":18.0,"turns":7.0},{"damage":47.0,"enemies":"3 Byrds","floor":19.0,"turns":5.0},{"damage":19.0,"enemies":"Cultist and Chosen","floor":20.0,"turns":7.0},{"damage":55.0,"enemies":"Slavers","floor":23.0,"turns":7.0},{"damage":30.0,"enemies":"3 Cultists","floor":24.0,"turns":7.0},{"damage":6.0,"enemies":"Snecko","floor":27.0,"turns":7.0},{"damage":18.0,"enemies":"Book of Stabbing","floor":28.0,"turns":8.0},{"damage":20.0,"enemies":"Centurion and Healer","floor":29.0,"turns":7.0},{"damage":22.0,"enemies":"Slavers","floor":31.0,"turns":7.0},{"damage":48.0,"enemies":"Automaton","floor":33.0,"turns":11.0},{"damage":5.0,"enemies":"Orb Walker","floor":35.0,"turns":4.0},{"damage":0.0,"enemies":"3 Darklings","floor":36.0,"turns":2.0},{"damage":15.0,"enemies":"Maw","floor":38.0,"turns":5.0},{"damage":12.0,"enemies":"Spire Growth","floor":39.0,"turns":5.0},{"damage":59.0,"enemies":"Reptomancer","floor":41.0,"turns":5.0},{"damage":1.0,"enemies":"Giant Head","floor":45.0,"turns":6.0},{"damage":28.0,"enemies":"Transient","floor":47.0,"turns":5.0},{"damage":0.0,"enemies":"Reptomancer","floor":48.0,"turns":6.0},{"damage":60.0,"enemies":"Awakened One","floor":50.0,"turns":14.0},{"damage":40,"enemies":"Shield and Spear","floor":54,"turns":7},{"damage":55,"enemies":"The Heart","floor":55,"turns":8}],"seed_played":"-7712583482191845020","potions_obtained":[{"floor":2.0,"key":"Regen Potion"},{"floor":7.0,"key":"Fire Potion"},{"floor":14.0,"key":"BloodPotion"},{"floor":19.0,"key":"Block Potion"},{"floor":23.0,"key":"Weak Potion"},{"floor":28.0,"key":"SpeedPotion"},{"floor":29.0,"key":"SkillPotion"},{"floor":35.0,"key":"SmokeBomb"},{"floor":41.0,"key":"BloodPotion"},{"floor":47.0,"key":"Poison Potion"},{"floor":54,"key":"Explosive Potion"}],"is_trial":false,"path_per_floor":["M","M","M","T","$","R","E","?","T","E","R","?","E","M","R","B",null,"M","M","M","$","?","E","M","R","T","M","E","M","R","E","R","B",null,"M","M","?","M","M","R","E","R","T","R","E","?","M","E","R","B",null,"R","$","E","B",null],"character_chosen":"IRONCLAD","items_purchased":["Evolve+1","Power Through","DollysMirror","Thread and Needle","EssenceOfSteel","Disarm","Power Through","Orichalcum"],"campfire_rested":3,"item_purchase_floors":[5,5,21,21,53,53,53,53],"current_hp_per_floor":[80,80,80,80,80,80,63,52,52,45,45,45,27,45,45,41,80,80,51,50,50,34,32,20,44,44,56,56,54,54,50,50,20,80,80,80,80,71,65,65,24,48,48,72,79,79,58,66,66,46,80,80,80,58,23],"gold":43,"neow_bonus":"HUNDRED_GOLD","is_prod":false,"is_daily":false,"chose_seed":false,"campfire_upgraded":7,"win_rate":0,"timestamp":1562883860,"path_taken":["M","M","M","?","$","R","E","?","T","E","R","?","E","M","R","BOSS","M","M","M","$","?","E","M","R","T","M","E","M","R","E","R","BOSS","M","M","?","M","M","R","E","R","T","R","E","?","M","E","R","BOSS","R","$","E","BOSS"],"build_version":"2019-07-05","purchased_purges":1,"victory":true,"max_hp_per_floor":[80,80,80,80,80,80,80,80,80,80,80,80,80,80,80,80,80,80,80,80,80,80,80,80,80,80,80,80,80,80,80,80,80,80,80,80,80,80,80,80,80,80,80,80,80,80,80,80,80,80,80,80,80,80,80],"card_choices":[{"not_picked":["Havoc","Flex","Hemokinesis"],"picked":"SKIP","floor":1.0},{"not_picked":["Offering","Thunderclap"],"picked":"Perfected Strike","floor":2.0},{"not_picked":["True Grit","Rupture"],"picked":"Iron Wave","floor":3.0},{"not_picked":["Body Slam","Uppercut"],"picked":"Wild Strike","floor":7.0},{"not_picked":["Iron Wave","Havoc"],"picked":"Cleave","floor":10.0},{"not_picked":["Iron Wave","Fiend Fire","Sever Soul"],"picked":"SKIP","floor":13.0},{"not_picked":["Thunderclap","Sever Soul","Ghostly Armor"],"picked":"SKIP","floor":14.0},{"not_picked":["Juggernaut+1","Berserk+1"],"picked":"Barricade+1","floor":16.0},{"not_picked":["Headbutt+1","Iron Wave"],"picked":"Pommel Strike","floor":18.0},{"not_picked":["Shockwave","Armaments","Seeing Red"],"picked":"SKIP","floor":19.0},{"not_picked":["Combust+1","Bloodletting+1"],"picked":"Feel No Pain+1","floor":20.0},{"not_picked":["Combust+1","Headbutt"],"picked":"Battle Trance","floor":23.0},{"not_picked":["Evolve+1","Thunderclap","Clash"],"picked":"SKIP","floor":24.0},{"not_picked":["Burning Pact","Perfected Strike"],"picked":"Demon Form+1","floor":27.0},{"not_picked":["Havoc","Pommel Strike","Heavy Blade"],"picked":"SKIP","floor":28.0},{"not_picked":["Headbutt","Evolve+1"],"picked":"Shrug It Off","floor":29.0},{"not_picked":["Feel No Pain+1","Clothesline","Sword Boomerang"],"picked":"SKIP","floor":31.0},{"not_picked":["Barricade+1","Demon Form+1"],"picked":"Juggernaut+1","floor":33.0},{"not_picked":["Bloodletting","Armaments","Flex+1"],"picked":"SKIP","floor":35.0},{"not_picked":["Armaments","Combust+1"],"picked":"Body Slam+1","floor":38.0},{"not_picked":["Bloodletting","Wild Strike+1","Flex"],"picked":"SKIP","floor":39.0},{"not_picked":["Heavy Blade+1","Juggernaut+1","Clash+1"],"picked":"SKIP","floor":41.0},{"not_picked":["Shrug It Off+1","Perfected Strike+1"],"picked":"Metallicize+1","floor":45.0},{"not_picked":["Spot Weakness","Anger+1"],"picked":"Wild Strike+1","floor":47.0},{"not_picked":["Headbutt+1","Clash+1"],"picked":"Feel No Pain+1","floor":48.0},{"not_picked":["Exhume","Shrug It Off","Rampage+1"],"picked":"Body Slam+1","floor":54}],"player_experience":284985,"relics_obtained":[{"floor":4.0,"key":"Frozen Egg 2"},{"floor":7.0,"key":"StoneCalendar"},{"floor":9.0,"key":"Ornamental Fan"},{"floor":10.0,"key":"Pen Nib"},{"floor":13.0,"key":"Meat on the Bone"},{"floor":22.0,"key":"Nilry\u0027s Codex"},{"floor":23.0,"key":"Self Forming Clay"},{"floor":26.0,"key":"Calipers"},{"floor":28.0,"key":"Gambling Chip"},{"floor":31.0,"key":"Molten Egg 2"},{"floor":41.0,"key":"Blood Vial"},{"floor":45.0,"key":"Centennial Puzzle"},{"floor":48.0,"key":"Question Card"},{"floor":54,"key":"Bag of Preparation"}],"event_choices":[{"damage_healed":0.0,"max_hp_gain":0.0,"max_hp_loss":0.0,"gold_gain":75.0,"event_name":"World of Goop","player_choice":"Gather Gold","floor":8.0,"gold_loss":0.0,"damage_taken":11.0},{"damage_healed":0.0,"max_hp_gain":0.0,"max_hp_loss":0.0,"gold_gain":59.0,"event_name":"Golden Wing","player_choice":"Gained Gold","floor":12.0,"gold_loss":0.0,"damage_taken":0.0},{"damage_healed":0.0,"max_hp_gain":0.0,"max_hp_loss":0.0,"gold_gain":0.0,"event_name":"Cursed Tome","player_choice":"Obtained Book","floor":22.0,"gold_loss":0.0,"damage_taken":16.0},{"damage_healed":0.0,"max_hp_gain":0.0,"max_hp_loss":0.0,"gold_gain":0.0,"event_name":"SensoryStone","player_choice":"Memory 1","floor":37.0,"gold_loss":0.0,"damage_taken":0.0},{"cards_removed":["Perfected Strike"],"damage_healed":0.0,"max_hp_gain":0.0,"max_hp_loss":0.0,"gold_gain":0.0,"event_name":"NoteForYourself","player_choice":"Took Card","floor":46.0,"gold_loss":0.0,"damage_taken":0.0,"cards_obtained":["Iron Wave"]}],"is_beta":false,"boss_relics":[{"not_picked":["Runic Pyramid","Calling Bell"],"picked":"Pandora\u0027s Box"},{"not_picked":["Philosopher\u0027s Stone","Runic Dome"],"picked":"Mark of Pain"}],"items_purged_floors":[53],"is_endless":false,"potions_floor_spawned":[2,7,14,19,23,28,29,35,41,47,54],"ascension_level":1}