{"gold_per_floor":[110,110,121,131,150,150,185,197,249,262,278,278,292,326,326,422,422,440,20,32,50,50,50,67,78,157,157,170,200,216,228,228,228],"floor_reached":33,"playtime":3470,"items_purged":["Bludgeon"],"score":267,"play_id":"87c2d61a-b50b-4065-a717-041bea2fca53","local_time":"20190710020847","is_ascension_mode":false,"campfire_choices":[{"data":"Hemokinesis","floor":6,"key":"SMITH"},{"data":"Double Tap","floor":12,"key":"SMITH"},{"floor":15,"key":"REST"},{"data":"Rupture","floor":23,"key":"SMITH"},{"floor":27,"key":"REST"},{"data":"Secret Weapon","floor":32,"key":"SMITH"}],"neow_cost":"NONE","seed_source_timestamp":1878699270497490,"circlet_count":0,"master_deck":["Strike_R","Strike_R","Strike_R","Strike_R+1","Strike_R","Defend_R","Defend_R","Defend_R","Defend_R","Bash+1","Hemokinesis+1","Perfected Strike","Flex","Clash","Cleave","Double Tap+1","Bloodletting","Anger","Flex","Reaper","Carnage","Secret Weapon+1","Clothesline","Rupture+1","Headbutt","Armaments","Armaments+1","Clash","Rupture+1","Bloodletting"],"relics":["Burning Blood","Strawberry","Whetstone","Lizard Tail","Boot","Frozen Egg 2","Red Mask"],"potions_floor_usage":[4,7,7,7,16,16,21,21,24,25,29],"damage_taken":[{"damage":1,"enemies":"2 Louse","floor":1,"turns":3},{"damage":9,"enemies":"Jaw Worm","floor":3,"turns":2},{"damage":3,"enemies":"Cultist","floor":4,"turns":2},{"damage":3,"enemies":"3 Louse","floor":5,"turns":2},{"damage":8,"enemies":"3 Sentries","floor":7,"turns":6},{"damage":6,"enemies":"Lots of Slimes","floor":8,"turns":3},{"damage":10,"enemies":"Looter","floor":10,"turns":2},{"damage":4,"enemies":"Large Slime","floor":11,"turns":3},{"damage":2,"enemies":"2 Fungi Beasts","floor":13,"turns":2},{"damage":39,"enemies":"Gremlin Nob","floor":14,"turns":4},{"damage":77,"enemies":"Hexaghost","floor":16,"turns":8},{"damage":37,"enemies":"3 Byrds","floor":18,"turns":4},{"damage":10,"enemies":"Chosen","floor":20,"turns":4},{"damage":21,"enemies":"Snake Plant","floor":21,"turns":3},{"damage":22,"enemies":"Cultist and Chosen","floor":24,"turns":4},{"damage":14,"enemies":"Sentry and Sphere","floor":25,"turns":3},{"damage":34,"enemies":"Snecko","floor":28,"turns":5},{"damage":42,"enemies":"Masked Bandits","floor":29,"turns":4},{"damage":38,"enemies":"Snake Plant","floor":30,"turns":4},{"damage":21,"enemies":"Centurion and Healer","floor":31,"turns":7},{"damage":80,"enemies":"Automaton","floor":33,"turns":6}],"seed_played":"-8957169193382657424","potions_obtained":[{"floor":0,"key":"EssenceOfSteel"},{"floor":0,"key":"Explosive Potion"},{"floor":0,"key":"SkillPotion"},{"floor":4,"key":"SneckoOil"},{"floor":13,"key":"BloodPotion"},{"floor":14,"key":"Fire Potion"},{"floor":21,"key":"Fire Potion"},{"floor":28,"key":"PowerPotion"}],"is_trial":false,"path_per_floor":["M","?","M","M","M","R","E","M","T","M","M","R","M","E","R","B",null,"M","$","M","M","?","R","M","M","T","R","M","?","M","M","R","B"],"character_chosen":"IRONCLAD","items_purchased":["Secret Weapon","Energy Potion","Fire Potion","Explosive Potion","Clothesline"],"campfire_rested":2,"item_purchase_floors":[19,19,19,19,19],"current_hp_per_floor":[80,85,82,85,85,85,90,90,90,86,88,88,92,59,86,38,92,61,61,68,53,53,53,48,40,40,67,44,23,43,40,40,0],"gold":228,"neow_bonus":"THREE_SMALL_POTIONS","is_prod":false,"is_daily":false,"chose_seed":false,"campfire_upgraded":4,"win_rate":0,"timestamp":1562742527,"path_taken":["M","?","M","M","M","R","E","M","T","M","M","R","M","E","R","BOSS","M","$","M","M","?","R","M","M","T","R","M","?","M","M","R","BOSS"],"build_version":"2019-07-05","purchased_purges":1,"victory":false,"max_hp_per_floor":[80,85,85,85,85,85,92,92,92,92,92,92,92,92,92,92,92,92,92,92,92,92,92,92,92,92,92,92,92,92,92,92,92],"card_choices":[{"not_picked":["Clothesline","Body Slam"],"picked":"Hemokinesis","floor":1},{"not_picked":["Body Slam","Inflame"],"picked":"Perfected Strike","floor":3},{"not_picked":["Sword Boomerang","Combust"],"picked":"Flex","floor":4},{"not_picked":["Iron Wave","Reckless Charge"],"picked":"Clash","floor":5},{"not_picked":["Reckless Charge","Thunderclap"],"picked":"Cleave","floor":7},{"not_picked":["Armaments","Bloodletting"],"picked":"Double Tap","floor":8},{"not_picked":["True Grit","Heavy Blade"],"picked":"Bloodletting","floor":10},{"not_picked":["Hemokinesis","Fire Breathing"],"picked":"Anger","floor":11},{"not_picked":["Heavy Blade","Sword Boomerang"],"picked":"Flex","floor":13},{"not_picked":["Thunderclap","Dual Wield"],"picked":"Reaper","floor":14},{"not_picked":["Exhume","Immolate"],"picked":"Bludgeon","floor":16},{"not_picked":["Warcry","Iron Wave"],"picked":"Carnage","floor":18},{"not_picked":["Combust+1","Body Slam+1"],"picked":"Rupture","floor":20},{"not_picked":["True Grit","Whirlwind"],"picked":"Headbutt","floor":21},{"not_picked":["Twin Strike","Sever Soul"],"picked":"Armaments","floor":24},{"not_picked":["Fire Breathing","Havoc"],"picked":"Armaments+1","floor":25},{"not_picked":["Thunderclap+1","Clothesline+1"],"picked":"Clash","floor":28},{"not_picked":["Twin Strike","Sever Soul"],"picked":"Rupture+1","floor":29},{"not_picked":["Intimidate","Thunderclap","True Grit"],"picked":"SKIP","floor":30},{"not_picked":["Body Slam","Havoc+1"],"picked":"Bloodletting","floor":31}],"player_experience":319874,"relics_obtained":[{"floor":7,"key":"Strawberry"},{"floor":9,"key":"Whetstone"},{"floor":26,"key":"Frozen Egg 2"},{"floor":29,"key":"Red Mask"}],"event_choices":[{"damage_healed":0,"gold_gain":0,"player_choice":"Donut","damage_taken":0,"max_hp_gain":5,"max_hp_loss":0,"event_name":"Big Fish","floor":2,"gold_loss":0},{"damage_healed":0,"gold_gain":0,"player_choice":"Opened","damage_taken":0,"relics_obtained":["Boot"],"max_hp_gain":0,"max_hp_loss":0,"event_name":"The Mausoleum","floor":22,"gold_loss":0},{"damage_healed":0,"gold_gain":0,"player_choice":"Fought Bandits","damage_taken":0,"max_hp_gain":0,"max_hp_loss":0,"event_name":"Masked Bandits","floor":29,"gold_loss":0}],"is_beta":false,"boss_relics":[{"not_picked":["Runic Dome","Cursed Key"],"picked":"Lizard Tail"}],"items_purged_floors":[19],"is_endless":false,"potions_floor_spawned":[1,4,13,14,21,28],"killed_by":"Automaton","ascension_level":0}