{"gold_per_floor":[113,132,150,3,13,48,48,62,89,108,68,68,68,86,86,187,187,205,130,117,29,40,40,1,1,70,120,135,135],"floor_reached":29,"playtime":2374,"items_purged":["Deadly Poison","Terror"],"score":227,"play_id":"be62fddb-3569-41a3-9097-2ad1571b7a2a","local_time":"20190709214810","is_ascension_mode":false,"campfire_choices":[{"data":"Bouncing Flask","floor":13,"key":"SMITH"},{"floor":15,"key":"RECALL"},{"data":"Bouncing Flask","floor":23,"key":"SMITH"},{"data":"Catalyst","floor":25,"key":"SMITH"}],"neow_cost":"NONE","seed_source_timestamp":1447333020609700,"circlet_count":0,"master_deck":["Survivor","Neutralize","Leg Sweep","Backflip","Quick Slash","Quick Slash","Skewer","Predator","Die Die Die","Terror","Bouncing Flask+1","Footwork","Prepared","Escape Plan","Expertise","Crippling Poison","Bouncing Flask+1","Dagger Throw","Envenom","Calculated Gamble","Leg Sweep","Catalyst+1","Footwork","Blur","Poisoned Stab+1"],"relics":["Pandora\u0027s Box","Shovel","Smiling Mask","Boot","Eternal Feather"],"potions_floor_usage":[3,29,29],"damage_taken":[{"damage":0,"enemies":"Cultist","floor":1,"turns":2},{"damage":3,"enemies":"Jaw Worm","floor":2,"turns":3},{"damage":6,"enemies":"Small Slimes","floor":3,"turns":2},{"damage":10,"enemies":"Looter","floor":5,"turns":3},{"damage":4,"enemies":"Lagavulin","floor":6,"turns":6},{"damage":0,"enemies":"Exordium Thugs","floor":8,"turns":2},{"damage":0,"enemies":"2 Fungi Beasts","floor":10,"turns":3},{"damage":14,"enemies":"Lots of Slimes","floor":14,"turns":3},{"damage":9,"enemies":"The Guardian","floor":16,"turns":8},{"damage":14,"enemies":"Spheric Guardian","floor":18,"turns":4},{"damage":10,"enemies":"2 Thieves","floor":20,"turns":5},{"damage":22,"enemies":"Snecko","floor":22,"turns":5},{"damage":20,"enemies":"Centurion and Healer","floor":28,"turns":6},{"damage":44,"enemies":"3 Cultists","floor":29,"turns":6}],"seed_played":"2838658585107235323","potions_obtained":[{"floor":1,"key":"GamblersBrew"},{"floor":3,"key":"Fruit Juice"},{"floor":14,"key":"PowerPotion"},{"floor":16,"key":"Poison Potion"},{"floor":18,"key":"PowerPotion"}],"is_trial":false,"path_per_floor":["M","M","M","$","M","E","?","M","T","M","$","?","R","M","R","B",null,"M","?","M","$","M","R","$","R","T","?","M","M"],"character_chosen":"THE_SILENT","items_purchased":["Footwork","Bouncing Flask","Catalyst","Blur"],"campfire_rested":0,"item_purchase_floors":[4,11,21,24],"current_hp_per_floor":[70,67,66,66,56,52,52,52,52,52,52,49,49,35,35,26,75,61,61,51,51,29,41,41,53,53,53,33,0],"gold":135,"neow_bonus":"BOSS_RELIC","is_prod":false,"is_daily":false,"chose_seed":false,"campfire_upgraded":3,"win_rate":0,"timestamp":1562676490,"path_taken":["M","M","?","$","M","E","?","M","T","?","?","?","R","M","R","BOSS","M","?","M","$","M","R","$","R","T","?","M","?"],"build_version":"2019-07-05","purchased_purges":2,"victory":false,"max_hp_per_floor":[70,70,75,75,75,75,75,75,75,75,75,75,75,75,75,75,75,75,75,75,75,75,75,75,75,75,75,75,75],"card_choices":[{"not_picked":["Blade Dance","PiercingWail"],"picked":"Terror","floor":1},{"not_picked":["Bane","Flechettes"],"picked":"Terror","floor":2},{"not_picked":["Bane","Quick Slash"],"picked":"Bouncing Flask","floor":3},{"not_picked":["Outmaneuver","Bane"],"picked":"Prepared","floor":5},{"not_picked":["Poisoned Stab","Quick Slash"],"picked":"Escape Plan","floor":6},{"not_picked":["Sucker Punch","Quick Slash"],"picked":"Expertise","floor":8},{"not_picked":["Dagger Throw","Leg Sweep"],"picked":"Crippling Poison","floor":10},{"not_picked":["Endless Agony","Blade Dance"],"picked":"Dagger Throw","floor":14},{"not_picked":["Bullet Time","A Thousand Cuts"],"picked":"Envenom","floor":16},{"not_picked":["Eviscerate+1","Dagger Throw"],"picked":"Calculated Gamble","floor":18},{"not_picked":["Acrobatics","Slice"],"picked":"Leg Sweep","floor":20},{"not_picked":["Finisher","Poisoned Stab"],"picked":"Footwork","floor":22},{"not_picked":["Wraith Form v2","Outmaneuver"],"picked":"Poisoned Stab+1","floor":28}],"player_experience":76697,"relics_obtained":[{"floor":6,"key":"Shovel"},{"floor":9,"key":"Smiling Mask"}],"event_choices":[{"cards_removed":["Choke"],"damage_healed":0,"gold_gain":0,"player_choice":"Purged","damage_taken":0,"max_hp_gain":0,"max_hp_loss":0,"event_name":"Purifier","floor":7,"gold_loss":0},{"damage_healed":0,"gold_gain":0,"player_choice":"Success","damage_taken":3,"relics_obtained":["Boot"],"max_hp_gain":0,"max_hp_loss":0,"event_name":"Scrap Ooze","floor":12,"gold_loss":0},{"cards_removed":["Choke"],"damage_healed":0,"gold_gain":0,"player_choice":"Gave Gold","damage_taken":0,"max_hp_gain":0,"max_hp_loss":0,"event_name":"Beggar","floor":19,"gold_loss":75},{"damage_healed":0,"gold_gain":100,"player_choice":"Bet on Murderer","damage_taken":0,"max_hp_gain":0,"max_hp_loss":0,"event_name":"The Joust","floor":27,"gold_loss":50}],"is_beta":false,"boss_relics":[{"not_picked":["Snecko Eye","WristBlade"],"picked":"Eternal Feather"}],"items_purged_floors":[4,21],"is_endless":false,"potions_floor_spawned":[1,3,14,16,18],"killed_by":"3 Cultists","ascension_level":0}