{"gold_per_floor":[15,34,52,62,81,115,126],"floor_reached":7,"playtime":759,"items_purged":[],"score":82,"play_id":"286e7e66-6711-4955-8d98-d174f8226b7b","local_time":"20190224155313","is_ascension_mode":false,"campfire_choices":[],"neow_cost":"NO_GOLD","seed_source_timestamp":432946451589800,"circlet_count":0,"master_deck":["Strike_R","Strike_R","Strike_R","Strike_R","Strike_R","Defend_R","Defend_R","Defend_R","Defend_R","Bash","Spot Weakness","Evolve","Feel No Pain","Whirlwind","Dual Wield","Intimidate"],"relics":["Burning Blood","Potion Belt"],"potions_floor_usage":[7],"damage_taken":[{"damage":9,"enemies":"Cultist","floor":1,"turns":5},{"damage":0,"enemies":"Small Slimes","floor":2,"turns":3},{"damage":6,"enemies":"2 Louse","floor":3,"turns":2},{"damage":29,"enemies":"Red Slaver","floor":4,"turns":5},{"damage":20,"enemies":"Exordium Thugs","floor":5,"turns":4},{"damage":32,"enemies":"Gremlin Nob","floor":6,"turns":4},{"damage":21,"enemies":"Large Slime","floor":7,"turns":10}],"seed_played":"-7278875295475792316","potions_obtained":[{"floor":3,"key":"SpeedPotion"},{"floor":4,"key":"GamblersBrew"},{"floor":5,"key":"FearPotion"},{"floor":6,"key":"Ancient Potion"}],"is_trial":false,"path_per_floor":["M","M","M","M","M","E","M"],"character_chosen":"IRONCLAD","items_purchased":[],"campfire_rested":0,"item_purchase_floors":[],"current_hp_per_floor":[93,96,96,73,59,33,18],"gold":126,"neow_bonus":"TWENTY_PERCENT_HP_BONUS","is_prod":false,"is_daily":false,"chose_seed":false,"campfire_upgraded":0,"win_rate":0.0,"timestamp":1551048793,"path_taken":["M","M","M","M","M","E","M"],"build_version":"2019-01-23","purchased_purges":0,"victory":false,"max_hp_per_floor":[96,96,96,96,96,96,96],"card_choices":[{"not_picked":["Perfected Strike","Twin Strike"],"picked":"Spot Weakness","floor":1},{"not_picked":["Clothesline","Armaments"],"picked":"Evolve","floor":2},{"not_picked":["Corruption","Clash"],"picked":"Feel No Pain","floor":3},{"not_picked":["Anger","Uppercut"],"picked":"Whirlwind","floor":4},{"not_picked":["Sword Boomerang","Cleave","Clothesline"],"picked":"SKIP","floor":5},{"not_picked":["Wild Strike","Havoc"],"picked":"Dual Wield","floor":6},{"not_picked":["Wild Strike","Spot Weakness"],"picked":"Intimidate","floor":7}],"player_experience":91970,"relics_obtained":[{"floor":6,"key":"Potion Belt"}],"event_choices":[],"is_beta":false,"boss_relics":[],"items_purged_floors":[],"is_endless":false,"potions_floor_spawned":[3,4,5,6],"killed_by":"Large Slime","ascension_level":0}