{"gold_per_floor":[115,128,128,202,24,24,58,68,68,68,68,83,83,3,3,103,103,117,117,117,136,136,136],"floor_reached":23,"playtime":1709,"items_purged":[],"score":212,"play_id":"40bbe043-da26-41c1-b5f4-de5c66d7a608","local_time":"20190624201607","is_ascension_mode":false,"campfire_choices":[{"data":"Twin Strike","floor":6,"key":"SMITH"},{"data":"Spot Weakness","floor":13,"key":"SMITH"},{"data":"Metallicize","floor":15,"key":"SMITH"}],"neow_cost":"NONE","seed_source_timestamp":499061101557358,"circlet_count":0,"master_deck":["Strike_R","Strike_R","Strike_R","Strike_R","Strike_R","Defend_R","Defend_R","Defend_R","Defend_R","Bash","Sword Boomerang","Heavy Blade","Twin Strike+1","Rage","Feel No Pain","Searing Blow","Battle Trance","Spot Weakness+1","Metallicize+1","Offering","Rampage","Feel No Pain","Sever Soul+1"],"relics":["Burning Blood","NeowsBlessing","Meat on the Bone","Turnip","Vajra","Coffee Dripper","Bronze Scales","Enchiridion"],"potions_floor_usage":[23],"damage_taken":[{"damage":0,"enemies":"Small Slimes","floor":1,"turns":1},{"damage":0,"enemies":"Jaw Worm","floor":2,"turns":1},{"damage":0,"enemies":"3 Sentries","floor":7,"turns":1},{"damage":0,"enemies":"2 Louse","floor":8,"turns":1},{"damage":9,"enemies":"2 Fungi Beasts","floor":12,"turns":3},{"damage":56,"enemies":"Slime Boss","floor":16,"turns":13},{"damage":9,"enemies":"Shell Parasite","floor":18,"turns":3},{"damage":12,"enemies":"2 Thieves","floor":21,"turns":3},{"damage":62,"enemies":"Book of Stabbing","floor":23,"turns":5}],"seed_played":"5976281384603839671","potions_obtained":[{"floor":8,"key":"FearPotion"},{"floor":12,"key":"Regen Potion"}],"is_trial":false,"path_per_floor":["M","M","?","?","$","R","E","M","T","T","?","M","R","$","R","B",null,"M","?","?","M","?","E"],"character_chosen":"IRONCLAD","items_purchased":["Twin Strike","Rage","Feel No Pain","Metallicize"],"campfire_rested":0,"item_purchase_floors":[5,5,5,14],"current_hp_per_floor":[80,80,80,80,80,80,80,80,80,80,80,77,77,77,77,39,80,77,77,77,71,55,0],"gold":136,"neow_bonus":"THREE_ENEMY_KILL","is_prod":false,"is_daily":false,"chose_seed":false,"campfire_upgraded":3,"win_rate":0,"timestamp":1561432567,"path_taken":["M","M","?","?","?","R","E","M","T","?","?","M","R","$","R","BOSS","M","?","?","M","?","E"],"build_version":"2019-01-23","purchased_purges":0,"victory":false,"max_hp_per_floor":[80,80,80,80,80,80,80,80,80,80,80,80,80,80,80,80,80,80,80,80,80,80,80],"card_choices":[{"not_picked":["Clothesline","Havoc"],"picked":"Sword Boomerang","floor":1},{"not_picked":["Perfected Strike","Wild Strike"],"picked":"Heavy Blade","floor":2},{"not_picked":["Thunderclap","Body Slam"],"picked":"Searing Blow","floor":7},{"not_picked":["Perfected Strike","Sword Boomerang"],"picked":"Battle Trance","floor":8},{"not_picked":["Carnage","Iron Wave"],"picked":"Spot Weakness","floor":12},{"not_picked":["Brutality","Dark Embrace"],"picked":"Offering","floor":16},{"not_picked":["Body Slam","Anger+1"],"picked":"Rampage","floor":18},{"not_picked":["Clash","Heavy Blade"],"picked":"Sever Soul+1","floor":21}],"player_experience":221408,"relics_obtained":[{"floor":7,"key":"Meat on the Bone"},{"floor":9,"key":"Turnip"},{"floor":10,"key":"Vajra"},{"floor":22,"key":"Enchiridion"}],"event_choices":[{"damage_healed":0,"gold_gain":0,"player_choice":"Ignored","damage_taken":0,"max_hp_gain":0,"max_hp_loss":0,"event_name":"Golden Idol","floor":3,"gold_loss":0},{"damage_healed":0,"gold_gain":74,"player_choice":"Gained Gold","damage_taken":0,"max_hp_gain":0,"max_hp_loss":0,"event_name":"Golden Wing","floor":4,"gold_loss":0},{"damage_healed":0,"gold_gain":0,"player_choice":"Leave","damage_taken":0,"max_hp_gain":0,"max_hp_loss":0,"event_name":"The Cleric","floor":11,"gold_loss":0},{"damage_healed":0,"gold_gain":0,"player_choice":"Opened","damage_taken":0,"relics_obtained":["Bronze Scales"],"max_hp_gain":0,"max_hp_loss":0,"event_name":"The Mausoleum","floor":19,"gold_loss":0},{"damage_healed":0,"gold_gain":0,"player_choice":"Read","damage_taken":0,"max_hp_gain":0,"max_hp_loss":0,"event_name":"The Library","floor":20,"gold_loss":0,"cards_obtained":["Feel No Pain"]},{"damage_healed":0,"gold_gain":0,"player_choice":"Obtained Book","damage_taken":16,"max_hp_gain":0,"max_hp_loss":0,"event_name":"Cursed Tome","floor":22,"gold_loss":0}],"is_beta":false,"boss_relics":[{"not_picked":["Busted Crown","White Beast Statue"],"picked":"Coffee Dripper"}],"items_purged_floors":[],"is_endless":false,"potions_floor_spawned":[8,12],"killed_by":"Book of Stabbing","ascension_level":0}