{"gold_per_floor":[109,127,38,113,34,34,69,69,69,69,82,101,135,147,147,147],"floor_reached":16,"playtime":785,"items_purged":[],"score":116,"play_id":"7102335b-0f81-41f0-805b-0f8f92772db3","local_time":"20190707234603","is_ascension_mode":true,"campfire_choices":[{"data":"Searing Blow","floor":6,"key":"SMITH"},{"data":"Searing Blow+1","floor":8,"key":"SMITH"},{"floor":10,"key":"REST"},{"data":"True Grit","floor":15,"key":"SMITH"}],"neow_cost":"NONE","seed_source_timestamp":221284880278209,"circlet_count":0,"master_deck":["Strike_R","Strike_R","Strike_R","Strike_R","Strike_R","Defend_R","Defend_R","Defend_R","Defend_R","Bash","Bandage Up","Searing Blow+2","True Grit+1","Immolate","Sever Soul"],"relics":["Mark of Pain","Bottled Lightning","Meat on the Bone"],"potions_floor_usage":[13,14,16,16],"damage_taken":[{"damage":7,"enemies":"Small Slimes","floor":1,"turns":5},{"damage":0,"enemies":"Cultist","floor":2,"turns":4},{"damage":43,"enemies":"Gremlin Nob","floor":7,"turns":6},{"damage":6,"enemies":"Jaw Worm","floor":11,"turns":3},{"damage":9,"enemies":"2 Fungi Beasts","floor":12,"turns":2},{"damage":19,"enemies":"3 Sentries","floor":13,"turns":8},{"damage":18,"enemies":"Large Slime","floor":14,"turns":5},{"damage":47,"enemies":"Hexaghost","floor":16,"turns":9}],"seed_played":"-4511361531617302160","potions_obtained":[{"floor":1,"key":"BloodPotion"},{"floor":7,"key":"AttackPotion"},{"floor":12,"key":"Poison Potion"},{"floor":14,"key":"Swift Potion"}],"is_trial":false,"path_per_floor":["M","M","$","?","$","R","E","R","T","R","M","M","E","M","R","B"],"character_chosen":"IRONCLAD","items_purchased":["Bandage Up","Searing Blow"],"campfire_rested":1,"item_purchase_floors":[3,5],"current_hp_per_floor":[73,73,73,62,62,62,23,23,23,47,45,40,25,43,43,0],"gold":147,"neow_bonus":"BOSS_RELIC","is_prod":false,"is_daily":false,"chose_seed":false,"campfire_upgraded":3,"win_rate":0,"timestamp":1562557563,"path_taken":["M","M","$","?","$","R","E","R","T","R","M","M","E","M","R","BOSS"],"build_version":"2019-07-05","purchased_purges":0,"victory":false,"max_hp_per_floor":[80,80,80,80,80,80,80,80,80,80,80,80,80,80,80,80],"card_choices":[{"not_picked":["Armaments","Headbutt","Anger"],"picked":"SKIP","floor":1},{"not_picked":["Sword Boomerang","Anger","Havoc"],"picked":"SKIP","floor":2},{"not_picked":["Thunderclap","Clash","Entrench"],"picked":"SKIP","floor":7},{"not_picked":["Body Slam","Seeing Red","Reckless Charge"],"picked":"SKIP","floor":11},{"not_picked":["Battle Trance","Twin Strike"],"picked":"True Grit","floor":12},{"not_picked":["Twin Strike","Armaments"],"picked":"Immolate","floor":13},{"not_picked":["Pommel Strike","Clash"],"picked":"Sever Soul","floor":14}],"player_experience":202230,"relics_obtained":[{"floor":7,"key":"Bottled Lightning"},{"floor":13,"key":"Meat on the Bone"}],"event_choices":[{"damage_healed":0,"gold_gain":75,"player_choice":"Gather Gold","damage_taken":11,"max_hp_gain":0,"max_hp_loss":0,"event_name":"World of Goop","floor":4,"gold_loss":0}],"is_beta":false,"boss_relics":[],"items_purged_floors":[],"is_endless":false,"potions_floor_spawned":[1,7,12,14],"killed_by":"Hexaghost","ascension_level":1}