{"gold_per_floor":[113,113,113,213,227,257,257,287,358,372,392,392,404,364,364,364],"floor_reached":16,"playtime":648,"items_purged":[],"score":116,"play_id":"7c190a85-806f-49b1-be08-8ccf555dfa06","local_time":"20190324141221","is_ascension_mode":true,"campfire_choices":[{"data":"Barrage","floor":7,"key":"SMITH"},{"floor":12,"key":"REST"},{"floor":15,"key":"REST"}],"neow_cost":"NONE","seed_source_timestamp":384732961418637,"circlet_count":0,"master_deck":["Strike_B","Strike_B","Strike_B","Strike_B","Defend_B","Defend_B","Defend_B+1","Defend_B+1","Zap","Dualcast","Meteor Strike","Leap+1","Barrage+1","Double Energy","Force Field","Consume"],"relics":["Cracked Core","Orichalcum","Ornamental Fan","Letter Opener"],"potions_floor_usage":[8,16,16],"damage_taken":[{"damage":7,"enemies":"2 Louse","floor":1,"turns":2},{"damage":0,"enemies":"Jaw Worm","floor":5,"turns":3},{"damage":32,"enemies":"Lagavulin","floor":6,"turns":8},{"damage":10,"enemies":"3 Sentries","floor":8,"turns":10},{"damage":0,"enemies":"Cultist","floor":10,"turns":3},{"damage":3,"enemies":"Large Slime","floor":11,"turns":6},{"damage":17,"enemies":"Lots of Slimes","floor":13,"turns":4},{"damage":42,"enemies":"The Guardian","floor":16,"turns":9}],"seed_played":"3871898073699398853","potions_obtained":[{"floor":5,"key":"AttackPotion"},{"floor":14,"key":"Energy Potion"},{"floor":14,"key":"Swift Potion"},{"floor":14,"key":"LiquidBronze"}],"is_trial":false,"path_per_floor":["M","?","?","?","M","E","R","E","T","M","M","R","M","?","R","B"],"character_chosen":"DEFECT","items_purchased":[],"campfire_rested":2,"item_purchase_floors":[],"current_hp_per_floor":[68,68,53,53,53,21,21,11,11,11,8,30,13,13,35,0],"gold":364,"neow_bonus":"ONE_RANDOM_RARE_CARD","is_prod":false,"is_daily":false,"chose_seed":false,"campfire_upgraded":1,"win_rate":0,"timestamp":1553461941,"path_taken":["M","?","?","?","M","E","R","E","T","M","?","R","M","?","R","BOSS"],"build_version":"2019-01-23","purchased_purges":0,"victory":false,"max_hp_per_floor":[75,75,75,75,75,75,75,75,75,75,75,75,75,75,75,75],"card_choices":[{"not_picked":["Steam","Go for the Eyes"],"picked":"Leap","floor":1},{"not_picked":["Steam","Scrape","Coolheaded"],"picked":"SKIP","floor":5},{"not_picked":["Rip and Tear","Stack"],"picked":"Barrage","floor":6},{"not_picked":["Rebound","Hello World"],"picked":"Double Energy","floor":8},{"not_picked":["Conserve Battery","BootSequence","FTL"],"picked":"SKIP","floor":10},{"not_picked":["Rebound","Leap"],"picked":"Force Field","floor":11},{"not_picked":["Coolheaded","Auto Shields"],"picked":"Consume","floor":13}],"player_experience":158045,"relics_obtained":[{"floor":6,"key":"Orichalcum"},{"floor":8,"key":"Ornamental Fan"},{"floor":9,"key":"Letter Opener"}],"event_choices":[{"damage_healed":0,"gold_gain":0,"player_choice":"Grow","damage_taken":0,"max_hp_gain":0,"max_hp_loss":0,"event_name":"Living Wall","floor":2,"gold_loss":0,"cards_upgraded":["Leap"]},{"damage_healed":0,"gold_gain":0,"player_choice":"Entered Light","damage_taken":15,"max_hp_gain":0,"max_hp_loss":0,"event_name":"Shining Light","floor":3,"gold_loss":0,"cards_upgraded":["Defend_B","Defend_B"]},{"damage_healed":0,"gold_gain":100,"player_choice":"Pray","damage_taken":0,"max_hp_gain":0,"max_hp_loss":0,"event_name":"Golden Shrine","floor":4,"gold_loss":0},{"damage_healed":0,"gold_gain":0,"player_choice":"Bought 3 Potions","damage_taken":0,"max_hp_gain":0,"max_hp_loss":0,"event_name":"The Woman in Blue","floor":14,"gold_loss":0}],"is_beta":false,"boss_relics":[],"items_purged_floors":[],"is_endless":false,"potions_floor_spawned":[5],"killed_by":"The Guardian","ascension_level":1}