{"gold_per_floor":[115,125,125,23,198,217,269,52,78,78,112,123,123,123,123,222,272,282,282,296,171,171,202,202,221,221,66,66,98,118,129,129,129],"floor_reached":33,"playtime":1547,"items_purged":["Doubt"],"score":400,"play_id":"87d72497-ef31-460e-93da-7fb0cc304dd0","local_time":"20190707142147","is_ascension_mode":true,"campfire_choices":[{"data":"Bash","floor":10,"key":"SMITH"},{"data":"Flame Barrier","floor":15,"key":"SMITH"},{"data":"Armaments","floor":24,"key":"SMITH"},{"floor":28,"key":"REST"},{"data":"Shockwave","floor":32,"key":"SMITH"}],"neow_cost":"NONE","seed_source_timestamp":1601162921456317,"circlet_count":0,"master_deck":["Strike_R","Strike_R","Strike_R","Strike_R","Defend_R","Defend_R","Defend_R","Bash+1","Disarm","Rage","Havoc+1","Flame Barrier+1","Clash","Immolate+1","Clothesline+1","Shockwave+1","Offering","Pummel+1","Ghostly Armor","Armaments+1","True Grit","Carnage+1","Spot Weakness","Heavy Blade","Clash"],"relics":["Burning Blood","Pen Nib","Dream Catcher","Blood Vial","Gambling Chip","Tiny House","Red Skull","Singing Bowl","Whetstone","Oddly Smooth Stone"],"potions_floor_usage":[23,33],"damage_taken":[{"damage":7,"enemies":"Jaw Worm","floor":1,"turns":3},{"damage":7,"enemies":"Cultist","floor":2,"turns":5},{"damage":0,"enemies":"2 Louse","floor":6,"turns":3},{"damage":17,"enemies":"Gremlin Nob","floor":11,"turns":3},{"damage":10,"enemies":"Exordium Wildlife","floor":12,"turns":4},{"damage":22,"enemies":"Slime Boss","floor":16,"turns":6},{"damage":39,"enemies":"Spheric Guardian","floor":18,"turns":5},{"damage":12,"enemies":"Shell Parasite","floor":20,"turns":4},{"damage":39,"enemies":"Book of Stabbing","floor":23,"turns":7},{"damage":37,"enemies":"Snecko","floor":25,"turns":6},{"damage":6,"enemies":"Gremlin Leader","floor":29,"turns":3},{"damage":8,"enemies":"Shelled Parasite and Fungi","floor":30,"turns":4},{"damage":5,"enemies":"Centurion and Healer","floor":31,"turns":5},{"damage":61,"enemies":"Automaton","floor":33,"turns":6}],"seed_played":"3464046555037768001","potions_obtained":[{"floor":1,"key":"SneckoOil"},{"floor":2,"key":"EssenceOfSteel"},{"floor":12,"key":"Dexterity Potion"},{"floor":16,"key":"BloodPotion"},{"floor":29,"key":"Weak Potion"},{"floor":30,"key":"SkillPotion"}],"is_trial":false,"path_per_floor":["M","M","?","$","?","M","?","$","T","R","E","M","?","?","R","B",null,"M","?","M","$","?","E","R","M","T","$","R","E","M","M","R","B"],"character_chosen":"IRONCLAD","items_purchased":["Havoc","Flame Barrier","Pen Nib","Immolate","Armaments","Whetstone"],"campfire_rested":1,"item_purchase_floors":[4,4,8,8,21,27],"current_hp_per_floor":[79,78,78,78,78,80,80,80,80,80,69,67,60,60,60,46,85,52,52,48,48,48,38,38,9,9,9,34,36,38,41,41,0],"gold":129,"neow_bonus":"REMOVE_CARD","is_prod":false,"is_daily":false,"chose_seed":false,"campfire_upgraded":4,"win_rate":0,"timestamp":1562534507,"path_taken":["M","M","?","?","?","?","?","$","T","R","E","M","?","?","R","BOSS","M","?","M","$","?","E","R","M","T","$","R","E","M","M","R","BOSS"],"build_version":"2019-07-05","purchased_purges":1,"victory":false,"max_hp_per_floor":[80,80,80,80,80,80,80,80,80,80,80,80,80,80,80,80,85,85,85,85,85,85,85,85,85,85,85,85,85,87,87,87,87],"card_choices":[{"not_picked":["Whirlwind","Blood for Blood"],"picked":"Disarm","floor":1},{"not_picked":["Combust","Clash"],"picked":"Rage","floor":2},{"not_picked":["Flex","Combust"],"picked":"Clash","floor":6},{"not_picked":["Hemokinesis","Reckless Charge"],"picked":"Clothesline","floor":11},{"not_picked":["Pommel Strike","Cleave"],"picked":"Shockwave","floor":12},{"not_picked":["Double Tap","Limit Break"],"picked":"Offering","floor":16},{"not_picked":["Iron Wave","Heavy Blade"],"picked":"Pummel","floor":17},{"not_picked":["Heavy Blade","Sword Boomerang","Perfected Strike"],"picked":"SKIP","floor":18},{"not_picked":["Havoc","Wild Strike","Heavy Blade"],"picked":"SKIP","floor":20},{"not_picked":["Combust","Headbutt"],"picked":"True Grit","floor":23},{"not_picked":["Clothesline","Ghostly Armor"],"picked":"Carnage+1","floor":25},{"not_picked":["Clothesline+1","Flex+1"],"picked":"Spot Weakness","floor":28},{"not_picked":["Body Slam+1","Warcry+1"],"picked":"Heavy Blade","floor":29},{"not_picked":["Offering","Anger","Thunderclap+1"],"picked":"Singing Bowl","floor":30},{"not_picked":["Spot Weakness","Shockwave"],"picked":"Clash","floor":31}],"player_experience":260657,"relics_obtained":[{"floor":9,"key":"Dream Catcher"},{"floor":11,"key":"Blood Vial"},{"floor":23,"key":"Red Skull"},{"floor":26,"key":"Singing Bowl"},{"floor":29,"key":"Oddly Smooth Stone"}],"event_choices":[{"cards_removed":["Defend_R"],"damage_healed":0,"gold_gain":0,"player_choice":"Offered Basic","damage_taken":0,"max_hp_gain":0,"max_hp_loss":0,"event_name":"Bonfire Elementals","floor":3,"gold_loss":0},{"damage_healed":0,"gold_gain":175,"player_choice":"AGREE","damage_taken":0,"max_hp_gain":0,"max_hp_loss":0,"event_name":"Liars Game","floor":5,"gold_loss":0,"cards_obtained":["Doubt"]},{"damage_healed":0,"gold_gain":52,"player_choice":"Gained Gold","damage_taken":0,"max_hp_gain":0,"max_hp_loss":0,"event_name":"Golden Wing","floor":7,"gold_loss":0},{"damage_healed":0,"gold_gain":0,"player_choice":"Success","damage_taken":7,"relics_obtained":["Gambling Chip"],"max_hp_gain":0,"max_hp_loss":0,"event_name":"Scrap Ooze","floor":13,"gold_loss":0},{"damage_healed":0,"gold_gain":0,"player_choice":"Forge","damage_taken":0,"max_hp_gain":0,"max_hp_loss":0,"event_name":"Accursed Blacksmith","floor":14,"gold_loss":0,"cards_upgraded":["Havoc"]},{"damage_healed":0,"gold_gain":0,"player_choice":"Read","damage_taken":0,"max_hp_gain":0,"max_hp_loss":0,"event_name":"The Library","floor":19,"gold_loss":0,"cards_obtained":["Ghostly Armor"]},{"damage_healed":0,"gold_gain":0,"player_choice":"Ignored","damage_taken":0,"max_hp_gain":0,"max_hp_loss":0,"event_name":"Ghosts","floor":22,"gold_loss":0}],"is_beta":false,"boss_relics":[{"not_picked":["Sozu","Calling Bell"],"picked":"Tiny House"}],"items_purged_floors":[21],"is_endless":false,"potions_floor_spawned":[1,2,12,16,29,30],"killed_by":"Automaton","ascension_level":4}