{"gold_per_floor":[115,125,145,161,173,173,30,30,30,30,30,41,41,56,56,160,160,175,190,190,190],"floor_reached":21,"playtime":1320,"items_purged":["Strike_R"],"score":277,"play_id":"08737604-6b84-44b2-b716-33b3a835a30a","local_time":"20181219153801","is_ascension_mode":true,"campfire_choices":[{"data":"Defend_R","floor":6,"key":"SMITH"},{"data":"Barricade","floor":11,"key":"SMITH"},{"floor":15,"key":"REST"}],"neow_cost":"NONE","seed_source_timestamp":3204442945702667,"circlet_count":0,"master_deck":["AscendersBane","Strike_R","Strike_R","Defend_R","Defend_R","Defend_R","Defend_R+1","Bash","Sword Boomerang","Heavy Blade","Flex","Demon Form","Warcry","Battle Trance","Barricade+1","Seeing Red","Feed","Whirlwind","Rage","Heavy Blade"],"relics":["Runic Dome","Gremlin Horn","Vajra","Black Star"],"potions_floor_usage":[3,5,12,18,21],"damage_taken":[{"damage":6,"enemies":"Cultist","floor":1,"turns":3},{"damage":7,"enemies":"Small Slimes","floor":2,"turns":3},{"damage":7,"enemies":"2 Louse","floor":3,"turns":3},{"damage":25,"enemies":"Lots of Slimes","floor":4,"turns":4},{"damage":6,"enemies":"Looter","floor":5,"turns":3},{"damage":0,"enemies":"2 Fungi Beasts","floor":12,"turns":3},{"damage":17,"enemies":"Gremlin Gang","floor":14,"turns":5},{"damage":26,"enemies":"Hexaghost","floor":16,"turns":8},{"damage":22,"enemies":"2 Thieves","floor":18,"turns":4},{"damage":31,"enemies":"Shell Parasite","floor":19,"turns":4},{"damage":19,"enemies":"Snake Plant","floor":21,"turns":2}],"seed_played":"6459573497997997638","potions_obtained":[{"floor":2,"key":"Weak Potion"},{"floor":3,"key":"Fruit Juice"},{"floor":5,"key":"SkillPotion"},{"floor":16,"key":"Block Potion"},{"floor":18,"key":"Strength Potion"},{"floor":19,"key":"Dexterity Potion"}],"is_trial":false,"path_per_floor":["M","M","M","M","M","R","$","?","T","?","R","M","?","M","R","B",null,"M","M","?","M"],"character_chosen":"IRONCLAD","items_purchased":["Battle Trance"],"campfire_rested":1,"item_purchase_floors":[7],"current_hp_per_floor":[66,59,57,32,26,26,26,26,26,26,26,26,23,6,31,5,65,43,12,12,0],"gold":190,"neow_bonus":"BOSS_RELIC","is_prod":false,"is_daily":false,"chose_seed":false,"campfire_upgraded":2,"win_rate":0,"timestamp":1545262681,"path_taken":["M","M","M","M","M","R","?","?","T","?","R","?","?","M","R","BOSS","M","M","?","?"],"build_version":"2018-12-13","purchased_purges":1,"victory":false,"max_hp_per_floor":[80,80,85,85,85,85,85,85,85,85,85,85,85,85,85,85,85,85,85,85,85],"card_choices":[{"not_picked":["Bloodletting","Cleave"],"picked":"Sword Boomerang","floor":1},{"not_picked":["Iron Wave","Warcry"],"picked":"Heavy Blade","floor":2},{"not_picked":["Rampage","Sever Soul"],"picked":"Flex","floor":3},{"not_picked":["Heavy Blade","Anger"],"picked":"Demon Form","floor":4},{"not_picked":["Blood for Blood","Infernal Blade"],"picked":"Warcry","floor":5},{"not_picked":["Pummel","Headbutt"],"picked":"Seeing Red","floor":12},{"not_picked":["Body Slam","Sword Boomerang","Twin Strike"],"picked":"SKIP","floor":14},{"not_picked":["Bludgeon","Dark Embrace"],"picked":"Feed","floor":16},{"not_picked":["Cleave","Thunderclap"],"picked":"Whirlwind","floor":18},{"not_picked":["Evolve","True Grit"],"picked":"Rage","floor":19}],"player_experience":488832,"relics_obtained":[{"floor":9,"key":"Gremlin Horn"}],"event_choices":[{"damage_healed":0,"gold_gain":0,"player_choice":"Ignored","damage_taken":0,"max_hp_gain":0,"max_hp_loss":0,"event_name":"Liars Game","floor":8,"gold_loss":0},{"damage_healed":0,"gold_gain":0,"cards_transformed":["Strike_R"],"player_choice":"Transformed","damage_taken":0,"max_hp_gain":0,"max_hp_loss":0,"event_name":"Transmorgrifier","floor":10,"gold_loss":0,"cards_obtained":["Barricade"]},{"damage_healed":0,"gold_gain":0,"player_choice":"Success","damage_taken":3,"relics_obtained":["Vajra"],"max_hp_gain":0,"max_hp_loss":0,"event_name":"Scrap Ooze","floor":13,"gold_loss":0},{"damage_healed":0,"gold_gain":0,"cards_transformed":["Strike_R"],"player_choice":"Transformed","damage_taken":0,"max_hp_gain":0,"max_hp_loss":0,"event_name":"Transmorgrifier","floor":20,"gold_loss":0,"cards_obtained":["Heavy Blade"]}],"is_beta":false,"boss_relics":[{"not_picked":["Sozu","Mark of Pain"],"picked":"Black Star"}],"items_purged_floors":[7],"is_endless":false,"potions_floor_spawned":[2,3,5,16,18,19],"killed_by":"Snake Plant","ascension_level":12}