{"gold_per_floor":[110,123,140,12,25,25,25,25,25,25,44,84,84,20,20,115,115,129,129,129,140,190,190],"floor_reached":23,"playtime":1398,"items_purged":["Parasite"],"score":378,"play_id":"09efbabc-198f-4425-ada3-7e15bf9eed8d","local_time":"20190402004640","is_ascension_mode":true,"campfire_choices":[{"data":"Bash","floor":6,"key":"SMITH"},{"data":"Body Slam","floor":8,"key":"SMITH"},{"data":"Armaments","floor":10,"key":"SMITH"},{"floor":13,"key":"REST"},{"data":"Disarm","floor":15,"key":"SMITH"}],"neow_cost":"CURSE","seed_source_timestamp":1507475650641199,"circlet_count":0,"master_deck":["AscendersBane","Strike_R","Strike_R","Strike_R","Strike_R","Strike_R","Defend_R","Defend_R","Defend_R","Defend_R","Bash+1","Hemokinesis","Shrug It Off","Armaments+1","Body Slam+1","Inflame","Disarm+1","Limit Break","Body Slam","Ghostly","Ghostly","Ghostly"],"relics":["Burning Blood","Bloody Idol","Gremlin Horn","Mark of Pain"],"potions_floor_usage":[12,12,21,23],"damage_taken":[{"damage":6,"enemies":"Cultist","floor":1,"turns":3},{"damage":24,"enemies":"Jaw Worm","floor":2,"turns":5},{"damage":3,"enemies":"2 Louse","floor":3,"turns":3},{"damage":6,"enemies":"Blue Slaver","floor":5,"turns":7},{"damage":7,"enemies":"2 Fungi Beasts","floor":11,"turns":4},{"damage":27,"enemies":"Gremlin Nob","floor":12,"turns":4},{"damage":38,"enemies":"The Guardian","floor":16,"turns":17},{"damage":55,"enemies":"3 Byrds","floor":18,"turns":7},{"damage":5,"enemies":"Chosen","floor":21,"turns":7},{"damage":30,"enemies":"Book of Stabbing","floor":23,"turns":5}],"seed_played":"-8884970213631458202","potions_obtained":[{"floor":2,"key":"Weak Potion"},{"floor":16,"key":"FearPotion"},{"floor":18,"key":"GamblersBrew"}],"is_trial":false,"path_per_floor":["M","M","M","$","M","R","?","R","T","R","M","E","R","?","R","B",null,"M","?","?","M","?","E"],"character_chosen":"IRONCLAD","items_purchased":["Poison Potion"],"campfire_rested":1,"item_purchase_floors":[4],"current_hp_per_floor":[82,64,67,67,67,67,37,37,37,37,36,15,40,40,40,8,67,18,18,18,24,29,0],"gold":190,"neow_bonus":"TWENTY_PERCENT_HP_BONUS","is_prod":false,"is_daily":false,"chose_seed":false,"campfire_upgraded":4,"win_rate":0,"timestamp":1554191200,"path_taken":["M","M","M","?","M","R","?","R","T","R","M","E","R","?","R","BOSS","M","?","?","M","?","E"],"build_version":"2019-01-23","purchased_purges":1,"victory":false,"max_hp_per_floor":[89,89,89,86,86,86,86,86,86,86,86,86,86,86,86,86,86,86,43,43,43,43,43],"card_choices":[{"not_picked":["Havoc","Wild Strike"],"picked":"Hemokinesis","floor":1},{"not_picked":["Headbutt","Sword Boomerang"],"picked":"Shrug It Off","floor":2},{"not_picked":["Infernal Blade","Perfected Strike"],"picked":"Armaments","floor":3},{"not_picked":["Evolve","Intimidate"],"picked":"Body Slam","floor":5},{"not_picked":["Thunderclap","Dropkick"],"picked":"Inflame","floor":11},{"not_picked":["Headbutt","Immolate"],"picked":"Disarm","floor":12},{"not_picked":["Immolate","Impervious"],"picked":"Limit Break","floor":16},{"not_picked":["Bloodletting","Cleave+1"],"picked":"Body Slam","floor":18},{"not_picked":["Anger","Infernal Blade","Cleave"],"picked":"SKIP","floor":21}],"player_experience":806946,"relics_obtained":[{"floor":12,"key":"Gremlin Horn"}],"event_choices":[{"damage_healed":0,"gold_gain":0,"player_choice":"Take Damage","damage_taken":30,"relics_obtained":["Golden Idol"],"max_hp_gain":0,"max_hp_loss":0,"event_name":"Golden Idol","floor":7,"gold_loss":0},{"damage_healed":0,"gold_gain":0,"player_choice":"Left Gold","damage_taken":0,"max_hp_gain":0,"max_hp_loss":0,"event_name":"World of Goop","floor":14,"gold_loss":64},{"damage_healed":0,"gold_gain":0,"player_choice":"Became a Ghost","damage_taken":0,"max_hp_gain":0,"max_hp_loss":43,"event_name":"Ghosts","floor":19,"gold_loss":0,"cards_obtained":["Ghostly","Ghostly","Ghostly"]},{"damage_healed":0,"gold_gain":0,"player_choice":"Gave Idol","damage_taken":0,"relics_obtained":["Bloody Idol"],"max_hp_gain":0,"max_hp_loss":0,"event_name":"Forgotten Altar","floor":20,"relics_lost":["Golden Idol"],"gold_loss":0},{"damage_healed":0,"gold_gain":50,"player_choice":"Stole From Cult","damage_taken":0,"max_hp_gain":0,"max_hp_loss":0,"event_name":"Nest","floor":22,"gold_loss":0}],"is_beta":false,"boss_relics":[{"not_picked":["Tiny House","Ectoplasm"],"picked":"Mark of Pain"}],"items_purged_floors":[4],"is_endless":false,"potions_floor_spawned":[2,11,16,18],"killed_by":"Book of Stabbing","ascension_level":20}