{"gold_per_floor":[111,122,54,73,73,107,124,124,124,137,157,157,181,196,196,322,322,341,341,320,338,338,338,21,35,61,61,61],"floor_reached":28,"playtime":3400,"items_purged":["Strike_G"],"score":222,"play_id":"78ab3b41-839d-4bdc-8bb4-83127d8ddafb","local_time":"20190710070145","is_ascension_mode":false,"campfire_choices":[{"floor":15,"key":"REST"},{"floor":23,"key":"REST"},{"floor":27,"key":"REST"}],"neow_cost":"NONE","seed_source_timestamp":1896346705808463,"circlet_count":0,"master_deck":["Strike_G","Defend_G","Defend_G","Defend_G","Defend_G","Defend_G","Survivor","Neutralize+1","Poisoned Stab","Backflip","Noxious Fumes","Backflip","Deadly Poison","Deadly Poison","Poisoned Stab","Backflip","Blur"],"relics":["Ring of the Snake","Bottled Flame","The Specimen","Golden Idol","Lantern","Empty Cage","Singing Bowl"],"potions_floor_usage":[7,10,10,16,20],"damage_taken":[{"damage":0,"enemies":"Cultist","floor":1,"turns":4},{"damage":0,"enemies":"Small Slimes","floor":2,"turns":3},{"damage":0,"enemies":"2 Louse","floor":4,"turns":3},{"damage":40,"enemies":"Gremlin Nob","floor":6,"turns":6},{"damage":9,"enemies":"Gremlin Gang","floor":7,"turns":4},{"damage":0,"enemies":"2 Fungi Beasts","floor":10,"turns":2},{"damage":0,"enemies":"Blue Slaver","floor":11,"turns":5},{"damage":0,"enemies":"Looter","floor":14,"turns":3},{"damage":45,"enemies":"Slime Boss","floor":16,"turns":11},{"damage":10,"enemies":"Chosen","floor":18,"turns":5},{"damage":35,"enemies":"2 Thieves","floor":20,"turns":5},{"damage":21,"enemies":"Snake Plant","floor":21,"turns":4},{"damage":15,"enemies":"Centurion and Healer","floor":25,"turns":8},{"damage":51,"enemies":"Slavers","floor":28,"turns":5}],"seed_played":"-6267386640147753477","potions_obtained":[{"floor":4,"key":"Energy Potion"},{"floor":6,"key":"AttackPotion"},{"floor":7,"key":"Energy Potion"},{"floor":11,"key":"Strength Potion"},{"floor":16,"key":"Regen Potion"}],"is_trial":false,"path_per_floor":["M","M","$","M","?","E","M","?","T","M","M","?","T","M","R","B",null,"M","?","M","M","?","R","$","M","T","R","E"],"character_chosen":"THE_SILENT","items_purchased":["Noxious Fumes","Singing Bowl"],"campfire_rested":3,"item_purchase_floors":[3,24],"current_hp_per_floor":[70,70,70,70,75,35,26,26,26,26,26,26,26,26,46,1,69,59,64,41,20,20,40,40,27,27,48,0],"gold":61,"neow_bonus":"UPGRADE_CARD","is_prod":false,"is_daily":false,"chose_seed":false,"campfire_upgraded":0,"win_rate":0,"timestamp":1562760105,"path_taken":["M","M","?","?","?","E","M","?","T","M","?","?","?","M","R","BOSS","M","?","?","M","?","R","$","M","T","R","E"],"build_version":"2019-07-05","purchased_purges":1,"victory":false,"max_hp_per_floor":[70,70,70,70,75,75,75,75,75,75,75,69,69,69,69,69,69,69,69,69,69,69,69,69,71,71,71,71],"card_choices":[{"not_picked":["Endless Agony","Quick Slash"],"picked":"Poisoned Stab","floor":1},{"not_picked":["Deflect","Dodge and Roll"],"picked":"Backflip","floor":2},{"not_picked":["Flying Knee","Caltrops"],"picked":"Backflip","floor":4},{"not_picked":["Backflip","Flying Knee"],"picked":"Deadly Poison","floor":6},{"not_picked":["PiercingWail","Outmaneuver"],"picked":"Deadly Poison","floor":7},{"not_picked":["Underhanded Strike","Dagger Spray","Glass Knife"],"picked":"SKIP","floor":10},{"not_picked":["Slice","Dodge and Roll"],"picked":"Poisoned Stab","floor":11},{"not_picked":["Reflex","Prepared"],"picked":"Backflip","floor":14},{"not_picked":["Sucker Punch","PiercingWail"],"picked":"Deflect","floor":18},{"not_picked":["Accuracy","Riddle With Holes","Finisher"],"picked":"SKIP","floor":20},{"not_picked":["Deflect","Prepared"],"picked":"Blur","floor":21},{"not_picked":["Quick Slash","Riddle With Holes","Caltrops"],"picked":"Singing Bowl","floor":25}],"player_experience":333517,"relics_obtained":[{"floor":6,"key":"Bottled Flame"},{"floor":9,"key":"The Specimen"},{"floor":13,"key":"Lantern"}],"event_choices":[{"damage_healed":0,"gold_gain":0,"player_choice":"Donut","damage_taken":0,"max_hp_gain":5,"max_hp_loss":0,"event_name":"Big Fish","floor":5,"gold_loss":0},{"damage_healed":0,"gold_gain":0,"player_choice":"Ignored","damage_taken":0,"max_hp_gain":0,"max_hp_loss":0,"event_name":"NoteForYourself","floor":8,"gold_loss":0},{"damage_healed":0,"gold_gain":0,"player_choice":"Lose Max HP","damage_taken":0,"relics_obtained":["Golden Idol"],"max_hp_gain":0,"max_hp_loss":6,"event_name":"Golden Idol","floor":12,"gold_loss":0},{"cards_removed":["Deflect"],"damage_healed":5,"gold_gain":0,"player_choice":"Offered Common","damage_taken":0,"max_hp_gain":0,"max_hp_loss":0,"event_name":"Bonfire Elementals","floor":19,"gold_loss":0},{"cards_removed":["Deflect"],"damage_healed":5,"gold_gain":0,"player_choice":"Offered Special","damage_taken":0,"max_hp_gain":0,"max_hp_loss":0,"event_name":"Bonfire Elementals","floor":19,"gold_loss":0},{"cards_removed":["Strike_G"],"damage_healed":0,"gold_gain":0,"player_choice":"Purged","damage_taken":0,"max_hp_gain":0,"max_hp_loss":0,"event_name":"Purifier","floor":22,"gold_loss":0}],"is_beta":false,"boss_relics":[{"not_picked":["Velvet Choker","Lizard Tail"],"picked":"Empty Cage"}],"items_purged_floors":[24],"is_endless":false,"potions_floor_spawned":[4,6,7,11,16],"killed_by":"Slavers","ascension_level":0}