{"gold_per_floor":[123,148,173,185,211,223,251,293,305,317,355,332,419,458,470,578,590,613,641,669,695,742,754,780,792,828,452,479,479,479,508,508,508],"floor_reached":33,"playtime":2862,"items_purged":[],"score":320,"play_id":"f4459ef0-790f-4772-8054-9280d5ed2602","local_time":"20190620135739","is_ascension_mode":true,"campfire_choices":[{"data":"Rage","floor":6,"key":"SMITH"},{"floor":10,"key":"REST"},{"floor":15,"key":"REST"},{"floor":23,"key":"REST"},{"floor":25,"key":"REST"},{"floor":32,"key":"REST"}],"neow_cost":"NONE","seed_source_timestamp":193829601932328,"circlet_count":0,"master_deck":["Strike_R","Strike_R","Strike_R","Strike_R","Strike_R","Defend_R","Defend_R","Defend_R","Defend_R","Bash","Rage+1","Shrug It Off","Cleave","Flex","Armaments","Immolate","Flex","Pommel Strike","Iron Wave","Inflame","Cleave","Decay","Demon Form"],"relics":["Burning Blood","MawBank","Dodecahedron","Gremlin Horn","Bronze Scales","Magic Flower","Runic Cube","Red Mask","Lantern","Bird Faced Urn","Gambling Chip","MutagenicStrength","Peace Pipe"],"potions_floor_usage":[7,11,16,24,31],"damage_taken":[{"damage":7,"enemies":"Small Slimes","floor":1,"turns":4},{"damage":1,"enemies":"2 Louse","floor":2,"turns":4},{"damage":1,"enemies":"Cultist","floor":3,"turns":4},{"damage":10,"enemies":"Large Slime","floor":5,"turns":7},{"damage":11,"enemies":"3 Louse","floor":7,"turns":5},{"damage":26,"enemies":"3 Sentries","floor":8,"turns":9},{"damage":26,"enemies":"Gremlin Nob","floor":11,"turns":5},{"damage":23,"enemies":"3 Sentries","floor":14,"turns":7},{"damage":80,"enemies":"Hexaghost","floor":16,"turns":15},{"damage":11,"enemies":"3 Byrds","floor":18,"turns":3},{"damage":25,"enemies":"Shell Parasite","floor":19,"turns":5},{"damage":20,"enemies":"Centurion and Healer","floor":20,"turns":8},{"damage":4,"enemies":"3 Cultists","floor":21,"turns":4},{"damage":46,"enemies":"Masked Bandits","floor":22,"turns":5},{"damage":22,"enemies":"Snecko","floor":24,"turns":8},{"damage":45,"enemies":"Book of Stabbing","floor":28,"turns":7},{"damage":9,"enemies":"Gremlin Leader","floor":31,"turns":5},{"damage":113,"enemies":"Collector","floor":33,"turns":7}],"seed_played":"-8114467483851726965","potions_obtained":[{"floor":2,"key":"Strength Potion"},{"floor":7,"key":"Regen Potion"},{"floor":14,"key":"Swift Potion"},{"floor":21,"key":"Weak Potion"},{"floor":28,"key":"Regen Potion"}],"is_trial":false,"path_per_floor":["M","M","M","?","M","R","M","E","T","R","E","?","?","E","R","B",null,"M","M","M","M","?","R","M","R","T","$","E","?","?","E","R","B"],"character_chosen":"IRONCLAD","items_purchased":["Inflame","Bird Faced Urn"],"campfire_rested":5,"item_purchase_floors":[27,27],"current_hp_per_floor":[79,80,80,85,81,81,76,56,56,81,70,85,74,57,82,11,85,83,67,56,61,24,49,36,61,61,61,28,28,28,53,78,0],"gold":508,"neow_bonus":"RANDOM_COMMON_RELIC","is_prod":false,"is_daily":false,"chose_seed":false,"campfire_upgraded":1,"win_rate":0,"timestamp":1561057059,"path_taken":["M","M","M","?","M","R","M","E","T","R","E","?","?","E","R","BOSS","M","M","M","M","?","R","M","R","T","$","E","?","?","E","R","BOSS"],"build_version":"2019-01-23","purchased_purges":0,"victory":false,"max_hp_per_floor":[80,80,80,85,85,85,85,85,85,85,85,85,85,85,85,85,85,85,85,85,85,85,85,85,85,85,85,85,85,85,85,85,85],"card_choices":[{"not_picked":["True Grit","Spot Weakness","Warcry"],"picked":"SKIP","floor":1},{"not_picked":["Havoc","Headbutt"],"picked":"Rage","floor":2},{"not_picked":["Rage","Flame Barrier","Havoc"],"picked":"SKIP","floor":3},{"not_picked":["Warcry","Seeing Red"],"picked":"Shrug It Off","floor":5},{"not_picked":["Thunderclap","Wild Strike"],"picked":"Cleave","floor":7},{"not_picked":["Blood for Blood","Body Slam","Headbutt"],"picked":"SKIP","floor":8},{"not_picked":["Twin Strike","Pommel Strike"],"picked":"Flex","floor":11},{"not_picked":["Fire Breathing","Brutality"],"picked":"Armaments","floor":14},{"not_picked":["Bludgeon","Double Tap"],"picked":"Immolate","floor":16},{"not_picked":["Entrench","Dropkick"],"picked":"Flex","floor":18},{"not_picked":["Power Through","Sword Boomerang","Entrench+1"],"picked":"SKIP","floor":19},{"not_picked":["Body Slam","Clothesline"],"picked":"Pommel Strike","floor":20},{"not_picked":["Uppercut+1","Clothesline"],"picked":"Iron Wave","floor":21},{"not_picked":["Heavy Blade","Iron Wave","Headbutt"],"picked":"SKIP","floor":24},{"not_picked":["Armaments","Iron Wave"],"picked":"Cleave","floor":28},{"not_picked":["Sword Boomerang","Evolve"],"picked":"Demon Form","floor":31}],"player_experience":139499,"relics_obtained":[{"floor":8,"key":"Dodecahedron"},{"floor":9,"key":"Gremlin Horn"},{"floor":11,"key":"Bronze Scales"},{"floor":14,"key":"Magic Flower"},{"floor":22,"key":"Red Mask"},{"floor":26,"key":"Lantern"},{"floor":28,"key":"Gambling Chip"},{"floor":31,"key":"Peace Pipe"}],"event_choices":[{"damage_healed":0,"gold_gain":0,"player_choice":"Donut","damage_taken":0,"max_hp_gain":5,"max_hp_loss":0,"event_name":"Big Fish","floor":4,"gold_loss":0},{"damage_healed":21,"gold_gain":0,"player_choice":"Healed","damage_taken":0,"max_hp_gain":0,"max_hp_loss":0,"event_name":"The Cleric","floor":12,"gold_loss":35},{"damage_healed":0,"gold_gain":75,"player_choice":"Gather Gold","damage_taken":11,"max_hp_gain":0,"max_hp_loss":0,"event_name":"World of Goop","floor":13,"gold_loss":0},{"damage_healed":0,"gold_gain":0,"player_choice":"Fought Bandits","damage_taken":0,"max_hp_gain":0,"max_hp_loss":0,"event_name":"Masked Bandits","floor":22,"gold_loss":0},{"damage_healed":0,"gold_gain":0,"player_choice":"Inject Mutagens","damage_taken":0,"relics_obtained":["MutagenicStrength"],"max_hp_gain":0,"max_hp_loss":0,"event_name":"Drug Dealer","floor":29,"gold_loss":0},{"damage_healed":0,"gold_gain":0,"player_choice":"Smashed Altar","damage_taken":0,"max_hp_gain":0,"max_hp_loss":0,"event_name":"Forgotten Altar","floor":30,"gold_loss":0,"cards_obtained":["Decay"]}],"is_beta":false,"boss_relics":[{"not_picked":["Ectoplasm","Sozu"],"picked":"Runic Cube"}],"items_purged_floors":[],"is_endless":false,"potions_floor_spawned":[2,7,8,14,21,28,31],"killed_by":"Collector","ascension_level":1}