{"gold_per_floor":[359,509,89,89,2,2,15,46,46,46,46,57,57,57,57,156,156,174,195,195],"floor_reached":20,"playtime":1555,"items_purged":["Doubt"],"score":440,"play_id":"d6975fd8-3690-4713-8716-a3c79379852f","local_time":"20190331203515","is_ascension_mode":true,"campfire_choices":[{"data":"True Grit","floor":6,"key":"SMITH"},{"data":"Whirlwind","floor":11,"key":"SMITH"},{"data":"Bash","floor":13,"key":"SMITH"},{"floor":15,"key":"REST"}],"neow_cost":"CURSE","seed_source_timestamp":1405840226266910,"circlet_count":0,"master_deck":["AscendersBane","Strike_R","Strike_R","Strike_R","Strike_R","Strike_R","Defend_R","Defend_R","Defend_R","Defend_R","Bash+1","Whirlwind+1","Hemokinesis","Rampage","True Grit+1","Uppercut+1","Headbutt","Feed","Warcry+1","Shrug It Off+1"],"relics":["Burning Blood","Membership Card","Pen Nib","Vajra","PreservedInsect","Toxic Egg 2","Golden Idol","Mark of Pain"],"potions_floor_usage":[16,16,18],"damage_taken":[{"damage":12,"enemies":"Cultist","floor":1,"turns":4},{"damage":5,"enemies":"2 Louse","floor":7,"turns":2},{"damage":30,"enemies":"3 Sentries","floor":8,"turns":7},{"damage":4,"enemies":"Small Slimes","floor":12,"turns":3},{"damage":6,"enemies":"Slime Boss","floor":16,"turns":5},{"damage":36,"enemies":"Spheric Guardian","floor":18,"turns":5},{"damage":36,"enemies":"Shell Parasite","floor":19,"turns":4},{"damage":13,"enemies":"Snecko","floor":20,"turns":2}],"seed_played":"1927752661112901158","potions_obtained":[{"floor":8,"key":"SkillPotion"},{"floor":12,"key":"Fire Potion"},{"floor":16,"key":"Energy Potion"},{"floor":18,"key":"LiquidBronze"},{"floor":19,"key":"Swift Potion"}],"is_trial":false,"path_per_floor":["M","?","$","?","$","R","M","E","T","?","R","M","R","?","R","B",null,"M","M","M"],"character_chosen":"IRONCLAD","items_purchased":["Membership Card","Pen Nib","Vajra","Hemokinesis","Rampage","True Grit"],"campfire_rested":1,"item_purchase_floors":[3,3,3,5,5,5],"current_hp_per_floor":[62,62,62,55,55,55,56,32,32,32,32,34,34,34,54,54,65,38,8,0],"gold":195,"neow_bonus":"TWO_FIFTY_GOLD","is_prod":false,"is_daily":false,"chose_seed":false,"campfire_upgraded":3,"win_rate":0,"timestamp":1554089715,"path_taken":["M","?","$","?","$","R","M","E","T","?","R","?","R","?","R","BOSS","M","M","M"],"build_version":"2019-01-23","purchased_purges":1,"victory":false,"max_hp_per_floor":[75,75,75,75,75,75,75,75,75,75,75,75,75,68,68,68,68,71,71,71],"card_choices":[{"not_picked":["Pommel Strike","Corruption"],"picked":"Whirlwind","floor":1},{"not_picked":["Hemokinesis","Cleave","Thunderclap"],"picked":"SKIP","floor":7},{"not_picked":["Perfected Strike","Spot Weakness"],"picked":"Uppercut","floor":8},{"not_picked":["Clash","Pommel Strike"],"picked":"Headbutt","floor":12},{"not_picked":["Brutality","Bludgeon"],"picked":"Feed","floor":16},{"not_picked":["Sentinel+1","Perfected Strike"],"picked":"Warcry+1","floor":18},{"not_picked":["Pommel Strike","True Grit+1"],"picked":"Shrug It Off+1","floor":19}],"player_experience":795583,"relics_obtained":[{"floor":8,"key":"PreservedInsect"},{"floor":9,"key":"Toxic Egg 2"}],"event_choices":[{"damage_healed":0,"gold_gain":150,"player_choice":"AGREE","damage_taken":0,"max_hp_gain":0,"max_hp_loss":0,"event_name":"Liars Game","floor":2,"gold_loss":0,"cards_obtained":["Doubt"]},{"cards_removed":["Regret"],"damage_healed":0,"gold_gain":0,"player_choice":"Card Removal","damage_taken":7,"max_hp_gain":0,"max_hp_loss":0,"event_name":"Golden Wing","floor":4,"gold_loss":0},{"damage_healed":0,"gold_gain":0,"player_choice":"Upgraded","damage_taken":0,"max_hp_gain":0,"max_hp_loss":0,"event_name":"Upgrade Shrine","floor":10,"gold_loss":0,"cards_upgraded":["Uppercut"]},{"damage_healed":0,"gold_gain":0,"player_choice":"Lose Max HP","damage_taken":0,"relics_obtained":["Golden Idol"],"max_hp_gain":0,"max_hp_loss":7,"event_name":"Golden Idol","floor":14,"gold_loss":0}],"is_beta":false,"boss_relics":[{"not_picked":["Runic Cube","Velvet Choker"],"picked":"Mark of Pain"}],"items_purged_floors":[3],"is_endless":false,"potions_floor_spawned":[8,12,16,18,19],"killed_by":"Snecko","ascension_level":20}