{"gold_per_floor":[361,381,24,38,56,56,83,99,147,46,46],"floor_reached":11,"playtime":864,"items_purged":["Strike_G"],"score":150,"play_id":"bd6819ff-1c4a-4157-b0ee-2180218aa9e0","local_time":"20190704164919","is_ascension_mode":true,"campfire_choices":[{"floor":6,"key":"REST"}],"neow_cost":"PERCENT_DAMAGE","seed_source_timestamp":598227389092715,"circlet_count":0,"master_deck":["AscendersBane","Strike_G","Strike_G","Strike_G","Strike_G","Defend_G","Defend_G","Defend_G","Defend_G","Defend_G","Survivor","Neutralize","Poisoned Stab","Cloak And Dagger","Flying Knee","Flying Knee","Noxious Fumes","Backflip","Backflip","Dagger Spray"],"relics":["Ring of the Snake","Ice Cream","Vajra","Orichalcum"],"potions_floor_usage":[5],"damage_taken":[{"damage":11,"enemies":"Cultist","floor":1,"turns":6},{"damage":4,"enemies":"Jaw Worm","floor":2,"turns":5},{"damage":1,"enemies":"Small Slimes","floor":4,"turns":3},{"damage":0,"enemies":"Exordium Thugs","floor":5,"turns":4},{"damage":23,"enemies":"3 Sentries","floor":7,"turns":8},{"damage":15,"enemies":"Gremlin Gang","floor":8,"turns":5},{"damage":12,"enemies":"Lots of Slimes","floor":11,"turns":2}],"seed_played":"-4088682665972005418","potions_obtained":[{"floor":2,"key":"SpeedPotion"},{"floor":4,"key":"Energy Potion"}],"is_trial":false,"path_per_floor":["M","M","$","M","M","R","E","M","T","$","M"],"character_chosen":"THE_SILENT","items_purchased":["Ice Cream","Flying Knee","Dagger Spray"],"campfire_rested":1,"item_purchase_floors":[3,3,10],"current_hp_per_floor":[33,29,29,28,28,47,24,9,9,9,0],"gold":46,"neow_bonus":"TWO_FIFTY_GOLD","is_prod":false,"is_daily":false,"chose_seed":false,"campfire_upgraded":0,"win_rate":0,"timestamp":1562284159,"path_taken":["M","M","$","M","M","R","E","?","T","?","M"],"build_version":"2019-07-01","purchased_purges":1,"victory":false,"max_hp_per_floor":[66,66,66,66,66,66,66,66,66,66,66],"card_choices":[{"not_picked":["Sucker Punch","Setup"],"picked":"Poisoned Stab","floor":1},{"not_picked":["Escape Plan","Outmaneuver"],"picked":"Cloak And Dagger","floor":2},{"not_picked":["Acrobatics","Sucker Punch"],"picked":"Flying Knee","floor":4},{"not_picked":["Underhanded Strike","Masterful Stab"],"picked":"Noxious Fumes","floor":5},{"not_picked":["Grand Finale","Dash"],"picked":"Backflip","floor":7},{"not_picked":["Poisoned Stab","PiercingWail"],"picked":"Backflip","floor":8}],"player_experience":1411456,"relics_obtained":[{"floor":7,"key":"Vajra"},{"floor":9,"key":"Orichalcum"}],"event_choices":[],"is_beta":false,"boss_relics":[],"items_purged_floors":[10],"is_endless":false,"potions_floor_spawned":[2,4],"killed_by":"Lots of Slimes","ascension_level":20}