{"gold_per_floor":[115,115,195,212,13,48,58,87,112,124,149,161,206,218,230,344,356,381,393,405,22,41,41,41,41,41,61,61,87,98,111,111,215,215,229,629,644,662,673,673,703,715,715,715,715],"floor_reached":45,"playtime":4779,"items_purged":["Parasite"],"score":538,"play_id":"5a17fbc6-61ac-4ad4-a443-5dcadbc71a3f","local_time":"20190628183358","is_ascension_mode":false,"campfire_choices":[{"data":"Noxious Fumes","floor":10,"key":"SMITH"},{"data":"After Image","floor":12,"key":"SMITH"},{"data":"Setup","floor":15,"key":"SMITH"},{"floor":23,"key":"REST"},{"data":"Infinite Blades","floor":25,"key":"SMITH"},{"floor":32,"key":"REST"},{"floor":40,"key":"REST"}],"neow_cost":"NONE","seed_source_timestamp":501258904721537,"circlet_count":0,"master_deck":["Defend_G","Defend_G","Defend_G","Defend_G","Strike_G","Strike_G","Strike_G","Strike_G","Strike_G","Survivor","Neutralize","Setup+1","Noxious Fumes+1","Backflip","After Image+1","Quick Slash","Cloak And Dagger","Backflip","Dagger Throw","Storm of Steel","Infinite Blades+1","RitualDagger","Infinite Blades","Catalyst","Blur","Phantasmal Killer","Bane+1","Backstab","Accuracy","Blur+1"],"relics":["Ring of the Snake","NeowsBlessing","Letter Opener","Vajra","Blue Candle","Pear","MawBank","Smiling Mask","WristBlade","Membership Card","Strawberry","Nilry\u0027s Codex","Art of War","Regal Pillow","Sozu","Old Coin","Anchor","Lantern"],"potions_floor_usage":[33,33,41],"damage_taken":[{"damage":0,"enemies":"Jaw Worm","floor":1,"turns":1},{"damage":0,"enemies":"2 Louse","floor":4,"turns":1},{"damage":0,"enemies":"Lagavulin","floor":6,"turns":1},{"damage":4,"enemies":"Small Slimes","floor":7,"turns":5},{"damage":6,"enemies":"3 Sentries","floor":8,"turns":9},{"damage":0,"enemies":"Blue Slaver","floor":11,"turns":5},{"damage":20,"enemies":"Lagavulin","floor":13,"turns":9},{"damage":38,"enemies":"The Guardian","floor":16,"turns":11},{"damage":17,"enemies":"3 Byrds","floor":18,"turns":5},{"damage":8,"enemies":"Chosen","floor":22,"turns":4},{"damage":25,"enemies":"Shelled Parasite and Fungi","floor":27,"turns":5},{"damage":5,"enemies":"Snecko","floor":30,"turns":5},{"damage":14,"enemies":"Snake Plant","floor":31,"turns":5},{"damage":38,"enemies":"Collector","floor":33,"turns":13},{"damage":9,"enemies":"3 Shapes","floor":35,"turns":3},{"damage":0,"enemies":"Mind Bloom Boss Battle","floor":36,"turns":5},{"damage":14,"enemies":"3 Darklings","floor":37,"turns":5},{"damage":33,"enemies":"Sphere and 2 Shapes","floor":38,"turns":5},{"damage":28,"enemies":"Maw","floor":39,"turns":8},{"damage":38,"enemies":"Nemesis","floor":41,"turns":7},{"damage":0,"enemies":"4 Shapes","floor":42,"turns":6},{"damage":24,"enemies":"2 Orb Walkers","floor":45,"turns":5}],"seed_played":"6730415909120454504","potions_obtained":[{"floor":7,"key":"GhostInAJar"},{"floor":8,"key":"Ancient Potion"},{"floor":18,"key":"Ancient Potion"},{"floor":31,"key":"GhostInAJar"},{"floor":33,"key":"PowerPotion"}],"is_trial":false,"path_per_floor":["M","?","T","M","$","E","M","E","T","R","M","R","E","?","R","B",null,"M","?","?","$","M","R","?","R","T","M","?","T","M","M","R","B",null,"M","?","M","M","M","R","E","M","T","?","?"],"character_chosen":"THE_SILENT","items_purchased":["Vajra","Backflip","Infinite Blades","Membership Card","Catalyst","Strawberry"],"campfire_rested":3,"item_purchase_floors":[5,5,21,21,21,21],"current_hp_per_floor":[70,75,75,75,75,75,71,75,75,75,75,75,55,76,76,38,85,68,62,46,53,45,73,57,57,57,32,32,32,27,13,56,18,94,85,85,71,38,10,53,15,15,15,15,0],"gold":715,"neow_bonus":"THREE_ENEMY_KILL","is_prod":false,"is_daily":false,"chose_seed":false,"campfire_upgraded":4,"win_rate":0,"timestamp":1561772038,"path_taken":["M","?","?","M","$","E","M","E","T","R","M","R","E","?","R","BOSS","M","?","?","$","M","R","?","R","T","M","?","?","?","M","R","BOSS","M","?","M","M","M","R","E","M","T","?","?"],"build_version":"2019-01-23","purchased_purges":1,"victory":false,"max_hp_per_floor":[70,75,75,75,75,75,75,85,85,85,85,85,85,85,85,85,85,85,85,90,94,94,94,94,94,94,94,94,94,94,94,94,94,94,94,94,94,94,94,94,94,94,94,94,94],"card_choices":[{"not_picked":["Dodge and Roll","Flying Knee"],"picked":"Setup","floor":1},{"not_picked":["Dagger Spray","Poisoned Stab"],"picked":"Noxious Fumes","floor":4},{"not_picked":["Bane","Deadly Poison"],"picked":"After Image","floor":6},{"not_picked":["Underhanded Strike","Reflex"],"picked":"Quick Slash","floor":7},{"not_picked":["Venomology","Grand Finale"],"picked":"Cloak And Dagger","floor":8},{"not_picked":["Slice","Sucker Punch"],"picked":"Backflip","floor":11},{"not_picked":["Concentrate","PiercingWail"],"picked":"Dagger Throw","floor":13},{"not_picked":["Bullet Time","Burst"],"picked":"Storm of Steel","floor":16},{"not_picked":["Underhanded Strike","Escape Plan"],"picked":"Infinite Blades","floor":18},{"not_picked":["Backflip","Flying Knee","Quick Slash+1"],"picked":"SKIP","floor":22},{"not_picked":["Finisher","Quick Slash","Flying Knee"],"picked":"SKIP","floor":27},{"not_picked":["Endless Agony","Flying Knee"],"picked":"Blur","floor":30},{"not_picked":["Backflip","Slice","Acrobatics+1"],"picked":"SKIP","floor":31},{"not_picked":["Tools of the Trade","Burst"],"picked":"Phantasmal Killer","floor":33},{"not_picked":["Eviscerate","Slice"],"picked":"Bane+1","floor":35},{"not_picked":["Outmaneuver+1","Flying Knee+1","Malaise"],"picked":"SKIP","floor":37},{"not_picked":["Cloak And Dagger","Bane+1"],"picked":"Backstab","floor":38},{"not_picked":["Catalyst","Blur"],"picked":"Accuracy","floor":39},{"not_picked":["Sucker Punch","Flying Knee"],"picked":"Blur+1","floor":41},{"not_picked":["Sucker Punch+1","Deflect+1","Flying Knee+1"],"picked":"SKIP","floor":42}],"player_experience":223175,"relics_obtained":[{"floor":3,"key":"Letter Opener"},{"floor":6,"key":"Blue Candle"},{"floor":8,"key":"Pear"},{"floor":9,"key":"MawBank"},{"floor":13,"key":"Smiling Mask"},{"floor":24,"key":"Nilry\u0027s Codex"},{"floor":26,"key":"Art of War"},{"floor":29,"key":"Regal Pillow"},{"floor":36,"key":"Old Coin"},{"floor":41,"key":"Anchor"},{"floor":43,"key":"Lantern"}],"event_choices":[{"damage_healed":0,"gold_gain":0,"player_choice":"Donut","damage_taken":0,"max_hp_gain":5,"max_hp_loss":0,"event_name":"Big Fish","floor":2,"gold_loss":0},{"damage_healed":21,"gold_gain":0,"player_choice":"Healed and dodged fight","damage_taken":0,"max_hp_gain":0,"max_hp_loss":0,"event_name":"Mushrooms","floor":14,"gold_loss":0,"cards_obtained":["Parasite"]},{"damage_healed":0,"gold_gain":0,"player_choice":"Joined the Cult","damage_taken":6,"max_hp_gain":0,"max_hp_loss":0,"event_name":"Nest","floor":19,"gold_loss":0,"cards_obtained":["RitualDagger"]},{"damage_healed":0,"gold_gain":0,"player_choice":"Shed Blood","damage_taken":21,"max_hp_gain":5,"max_hp_loss":0,"event_name":"Forgotten Altar","floor":20,"gold_loss":0},{"damage_healed":0,"gold_gain":0,"player_choice":"Obtained Book","damage_taken":16,"max_hp_gain":0,"max_hp_loss":0,"event_name":"Cursed Tome","floor":24,"gold_loss":0},{"damage_healed":0,"gold_gain":0,"player_choice":"Fight","damage_taken":0,"max_hp_gain":0,"max_hp_loss":0,"event_name":"MindBloom","floor":36,"gold_loss":0},{"cards_removed":["Defend_G"],"damage_healed":0,"gold_gain":0,"player_choice":"Removed Skill","damage_taken":0,"max_hp_gain":0,"max_hp_loss":0,"event_name":"Falling","floor":44,"gold_loss":0},{"damage_healed":0,"gold_gain":0,"player_choice":"Fight","damage_taken":0,"max_hp_gain":0,"max_hp_loss":0,"event_name":"Mysterious Sphere","floor":45,"gold_loss":0}],"is_beta":false,"boss_relics":[{"not_picked":["Ring of the Serpent","Fusion Hammer"],"picked":"WristBlade"},{"not_picked":["Orrery","White Beast Statue"],"picked":"Sozu"}],"items_purged_floors":[21],"is_endless":false,"potions_floor_spawned":[7,8,18,31,33,35,42],"killed_by":"2 Orb Walkers","ascension_level":0}