{"gold_per_floor":[16,36,55,55,74,74,7,39,39,50,50,50,50,68,68,171,171,191,207,207,207,221,237,237,257,257,257,288,166,166,95,95,193,243,257,273,186,186],"floor_reached":38,"playtime":3079,"items_purged":["Decay"],"score":421,"play_id":"449a97ae-0049-46f2-917c-044fab0da97e","local_time":"20190711041345","is_ascension_mode":false,"campfire_choices":[{"data":"Neutralize","floor":6,"key":"SMITH"},{"data":"Noxious Fumes","floor":13,"key":"SMITH"},{"floor":15,"key":"RECALL"},{"floor":24,"key":"REST"},{"data":"Bouncing Flask","floor":30,"key":"SMITH"},{"floor":32,"key":"REST"}],"neow_cost":"NO_GOLD","seed_source_timestamp":39184813857100,"circlet_count":0,"master_deck":["Defend_G","Defend_G","Defend_G","Defend_G","Defend_G+1","Survivor","Neutralize+1","Bane","Prepared","PiercingWail","Deadly Poison","Deadly Poison","Noxious Fumes+1","Catalyst","Catalyst","Corpse Explosion","Bouncing Flask+1","Deadly Poison","Calculated Gamble","PiercingWail","Backflip","Blur","Night Terror","Cloak And Dagger+1","Dash+1","Catalyst","Cloak And Dagger"],"relics":["Ring of the Snake","Ornamental Fan","Empty Cage","Question Card","Blood Vial","Tiny House"],"potions_floor_usage":[8,23,23,28,33,38,38],"damage_taken":[{"damage":0,"enemies":"Jaw Worm","floor":1,"turns":7},{"damage":0,"enemies":"Cultist","floor":2,"turns":4},{"damage":1,"enemies":"2 Louse","floor":3,"turns":3},{"damage":0,"enemies":"2 Fungi Beasts","floor":5,"turns":4},{"damage":22,"enemies":"Gremlin Nob","floor":8,"turns":4},{"damage":6,"enemies":"Gremlin Gang","floor":10,"turns":4},{"damage":0,"enemies":"Exordium Wildlife","floor":14,"turns":3},{"damage":20,"enemies":"Hexaghost","floor":16,"turns":8},{"damage":1,"enemies":"Shell Parasite","floor":18,"turns":5},{"damage":9,"enemies":"Spheric Guardian","floor":19,"turns":5},{"damage":0,"enemies":"3 Cultists","floor":22,"turns":3},{"damage":25,"enemies":"Snecko","floor":23,"turns":5},{"damage":22,"enemies":"Centurion and Healer","floor":25,"turns":5},{"damage":26,"enemies":"Gremlin Leader","floor":28,"turns":7},{"damage":27,"enemies":"Champ","floor":33,"turns":6},{"damage":40,"enemies":"3 Shapes","floor":35,"turns":4},{"damage":17,"enemies":"3 Darklings","floor":36,"turns":5},{"damage":28,"enemies":"4 Shapes","floor":38,"turns":5}],"seed_played":"-6975925032442448692","potions_obtained":[{"floor":2,"key":"Strength Potion"},{"floor":10,"key":"GamblersBrew"},{"floor":16,"key":"Energy Potion"},{"floor":23,"key":"Fruit Juice"},{"floor":25,"key":"FearPotion"},{"floor":34,"key":"Swift Potion"},{"floor":35,"key":"AttackPotion"},{"floor":36,"key":"SteroidPotion"}],"is_trial":false,"path_per_floor":["M","M","M","?","M","R","$","E","T","M","?","?","R","M","R","B",null,"M","M","?","?","M","M","R","M","T","?","E","$","R","$","R","B",null,"M","M","$","M"],"character_chosen":"THE_SILENT","items_purchased":["Noxious Fumes","Backflip","Blur","Catalyst","Cloak And Dagger"],"campfire_rested":2,"item_purchase_floors":[7,29,31,37,37],"current_hp_per_floor":[70,70,69,69,69,69,69,47,47,41,41,41,41,41,41,21,70,69,60,60,60,60,40,62,40,40,40,14,14,14,14,36,11,80,40,25,25,0],"gold":186,"neow_bonus":"REMOVE_TWO","is_prod":false,"is_daily":false,"chose_seed":false,"campfire_upgraded":3,"win_rate":0,"timestamp":1562786025,"path_taken":["M","M","M","?","M","R","?","E","T","M","?","?","R","?","R","BOSS","M","?","?","?","M","M","R","M","T","?","E","$","R","$","R","BOSS","M","M","$","M"],"build_version":"2019-07-05","purchased_purges":1,"victory":false,"max_hp_per_floor":[70,70,70,70,70,70,70,70,70,70,70,70,70,70,70,70,70,70,70,70,70,70,75,75,75,75,75,75,75,75,75,75,75,80,80,80,80,80],"card_choices":[{"not_picked":["Outmaneuver","Acrobatics"],"picked":"Bane","floor":1},{"not_picked":["Slice","Accuracy"],"picked":"Prepared","floor":2},{"not_picked":["Escape Plan","Poisoned Stab"],"picked":"PiercingWail","floor":3},{"not_picked":["Underhanded Strike","Dagger Throw"],"picked":"Deadly Poison","floor":5},{"not_picked":["Acrobatics","Slice"],"picked":"Catalyst","floor":8},{"not_picked":["Dagger Spray","Envenom"],"picked":"Catalyst","floor":10},{"not_picked":["Choke","Tactician","Eviscerate"],"picked":"SKIP","floor":14},{"not_picked":["Doppelganger","Unload"],"picked":"Corpse Explosion","floor":16},{"not_picked":["Slice","Quick Slash","Choke"],"picked":"SKIP","floor":18},{"not_picked":["Underhanded Strike+1","Crippling Poison"],"picked":"Bouncing Flask","floor":19},{"not_picked":["Expertise","Dagger Throw+1"],"picked":"Deadly Poison","floor":22},{"not_picked":["Accuracy+1","Skewer+1"],"picked":"Calculated Gamble","floor":23},{"not_picked":["Flying Knee","Blade Dance","Outmaneuver"],"picked":"SKIP","floor":25},{"not_picked":["Tactician","Finisher+1","Tools of the Trade"],"picked":"PiercingWail","floor":28},{"not_picked":["Storm of Steel","Die Die Die","Wraith Form v2"],"picked":"Night Terror","floor":33},{"not_picked":["Prepared","Blade Dance","Slice"],"picked":"Cloak And Dagger+1","floor":34},{"not_picked":["Eviscerate+1","Deadly Poison+1","Prepared+1"],"picked":"Dash+1","floor":35},{"not_picked":["Masterful Stab","Dagger Spray","Caltrops+1","Deadly Poison+1"],"picked":"SKIP","floor":36}],"player_experience":104230,"relics_obtained":[{"floor":8,"key":"Ornamental Fan"},{"floor":26,"key":"Question Card"},{"floor":28,"key":"Blood Vial"}],"event_choices":[{"damage_healed":0,"gold_gain":0,"player_choice":"1 cards matched","damage_taken":0,"max_hp_gain":0,"max_hp_loss":0,"event_name":"Match and Keep!","floor":4,"gold_loss":0,"cards_obtained":["Deadly Poison"]},{"damage_healed":0,"gold_gain":0,"cards_transformed":["Strike_G"],"player_choice":"Change","damage_taken":0,"max_hp_gain":0,"max_hp_loss":0,"event_name":"Living Wall","floor":11,"gold_loss":0,"cards_obtained":["Tactician"]},{"cards_removed":["Strike_G"],"damage_healed":0,"gold_gain":0,"player_choice":"Card Removal","damage_taken":0,"max_hp_gain":0,"max_hp_loss":0,"event_name":"Wheel of Change","floor":12,"gold_loss":0},{"damage_healed":0,"gold_gain":0,"player_choice":"Ignored","damage_taken":0,"max_hp_gain":0,"max_hp_loss":0,"event_name":"Ghosts","floor":20,"gold_loss":0},{"damage_healed":0,"gold_gain":0,"player_choice":"Ignored","damage_taken":0,"max_hp_gain":0,"max_hp_loss":0,"event_name":"Vampires","floor":21,"gold_loss":0},{"damage_healed":0,"gold_gain":0,"player_choice":"Smashed Altar","damage_taken":0,"max_hp_gain":0,"max_hp_loss":0,"event_name":"Forgotten Altar","floor":27,"gold_loss":0,"cards_obtained":["Decay"]}],"is_beta":false,"boss_relics":[{"not_picked":["Runic Pyramid","Runic Dome"],"picked":"Empty Cage"},{"not_picked":["Calling Bell","Philosopher\u0027s Stone"],"picked":"Tiny House"}],"items_purged_floors":[29],"is_endless":false,"potions_floor_spawned":[2,10,16,23,25,35,36],"killed_by":"4 Shapes","ascension_level":0}