{"gold_per_floor":[116,146,156,170,187,222,222,253,278,293,303,303,303,313,313,415,415,430,457,301,315,330,330,348,348,348,348,348,348,178,188,188,284,284,298,315,326,250,250],"floor_reached":39,"playtime":2839,"items_purged":["Doubt","Parasite"],"score":395,"play_id":"afc1e444-acc9-4d48-8498-81243a8b526d","local_time":"20190710000532","is_ascension_mode":false,"campfire_choices":[{"floor":7,"key":"REST"},{"floor":12,"key":"REST"},{"floor":15,"key":"REST"},{"floor":23,"key":"REST"},{"floor":28,"key":"REST"},{"floor":32,"key":"REST"}],"neow_cost":"CURSE","seed_source_timestamp":1871933724710481,"circlet_count":0,"master_deck":["Strike_B","Strike_B","Strike_B","Strike_B","Defend_B","Defend_B","Defend_B+1","Defend_B","Zap","Dualcast+1","Sweeping Beam","Sweeping Beam","Lockon","Chill","Sweeping Beam","White Noise","Ball Lightning","Ball Lightning","Barrage","Capacitor","Echo Form","Redo+1","BootSequence","Glacier","Melter","Cold Snap+1","Creative AI","Cold Snap","Storm+1","Defragment"],"relics":["Cracked Core","Bird Faced Urn","Tiny Chest","War Paint","Potion Belt","Inserter","Red Mask","Pear","GremlinMask","Nuclear Battery"],"potions_floor_usage":[6,10,16,16,16,22,24,33,33,35],"damage_taken":[{"damage":0,"enemies":"Small Slimes","floor":1,"turns":4},{"damage":6,"enemies":"2 Louse","floor":3,"turns":3},{"damage":1,"enemies":"Cultist","floor":4,"turns":3},{"damage":17,"enemies":"Exordium Thugs","floor":5,"turns":4},{"damage":31,"enemies":"3 Sentries","floor":6,"turns":5},{"damage":31,"enemies":"Lagavulin","floor":8,"turns":7},{"damage":0,"enemies":"Blue Slaver","floor":10,"turns":3},{"damage":0,"enemies":"3 Louse","floor":11,"turns":2},{"damage":13,"enemies":"Lots of Slimes","floor":14,"turns":2},{"damage":24,"enemies":"Slime Boss","floor":16,"turns":6},{"damage":25,"enemies":"Spheric Guardian","floor":18,"turns":5},{"damage":20,"enemies":"Masked Bandits","floor":19,"turns":4},{"damage":9,"enemies":"3 Byrds","floor":21,"turns":3},{"damage":17,"enemies":"Cultist and Chosen","floor":22,"turns":5},{"damage":15,"enemies":"Snake Plant","floor":24,"turns":4},{"damage":12,"enemies":"Centurion and Healer","floor":31,"turns":6},{"damage":29,"enemies":"Champ","floor":33,"turns":13},{"damage":36,"enemies":"Orb Walker","floor":35,"turns":4},{"damage":57,"enemies":"3 Shapes","floor":36,"turns":11},{"damage":10,"enemies":"Sphere and 2 Shapes","floor":37,"turns":3},{"damage":28,"enemies":"Transient","floor":39,"turns":5}],"seed_played":"-4383415938881896166","potions_obtained":[{"floor":4,"key":"FocusPotion"},{"floor":6,"key":"Fire Potion"},{"floor":10,"key":"SteroidPotion"},{"floor":11,"key":"EntropicBrew"},{"floor":22,"key":"FocusPotion"},{"floor":24,"key":"LiquidBronze"},{"floor":31,"key":"FocusPotion"},{"floor":37,"key":"FocusPotion"}],"is_trial":false,"path_per_floor":["M","?","M","M","M","E","R","E","T","M","M","R","?","M","R","B",null,"M","?","$","M","M","R","M","?","T","?","R","?","$","M","R","B",null,"M","M","M","$","M"],"character_chosen":"DEFECT","items_purchased":["Echo Form","Melter","Defragment"],"campfire_rested":6,"item_purchase_floors":[20,30,38],"current_hp_per_floor":[75,72,66,65,48,17,39,8,8,8,8,30,48,35,57,43,75,50,32,32,25,12,34,23,23,33,17,44,44,44,36,62,41,87,61,14,14,14,0],"gold":250,"neow_bonus":"ONE_RARE_RELIC","is_prod":false,"is_daily":false,"chose_seed":false,"campfire_upgraded":0,"win_rate":0,"timestamp":1562735132,"path_taken":["M","?","M","M","M","E","R","E","T","M","M","R","?","M","R","BOSS","M","?","$","M","M","R","M","?","T","?","R","?","$","M","R","BOSS","M","M","M","$","?"],"build_version":"2019-07-05","purchased_purges":2,"victory":false,"max_hp_per_floor":[75,75,75,75,75,75,75,75,75,75,75,75,75,75,75,75,75,75,75,75,75,75,75,75,75,85,90,90,90,87,87,87,87,87,87,87,87,87,87],"card_choices":[{"not_picked":["Cold Snap","Hologram","FTL"],"picked":"SKIP","floor":1},{"not_picked":["Scrape","Machine Learning"],"picked":"Sweeping Beam","floor":3},{"not_picked":["Compile Driver","Reprogram"],"picked":"Sweeping Beam","floor":4},{"not_picked":["Gash","Scrape"],"picked":"Lockon","floor":5},{"not_picked":["Steam","Streamline"],"picked":"Chill","floor":6},{"not_picked":["FTL","Go for the Eyes"],"picked":"Sweeping Beam","floor":8},{"not_picked":["Sweeping Beam","Streamline"],"picked":"White Noise","floor":10},{"not_picked":["Recycle","Barrage"],"picked":"Ball Lightning","floor":11},{"not_picked":["Sweeping Beam","Rebound"],"picked":"Ball Lightning","floor":14},{"not_picked":["Gash","Steam+1"],"picked":"Barrage","floor":18},{"not_picked":["Redo","Turbo+1"],"picked":"Capacitor","floor":19},{"not_picked":["Gash","Hologram"],"picked":"Redo+1","floor":21},{"not_picked":["Tempest+1","Go for the Eyes"],"picked":"BootSequence","floor":22},{"not_picked":["Conserve Battery","Stack"],"picked":"Glacier","floor":24},{"not_picked":["Hologram","FTL+1"],"picked":"Cold Snap+1","floor":31},{"not_picked":["Hyperbeam","Rainbow"],"picked":"Creative AI","floor":33},{"not_picked":["Redo+1","Leap"],"picked":"Cold Snap","floor":35},{"not_picked":["Ball Lightning+1","Sweeping Beam+1"],"picked":"Storm+1","floor":36},{"not_picked":["Cold Snap","Force Field","Reprogram+1"],"picked":"SKIP","floor":37}],"player_experience":314728,"relics_obtained":[{"floor":6,"key":"War Paint"},{"floor":8,"key":"Potion Belt"},{"floor":19,"key":"Red Mask"},{"floor":26,"key":"Pear"}],"event_choices":[{"damage_healed":0,"gold_gain":0,"player_choice":"Success","damage_taken":3,"relics_obtained":["Tiny Chest"],"max_hp_gain":0,"max_hp_loss":0,"event_name":"Scrap Ooze","floor":2,"gold_loss":0},{"damage_healed":18,"gold_gain":0,"player_choice":"Healed and dodged fight","damage_taken":0,"max_hp_gain":0,"max_hp_loss":0,"event_name":"Mushrooms","floor":13,"gold_loss":0,"cards_obtained":["Parasite"]},{"damage_healed":0,"gold_gain":0,"player_choice":"Fought Bandits","damage_taken":0,"max_hp_gain":0,"max_hp_loss":0,"event_name":"Masked Bandits","floor":19,"gold_loss":0},{"damage_healed":0,"gold_gain":0,"player_choice":"Ignored","damage_taken":0,"max_hp_gain":0,"max_hp_loss":0,"event_name":"Ghosts","floor":25,"gold_loss":0},{"damage_healed":0,"gold_gain":0,"player_choice":"Shed Blood","damage_taken":21,"max_hp_gain":5,"max_hp_loss":0,"event_name":"Forgotten Altar","floor":27,"gold_loss":0},{"damage_healed":0,"gold_gain":0,"player_choice":"Trade","damage_taken":0,"relics_obtained":["GremlinMask"],"max_hp_gain":0,"max_hp_loss":0,"event_name":"FaceTrader","floor":29,"gold_loss":0}],"is_beta":false,"boss_relics":[{"not_picked":["Astrolabe","Cursed Key"],"picked":"Inserter"},{"not_picked":["Coffee Dripper","Orrery"],"picked":"Nuclear Battery"}],"items_purged_floors":[20,30],"is_endless":false,"potions_floor_spawned":[4,6,10,11,22,24,31,33,37],"killed_by":"Transient","ascension_level":0}