{"gold_per_floor":[214,234,6,6,25,57,68,88,142,174,174,174,189,154,154,154],"floor_reached":16,"playtime":1094,"items_purged":["Defend_R"],"score":183,"play_id":"f5e6a969-dec9-4298-a2aa-27019fad2bfa","local_time":"20181111170515","is_ascension_mode":true,"campfire_choices":[{"data":"True Grit","floor":11,"key":"SMITH"},{"floor":15,"key":"REST"}],"neow_cost":"NONE","seed_source_timestamp":189106475860000,"circlet_count":0,"master_deck":["AscendersBane","Strike_R","Strike_R","Strike_R","Strike_R","Strike_R","Defend_R","Defend_R","Defend_R","Bash","True Grit+1","Rage","Pommel Strike","Pommel Strike","Feed","Wild Strike","Cleave","Rampage","Second Wind"],"relics":["Burning Blood","Anchor","Dream Catcher","Centennial Puzzle","Gremlin Horn"],"potions_floor_usage":[6,7,10,12,12],"damage_taken":[{"damage":14,"enemies":"Jaw Worm","floor":1,"turns":5},{"damage":3,"enemies":"Cultist","floor":2,"turns":4},{"damage":0,"enemies":"Small Slimes","floor":5,"turns":3},{"damage":40,"enemies":"3 Sentries","floor":6,"turns":10},{"damage":0,"enemies":"Red Slaver","floor":7,"turns":2},{"damage":6,"enemies":"Exordium Wildlife","floor":8,"turns":5},{"damage":8,"enemies":"Gremlin Nob","floor":10,"turns":3},{"damage":32,"enemies":"Lagavulin","floor":12,"turns":6},{"damage":1,"enemies":"Looter","floor":13,"turns":2},{"damage":75,"enemies":"The Guardian","floor":16,"turns":15}],"seed_played":"4758268110952214272","potions_obtained":[{"floor":2,"key":"AttackPotion"},{"floor":4,"key":"AttackPotion"},{"floor":4,"key":"SmokeBomb"},{"floor":4,"key":"Strength Potion"},{"floor":6,"key":"Dexterity Potion"},{"floor":8,"key":"Poison Potion"}],"is_trial":false,"path_per_floor":["M","M","$","?","M","E","M","M","T","E","R","E","M","?","R","B"],"character_chosen":"IRONCLAD","items_purchased":["Anchor"],"campfire_rested":1,"item_purchase_floors":[3],"current_hp_per_floor":[64,67,67,67,73,39,45,48,48,46,46,20,28,49,74,0],"gold":154,"neow_bonus":"HUNDRED_GOLD","is_prod":false,"is_daily":false,"chose_seed":false,"campfire_upgraded":1,"win_rate":0,"timestamp":1541984715,"path_taken":["M","M","$","?","M","E","M","M","T","E","R","E","?","?","R","BOSS"],"build_version":"2018-11-08","purchased_purges":1,"victory":false,"max_hp_per_floor":[80,80,80,80,80,80,80,83,83,83,83,83,86,86,86,86],"card_choices":[{"not_picked":["Havoc","Fire Breathing"],"picked":"True Grit","floor":1},{"not_picked":["Heavy Blade","Thunderclap"],"picked":"Rage","floor":2},{"not_picked":["Rupture","Thunderclap"],"picked":"Pommel Strike","floor":5},{"not_picked":["Flex","Dropkick"],"picked":"Pommel Strike","floor":6},{"not_picked":["Second Wind","Body Slam"],"picked":"Feed","floor":7},{"not_picked":["Clothesline","Clash"],"picked":"Wild Strike","floor":8},{"not_picked":["Anger","Brutality"],"picked":"Cleave","floor":10},{"not_picked":["Flame Barrier","Corruption"],"picked":"Rampage","floor":13},{"not_picked":["Sword Boomerang","Infernal Blade"],"picked":"Second Wind","floor":15}],"player_experience":352151,"relics_obtained":[{"floor":6,"key":"Dream Catcher"},{"floor":9,"key":"Centennial Puzzle"},{"floor":10,"key":"Gremlin Horn"}],"event_choices":[{"damage_healed":0,"gold_gain":0,"player_choice":"Got Potions","damage_taken":0,"max_hp_gain":0,"max_hp_loss":0,"event_name":"Lab","floor":4,"gold_loss":0},{"damage_healed":21,"gold_gain":0,"player_choice":"Healed","damage_taken":0,"max_hp_gain":0,"max_hp_loss":0,"event_name":"The Cleric","floor":14,"gold_loss":35}],"is_beta":false,"boss_relics":[],"items_purged_floors":[3],"is_endless":false,"potions_floor_spawned":[2,6,8,12],"killed_by":"The Guardian","ascension_level":10}