{"gold_per_floor":[115,115,135,154,154,154,181,181,211,211,236,246,275,287,287,366,366,380,380,394,5,5,5,37,52,52,66,126,176,245,276,276,350,350,366,470,795,858,1008,1038,1038,1088,1088,1103,1103,1103],"floor_reached":46,"playtime":4158,"items_purged":[],"score":1052,"play_id":"ddc2f2e9-c937-47e7-bdd8-7f85451c87c7","local_time":"20190617185310","is_ascension_mode":true,"campfire_choices":[{"floor":6,"key":"REST"},{"data":"Genetic Algorithm","floor":10,"key":"SMITH"},{"floor":15,"key":"REST"},{"data":"Machine Learning","floor":23,"key":"SMITH"},{"data":"Consume","floor":32,"key":"SMITH"},{"floor":41,"key":"RECALL"},{"data":"Reboot","floor":45,"key":"SMITH"}],"neow_cost":"NONE","seed_source_timestamp":2704656756115664,"circlet_count":0,"master_deck":["AscendersBane","Strike_B","Strike_B","Strike_B","Strike_B","Defend_B+1","Defend_B+1","Defend_B+1","Defend_B","Zap+1","Dualcast","Cold Snap","Consume+1","Ball Lightning","Genetic Algorithm+1","Compile Driver","Sweeping Beam","Machine Learning+1","FTL+1","Coolheaded","Electrodynamics","Coolheaded","Reboot+1","Loop+1","Gash","Turbo","Biased Cognition+1","Conserve Battery+1","Regret","Sweeping Beam","Conserve Battery","Glacier"],"relics":["Cracked Core","Happy Flower","WarpedTongs","Cables","Spirit Poop","Tiny Chest","Shuriken","War Paint","Nuclear Battery","Sundial","Mummified Hand","SsserpentHead","Boot","Frozen Egg 2","Calipers","Pantograph","Busted Crown","Ice Cream","Girya","Strawberry"],"potions_floor_usage":[13,16,27,33,33,36,46],"damage_taken":[{"damage":2,"enemies":"Jaw Worm","floor":1,"turns":3},{"damage":2,"enemies":"Cultist","floor":3,"turns":3},{"damage":13,"enemies":"Small Slimes","floor":4,"turns":3},{"damage":2,"enemies":"Lagavulin","floor":7,"turns":6},{"damage":8,"enemies":"3 Sentries","floor":11,"turns":7},{"damage":0,"enemies":"2 Fungi Beasts","floor":12,"turns":3},{"damage":14,"enemies":"Gremlin Nob","floor":13,"turns":3},{"damage":12,"enemies":"Red Slaver","floor":14,"turns":3},{"damage":18,"enemies":"Slime Boss","floor":16,"turns":7},{"damage":17,"enemies":"3 Byrds","floor":18,"turns":4},{"damage":0,"enemies":"Chosen","floor":20,"turns":4},{"damage":9,"enemies":"Book of Stabbing","floor":24,"turns":5},{"damage":0,"enemies":"Sentry and Sphere","floor":25,"turns":4},{"damage":0,"enemies":"Snake Plant","floor":27,"turns":4},{"damage":0,"enemies":"Cultist and Chosen","floor":28,"turns":4},{"damage":0,"enemies":"Centurion and Healer","floor":30,"turns":5},{"damage":0,"enemies":"Gremlin Leader","floor":31,"turns":4},{"damage":0,"enemies":"Champ","floor":33,"turns":8},{"damage":0,"enemies":"3 Shapes","floor":35,"turns":5},{"damage":24,"enemies":"2 Orb Walkers","floor":36,"turns":4},{"damage":1,"enemies":"Orb Walker","floor":38,"turns":3},{"damage":4,"enemies":"Mind Bloom Boss Battle","floor":39,"turns":7},{"damage":14,"enemies":"Giant Head","floor":40,"turns":8},{"damage":4,"enemies":"Transient","floor":44,"turns":5},{"damage":71,"enemies":"Reptomancer","floor":46,"turns":2}],"seed_played":"-6328758009358445856","potions_obtained":[{"floor":3,"key":"GamblersBrew"},{"floor":11,"key":"Energy Potion"},{"floor":12,"key":"FearPotion"},{"floor":13,"key":"Swift Potion"},{"floor":18,"key":"Explosive Potion"},{"floor":24,"key":"PowerPotion"},{"floor":27,"key":"FearPotion"},{"floor":28,"key":"AttackPotion"},{"floor":35,"key":"Swift Potion"},{"floor":36,"key":"FocusPotion"},{"floor":40,"key":"FearPotion"}],"is_trial":false,"path_per_floor":["M","?","M","M","?","R","E","?","T","R","E","M","E","M","R","B",null,"M","T","M","$","?","R","E","M","T","M","M","T","M","E","R","B",null,"M","?","?","M","?","E","R","?","T","M","R","E"],"character_chosen":"DEFECT","items_purchased":["Mummified Hand","Electrodynamics"],"campfire_rested":2,"item_purchase_floors":[21,21],"current_hp_per_floor":[66,66,64,51,36,58,56,56,56,56,48,48,34,22,44,26,63,46,46,46,46,46,46,37,37,37,37,37,37,37,37,37,62,72,72,48,48,47,68,61,61,61,61,57,57,0],"gold":1103,"neow_bonus":"RANDOM_COMMON_RELIC","is_prod":false,"is_daily":false,"chose_seed":false,"campfire_upgraded":4,"win_rate":0,"timestamp":1560822790,"path_taken":["M","?","M","?","?","R","E","?","T","R","E","M","E","M","R","BOSS","M","?","M","?","?","R","E","M","T","M","?","?","?","E","R","BOSS","M","?","?","?","?","E","R","?","T","M","R","E"],"build_version":"2019-01-23","purchased_purges":0,"victory":false,"max_hp_per_floor":[75,75,75,75,75,75,75,75,75,75,75,75,75,75,75,75,75,75,75,75,75,75,75,75,75,75,75,75,75,75,75,75,75,75,75,75,75,75,75,82,82,82,82,82,82,82],"card_choices":[{"not_picked":["Rebound","Stack"],"picked":"Cold Snap","floor":1},{"not_picked":["Barrage","Beam Cell"],"picked":"Consume","floor":3},{"not_picked":["Auto Shields","Turbo"],"picked":"Ball Lightning","floor":4},{"not_picked":["Cold Snap","Aggregate"],"picked":"Genetic Algorithm","floor":7},{"not_picked":["Skim","Rip and Tear"],"picked":"Compile Driver","floor":11},{"not_picked":["Static Discharge","Redo","Heatsinks"],"picked":"SKIP","floor":12},{"not_picked":["Redo","White Noise"],"picked":"Sweeping Beam","floor":13},{"not_picked":["Stack","Storm"],"picked":"Chill","floor":14},{"not_picked":["Fission","All For One"],"picked":"Machine Learning","floor":16},{"not_picked":["Consume","Tempest"],"picked":"FTL+1","floor":18},{"not_picked":["Beam Cell","Reprogram"],"picked":"Coolheaded","floor":20},{"not_picked":["Rebound","Beam Cell"],"picked":"Coolheaded","floor":24},{"not_picked":["Steam+1","Turbo","Beam Cell"],"picked":"SKIP","floor":25},{"not_picked":["Steam Power","Scrape"],"picked":"Reboot","floor":27},{"not_picked":["Streamline+1","Rip and Tear"],"picked":"Loop+1","floor":28},{"not_picked":["Cold Snap","Streamline"],"picked":"Gash","floor":30},{"not_picked":["Stack","Static Discharge+1"],"picked":"Turbo","floor":31},{"not_picked":["Amplify","Core Surge"],"picked":"Biased Cognition+1","floor":33},{"not_picked":["Melter"],"picked":"SKIP","floor":35},{"not_picked":[],"picked":"Conserve Battery+1","floor":36},{"not_picked":[],"picked":"Sweeping Beam","floor":38},{"not_picked":[],"picked":"Conserve Battery","floor":39},{"not_picked":["Steam Power"],"picked":"SKIP","floor":40},{"not_picked":[],"picked":"Glacier","floor":44}],"player_experience":1259749,"relics_obtained":[{"floor":7,"key":"Cables"},{"floor":9,"key":"Tiny Chest"},{"floor":11,"key":"Shuriken"},{"floor":13,"key":"War Paint"},{"floor":19,"key":"Sundial"},{"floor":24,"key":"Boot"},{"floor":26,"key":"Frozen Egg 2"},{"floor":29,"key":"Calipers"},{"floor":31,"key":"Pantograph"},{"floor":36,"key":"Ice Cream"},{"floor":39,"key":"Girya"},{"floor":40,"key":"Strawberry"}],"event_choices":[{"damage_healed":0,"gold_gain":0,"player_choice":"Rummage","damage_taken":0,"relics_obtained":["WarpedTongs"],"max_hp_gain":0,"max_hp_loss":0,"event_name":"Accursed Blacksmith","floor":2,"gold_loss":0,"cards_obtained":["Pain"]},{"damage_healed":0,"gold_gain":0,"player_choice":"Entered Light","damage_taken":15,"max_hp_gain":0,"max_hp_loss":0,"event_name":"Shining Light","floor":5,"gold_loss":0,"cards_upgraded":["Defend_B","Defend_B"]},{"cards_removed":["Pain"],"damage_healed":0,"gold_gain":0,"player_choice":"Offered Curse","damage_taken":0,"relics_obtained":["Spirit Poop"],"max_hp_gain":0,"max_hp_loss":0,"event_name":"Bonfire Elementals","floor":8,"gold_loss":0},{"damage_healed":0,"gold_gain":0,"player_choice":"Trade","damage_taken":0,"relics_obtained":["SsserpentHead"],"max_hp_gain":0,"max_hp_loss":0,"event_name":"FaceTrader","floor":22,"gold_loss":0},{"damage_healed":0,"gold_gain":0,"player_choice":"Fight","damage_taken":0,"max_hp_gain":0,"max_hp_loss":0,"event_name":"Mysterious Sphere","floor":36,"gold_loss":0},{"damage_healed":0,"gold_gain":275,"player_choice":"Desecrate","damage_taken":0,"max_hp_gain":0,"max_hp_loss":0,"event_name":"Golden Shrine","floor":37,"gold_loss":0,"cards_obtained":["Regret"]},{"damage_healed":0,"gold_gain":0,"player_choice":"Fight","damage_taken":0,"max_hp_gain":0,"max_hp_loss":0,"event_name":"MindBloom","floor":39,"gold_loss":0},{"cards_removed":["Chill"],"damage_healed":0,"gold_gain":0,"player_choice":"Removed Skill","damage_taken":0,"max_hp_gain":0,"max_hp_loss":0,"event_name":"Falling","floor":42,"gold_loss":0}],"is_beta":false,"boss_relics":[{"not_picked":["Eternal Feather","Lizard Tail"],"picked":"Nuclear Battery"},{"not_picked":["Snecko Eye","Philosopher\u0027s Stone"],"picked":"Busted Crown"}],"items_purged_floors":[],"is_endless":false,"potions_floor_spawned":[3,11,12,13,18,24,27,28,31,35,36,40,44],"killed_by":"Reptomancer","ascension_level":13}