{"gold_per_floor":[113,128,228,183,194,223,238,272,296,371,384,403,422,438,438,536,536,546,562,562,562,130,130,162,162,162,162,162,197,216,230,230,327,327,342,342,1341,1357,1367,1367,1367],"floor_reached":41,"playtime":5827,"items_purged":[],"score":515,"play_id":"002fa9ce-174e-47f3-ac5b-dd1132be287d","local_time":"20190708150437","is_ascension_mode":true,"campfire_choices":[{"floor":15,"key":"REST"},{"floor":23,"key":"REST"},{"floor":25,"key":"REST"},{"floor":28,"key":"REST"},{"floor":32,"key":"REST"},{"floor":40,"key":"REST"}],"neow_cost":"NONE","seed_source_timestamp":1750093135003004,"circlet_count":0,"master_deck":["Strike_R+1","Strike_R+1","Strike_R","Strike_R","Strike_R","Defend_R","Defend_R","Defend_R","Defend_R","Bash","Anger","Twin Strike","Flex","Ghostly Armor","Cleave","Cleave","Anger","Flex","Barricade","Ghostly Armor","Iron Wave","Rage","Shrug It Off+1","Body Slam","Inflame","Shrug It Off","Impervious","Bash","Twin Strike+1","Berserk","Shrug It Off+1","Heavy Blade+1"],"relics":["Black Blood","Whetstone","Bag of Preparation","Orrery","Enchiridion","Shuriken","Anchor","Omamori","Letter Opener","Gremlin Horn"],"potions_floor_usage":[6,8,8,12,12,13,16,16,18,18,19,31,31,39,41],"damage_taken":[{"damage":20,"enemies":"Jaw Worm","floor":1,"turns":6},{"damage":1,"enemies":"Cultist","floor":2,"turns":4},{"damage":2,"enemies":"Small Slimes","floor":5,"turns":4},{"damage":27,"enemies":"3 Sentries","floor":6,"turns":8},{"damage":8,"enemies":"Blue Slaver","floor":7,"turns":4},{"damage":13,"enemies":"Gremlin Nob","floor":8,"turns":3},{"damage":0,"enemies":"Exordium Wildlife","floor":11,"turns":2},{"damage":8,"enemies":"Large Slime","floor":12,"turns":3},{"damage":1,"enemies":"2 Fungi Beasts","floor":13,"turns":2},{"damage":1,"enemies":"Looter","floor":14,"turns":2},{"damage":53,"enemies":"Hexaghost","floor":16,"turns":8},{"damage":22,"enemies":"2 Thieves","floor":18,"turns":4},{"damage":25,"enemies":"Chosen","floor":19,"turns":9},{"damage":42,"enemies":"Book of Stabbing","floor":24,"turns":7},{"damage":49,"enemies":"Slavers","floor":29,"turns":6},{"damage":14,"enemies":"Centurion and Healer","floor":30,"turns":9},{"damage":8,"enemies":"Snake Plant","floor":31,"turns":6},{"damage":42,"enemies":"Automaton","floor":33,"turns":11},{"damage":22,"enemies":"Orb Walker","floor":35,"turns":5},{"damage":55,"enemies":"3 Shapes","floor":38,"turns":5},{"damage":19,"enemies":"Sphere and 2 Shapes","floor":39,"turns":4},{"damage":52,"enemies":"Giant Head","floor":41,"turns":8}],"seed_played":"2422942410679045707","potions_obtained":[{"floor":0,"key":"FearPotion"},{"floor":0,"key":"Explosive Potion"},{"floor":0,"key":"EntropicBrew"},{"floor":7,"key":"FearPotion"},{"floor":11,"key":"SkillPotion"},{"floor":14,"key":"SteroidPotion"},{"floor":16,"key":"AttackPotion"},{"floor":18,"key":"Swift Potion"},{"floor":24,"key":"BloodPotion"},{"floor":29,"key":"Fire Potion"},{"floor":35,"key":"SteroidPotion"},{"floor":39,"key":"AttackPotion"}],"is_trial":false,"path_per_floor":["M","M","?","$","M","E","M","E","T","?","M","M","M","M","R","B",null,"M","M","?","?","$","R","E","R","T","?","R","E","M","M","R","B",null,"M","?","?","M","M","R","E"],"character_chosen":"IRONCLAD","items_purchased":["Twin Strike","Shuriken","Anchor","Shrug It Off"],"campfire_rested":6,"item_purchase_floors":[4,22,22,22],"current_hp_per_floor":[66,71,71,71,75,54,52,45,45,34,40,38,48,53,77,30,80,64,45,29,29,29,53,17,41,41,41,65,22,14,32,56,20,80,68,68,68,23,14,38,0],"gold":1367,"neow_bonus":"THREE_SMALL_POTIONS","is_prod":false,"is_daily":false,"chose_seed":false,"campfire_upgraded":0,"win_rate":0,"timestamp":1562616277,"path_taken":["M","M","?","$","?","E","M","E","T","?","M","M","M","M","R","BOSS","M","M","?","?","$","R","E","R","T","?","R","E","M","?","R","BOSS","M","?","?","M","M","R","E"],"build_version":"2019-07-05","purchased_purges":0,"victory":false,"max_hp_per_floor":[80,80,80,80,80,80,80,80,80,80,80,80,80,80,80,80,80,80,80,80,80,80,80,80,80,80,80,80,80,80,80,80,80,80,80,80,80,80,80,80,80],"card_choices":[{"not_picked":["Wild Strike","Sword Boomerang","Feel No Pain"],"picked":"SKIP","floor":1},{"not_picked":["Shrug It Off","Body Slam"],"picked":"Anger","floor":2},{"not_picked":["Anger","Iron Wave"],"picked":"Flex","floor":5},{"not_picked":["Flame Barrier","Combust"],"picked":"Ghostly Armor","floor":6},{"not_picked":["Rupture","Twin Strike"],"picked":"Cleave","floor":7},{"not_picked":["Rampage","Juggernaut"],"picked":"Cleave","floor":8},{"not_picked":["Clash","Iron Wave"],"picked":"Anger","floor":11},{"not_picked":["Sentinel","Seeing Red"],"picked":"Flex","floor":12},{"not_picked":["Sword Boomerang","Searing Blow","Rampage"],"picked":"SKIP","floor":13},{"not_picked":["Dropkick","Wild Strike","Clash"],"picked":"SKIP","floor":14},{"not_picked":["Feed","Brutality"],"picked":"Barricade","floor":16},{"not_picked":["Headbutt","Rupture"],"picked":"Ghostly Armor","floor":17},{"not_picked":["Intimidate","True Grit"],"picked":"Iron Wave","floor":17},{"not_picked":["Twin Strike","Armaments"],"picked":"Rage","floor":17},{"not_picked":["Body Slam","Whirlwind"],"picked":"Shrug It Off+1","floor":18},{"not_picked":["Feel No Pain","Berserk"],"picked":"Body Slam","floor":19},{"not_picked":["Headbutt","Battle Trance+1","Pommel Strike"],"picked":"SKIP","floor":24},{"not_picked":["Searing Blow+1","Sentinel","Warcry"],"picked":"SKIP","floor":29},{"not_picked":["Warcry","Fire Breathing+1"],"picked":"Twin Strike+1","floor":30},{"not_picked":["Warcry","Havoc","Clash"],"picked":"SKIP","floor":31},{"not_picked":["Barricade","Bludgeon"],"picked":"Berserk","floor":33},{"not_picked":["Havoc","Flame Barrier"],"picked":"Shrug It Off+1","floor":35},{"not_picked":["Feel No Pain+1","Pommel Strike"],"picked":"Heavy Blade+1","floor":38},{"not_picked":["Infernal Blade","Warcry+1","Pommel Strike"],"picked":"SKIP","floor":39}],"player_experience":281954,"relics_obtained":[{"floor":6,"key":"Whetstone"},{"floor":8,"key":"Bag of Preparation"},{"floor":20,"key":"Enchiridion"},{"floor":24,"key":"Omamori"},{"floor":26,"key":"Letter Opener"},{"floor":29,"key":"Gremlin Horn"}],"event_choices":[{"damage_healed":0,"gold_gain":100,"player_choice":"Pray","damage_taken":0,"max_hp_gain":0,"max_hp_loss":0,"event_name":"Golden Shrine","floor":3,"gold_loss":0},{"damage_healed":0,"gold_gain":75,"player_choice":"Gather Gold","damage_taken":11,"max_hp_gain":0,"max_hp_loss":0,"event_name":"World of Goop","floor":10,"gold_loss":0},{"damage_healed":0,"gold_gain":0,"player_choice":"Obtained Book","damage_taken":16,"max_hp_gain":0,"max_hp_loss":0,"event_name":"Cursed Tome","floor":20,"gold_loss":0},{"damage_healed":0,"gold_gain":0,"player_choice":"Read","damage_taken":0,"max_hp_gain":0,"max_hp_loss":0,"event_name":"The Library","floor":21,"gold_loss":0,"cards_obtained":["Inflame"]},{"damage_healed":0,"gold_gain":0,"player_choice":"2 cards matched","damage_taken":0,"max_hp_gain":0,"max_hp_loss":0,"event_name":"Match and Keep!","floor":27,"gold_loss":0,"cards_obtained":["Impervious","Bash"]},{"damage_healed":0,"gold_gain":0,"player_choice":"Ignored","damage_taken":0,"max_hp_gain":0,"max_hp_loss":0,"event_name":"Tomb of Lord Red Mask","floor":36,"gold_loss":0},{"damage_healed":0,"gold_gain":999,"player_choice":"Gold","damage_taken":0,"max_hp_gain":0,"max_hp_loss":0,"event_name":"MindBloom","floor":37,"gold_loss":0,"cards_obtained":["Normality","Normality"]}],"is_beta":false,"boss_relics":[{"not_picked":["Astrolabe","Empty Cage"],"picked":"Orrery"},{"not_picked":["White Beast Statue","Pandora\u0027s Box"],"picked":"Black Blood"}],"items_purged_floors":[],"is_endless":false,"potions_floor_spawned":[7,11,13,14,16,18,24,29,35,39],"killed_by":"Giant Head","ascension_level":2}