{"gold_per_floor":[212,8,19,19,19,50,62,62,88,53,17,32,63,26,26,26],"floor_reached":16,"playtime":484,"items_purged":[],"score":184,"play_id":"92325417-3670-4daf-b7c7-27894e66994c","local_time":"20190704132908","is_ascension_mode":true,"campfire_choices":[{"floor":8,"key":"REST"},{"data":"Biased Cognition","floor":15,"key":"SMITH"}],"neow_cost":"NONE","seed_source_timestamp":586599818687191,"circlet_count":0,"master_deck":["AscendersBane","Strike_B","Strike_B","Strike_B","Strike_B","Defend_B","Defend_B","Defend_B+1","Defend_B","Zap","Dualcast+1","Ball Lightning","Compile Driver+1","Barrage","Loop","Doom and Gloom","Glacier","Conserve Battery","Biased Cognition+1","Self Repair"],"relics":["Cracked Core","Membership Card","Smiling Mask","Regal Pillow","Orichalcum"],"potions_floor_usage":[],"damage_taken":[{"damage":1,"enemies":"2 Louse","floor":1,"turns":3},{"damage":0,"enemies":"Small Slimes","floor":3,"turns":2},{"damage":30,"enemies":"Lagavulin","floor":6,"turns":5},{"damage":12,"enemies":"Jaw Worm","floor":7,"turns":2},{"damage":0,"enemies":"3 Louse","floor":12,"turns":3},{"damage":5,"enemies":"3 Sentries","floor":13,"turns":7},{"damage":23,"enemies":"The Guardian","floor":16,"turns":5}],"seed_played":"5846657435312479243","potions_obtained":[{"floor":3,"key":"SpeedPotion"},{"floor":7,"key":"FocusPotion"},{"floor":13,"key":"FocusPotion"}],"is_trial":false,"path_per_floor":["M","$","M","?","?","E","M","R","T","?","$","M","E","$","R","B"],"character_chosen":"DEFECT","items_purchased":["Membership Card","Compile Driver","Glacier","Self Repair"],"campfire_rested":1,"item_purchase_floors":[2,2,11,14],"current_hp_per_floor":[63,63,63,63,49,19,7,28,28,28,28,28,23,23,23,0],"gold":26,"neow_bonus":"HUNDRED_GOLD","is_prod":false,"is_daily":false,"chose_seed":false,"campfire_upgraded":1,"win_rate":0,"timestamp":1562272148,"path_taken":["M","$","M","?","?","E","M","R","T","?","?","M","E","$","R","BOSS"],"build_version":"2019-07-01","purchased_purges":0,"victory":false,"max_hp_per_floor":[71,71,71,71,71,71,71,71,71,71,71,71,71,71,71,71],"card_choices":[{"not_picked":["Barrage","BootSequence"],"picked":"Ball Lightning","floor":1},{"not_picked":["Steam","Storm"],"picked":"Barrage","floor":3},{"not_picked":["Steam","Recycle"],"picked":"Loop","floor":6},{"not_picked":["Stack","Compile Driver"],"picked":"Doom and Gloom","floor":7},{"not_picked":["Melter","Chill"],"picked":"Conserve Battery","floor":12},{"not_picked":["Recycle","Leap"],"picked":"Biased Cognition","floor":13}],"player_experience":1403706,"relics_obtained":[{"floor":6,"key":"Smiling Mask"},{"floor":9,"key":"Regal Pillow"},{"floor":13,"key":"Orichalcum"}],"event_choices":[{"damage_healed":0,"gold_gain":0,"player_choice":"Grow","damage_taken":0,"max_hp_gain":0,"max_hp_loss":0,"event_name":"Living Wall","floor":4,"gold_loss":0,"cards_upgraded":["Dualcast"]},{"damage_healed":0,"gold_gain":0,"player_choice":"Entered Light","damage_taken":14,"max_hp_gain":0,"max_hp_loss":0,"event_name":"Shining Light","floor":5,"gold_loss":0,"cards_upgraded":["Compile Driver","Defend_B"]},{"damage_healed":0,"gold_gain":0,"player_choice":"Left Gold","damage_taken":0,"max_hp_gain":0,"max_hp_loss":0,"event_name":"World of Goop","floor":10,"gold_loss":35}],"is_beta":false,"boss_relics":[],"items_purged_floors":[],"is_endless":false,"potions_floor_spawned":[3,7,13],"killed_by":"The Guardian","ascension_level":14}