{"gold_per_floor":[119,136,147,160,85,98,132,159,239,266,281,281,297,314,314,419,419,344,344,344,344,120,120,120,120,120,22,22,22],"floor_reached":29,"playtime":1967,"items_purged":["Strike_R","Strike_R"],"score":408,"play_id":"92690b01-b4df-4bc0-bbd1-2c9753e9b70a","local_time":"20181219131555","is_ascension_mode":true,"campfire_choices":[{"floor":12,"key":"REST"},{"floor":15,"key":"REST"},{"data":"Limit Break","floor":23,"key":"SMITH"},{"data":"Limit Break","floor":25,"key":"SMITH"}],"neow_cost":"NONE","seed_source_timestamp":3195338793691555,"circlet_count":0,"master_deck":["AscendersBane","Strike_R","Strike_R","Strike_R","Defend_R","Defend_R","Defend_R","Defend_R","Bash","Bludgeon","Cleave","Rampage","Shrug It Off","Spot Weakness","Warcry","Brutality","Shrug It Off","Limit Break+1","Whirlwind","Limit Break+1","Battle Trance+1","Panacea"],"relics":["Burning Blood","Ornamental Fan","Orichalcum","Question Card","Lantern","Ectoplasm","Bag of Preparation","Champion Belt"],"potions_floor_usage":[4,11,16,18,20,24],"damage_taken":[{"damage":0,"enemies":"Cultist","floor":1,"turns":2},{"damage":7,"enemies":"2 Louse","floor":2,"turns":3},{"damage":6,"enemies":"Small Slimes","floor":3,"turns":2},{"damage":9,"enemies":"Exordium Wildlife","floor":4,"turns":5},{"damage":19,"enemies":"3 Louse","floor":6,"turns":3},{"damage":18,"enemies":"Gremlin Nob","floor":7,"turns":4},{"damage":43,"enemies":"Lagavulin","floor":10,"turns":7},{"damage":9,"enemies":"Blue Slaver","floor":11,"turns":6},{"damage":6,"enemies":"Looter","floor":13,"turns":3},{"damage":7,"enemies":"2 Fungi Beasts","floor":14,"turns":4},{"damage":31,"enemies":"Slime Boss","floor":16,"turns":14},{"damage":27,"enemies":"2 Thieves","floor":18,"turns":4},{"damage":10,"enemies":"Shell Parasite","floor":19,"turns":7},{"damage":22,"enemies":"Colosseum Slavers","floor":20,"turns":4},{"damage":49,"enemies":"Book of Stabbing","floor":24,"turns":5},{"damage":11,"enemies":"Snake Plant","floor":29,"turns":2}],"seed_played":"-4726722877788306131","potions_obtained":[{"floor":1,"key":"AttackPotion"},{"floor":7,"key":"Ancient Potion"},{"floor":10,"key":"Swift Potion"},{"floor":11,"key":"LiquidBronze"},{"floor":13,"key":"PowerPotion"},{"floor":16,"key":"FearPotion"}],"is_trial":false,"path_per_floor":["M","M","M","M","$","M","E","T","T","E","M","R","M","M","R","B",null,"M","M","?","?","$","R","E","R","T","$","$","M"],"character_chosen":"IRONCLAD","items_purchased":["Limit Break","Block Potion","Panacea"],"campfire_rested":2,"item_purchase_floors":[22,22,27],"current_hp_per_floor":[78,77,77,74,74,61,49,49,49,12,9,33,33,32,56,31,68,47,43,27,53,53,53,10,10,10,10,10,0],"gold":22,"neow_bonus":"ONE_RANDOM_RARE_CARD","is_prod":false,"is_daily":false,"chose_seed":false,"campfire_upgraded":2,"win_rate":0,"timestamp":1545254155,"path_taken":["M","M","M","M","$","M","E","?","T","E","M","R","?","M","R","BOSS","M","M","?","?","$","R","E","R","T","?","$","M"],"build_version":"2018-12-13","purchased_purges":2,"victory":false,"max_hp_per_floor":[80,80,80,80,80,80,80,80,80,80,80,80,80,80,80,80,80,80,80,80,80,80,80,80,80,80,80,80,80],"card_choices":[{"not_picked":["Reckless Charge","Heavy Blade"],"picked":"Cleave","floor":1},{"not_picked":["Sword Boomerang","Entrench"],"picked":"Rampage","floor":2},{"not_picked":["Sword Boomerang","Flex"],"picked":"Shrug It Off","floor":3},{"not_picked":["Inflame","Searing Blow"],"picked":"Spot Weakness","floor":4},{"not_picked":["Cleave","Havoc","Heavy Blade"],"picked":"SKIP","floor":6},{"not_picked":["Clash","Cleave"],"picked":"Warcry","floor":7},{"not_picked":["Anger","Shockwave","Uppercut"],"picked":"Brutality","floor":10},{"not_picked":["Burning Pact","Cleave","Whirlwind"],"picked":"Shrug It Off","floor":11},{"not_picked":["Blood for Blood","Iron Wave","Cleave","Entrench"],"picked":"SKIP","floor":13},{"not_picked":["Metallicize","Carnage","Sword Boomerang","Dual Wield"],"picked":"SKIP","floor":14},{"not_picked":["Offering","Double Tap","Barricade"],"picked":"Limit Break","floor":16},{"not_picked":["Clash","Cleave+1","Searing Blow+1","Wild Strike"],"picked":"SKIP","floor":18},{"not_picked":["Wild Strike","Twin Strike","Shrug It Off+1"],"picked":"Whirlwind","floor":19},{"not_picked":["Immolate","Warcry","Flex+1"],"picked":"Battle Trance+1","floor":24}],"player_experience":480534,"relics_obtained":[{"floor":7,"key":"Ornamental Fan"},{"floor":8,"key":"Orichalcum"},{"floor":9,"key":"Question Card"},{"floor":10,"key":"Lantern"},{"floor":24,"key":"Bag of Preparation"},{"floor":26,"key":"Champion Belt"}],"event_choices":[{"damage_healed":0,"gold_gain":0,"player_choice":"Fight","damage_taken":0,"max_hp_gain":0,"max_hp_loss":0,"event_name":"Colosseum","floor":20,"gold_loss":0},{"damage_healed":0,"gold_gain":0,"player_choice":"Fled From Nobs","damage_taken":0,"max_hp_gain":0,"max_hp_loss":0,"event_name":"Colosseum","floor":20,"gold_loss":0},{"damage_healed":26,"gold_gain":0,"player_choice":"Heal","damage_taken":0,"max_hp_gain":0,"max_hp_loss":0,"event_name":"The Library","floor":21,"gold_loss":0}],"is_beta":false,"boss_relics":[{"not_picked":["Empty Cage","Black Star"],"picked":"Ectoplasm"}],"items_purged_floors":[5,22],"is_endless":false,"potions_floor_spawned":[1,7,10,11,13,16],"killed_by":"Snake Plant","ascension_level":12}