{"gold_per_floor":[13,13,88,38,38,38,55,110,136,153,186,186,206,238,238,238],"floor_reached":16,"playtime":754,"items_purged":[],"score":113,"play_id":"375f29fa-bed7-46cd-9354-f4410b234cfb","local_time":"20190406191331","is_ascension_mode":true,"campfire_choices":[{"data":"Zap","floor":6,"key":"SMITH"},{"floor":12,"key":"REST"},{"data":"Defragment","floor":15,"key":"SMITH"}],"neow_cost":"NO_GOLD","seed_source_timestamp":53295752028902,"circlet_count":0,"master_deck":["Strike_B","Defend_B","Defend_B","Defend_B+1","Defend_B","Zap+1","Dualcast+1","Self Repair","Force Field","Defragment+1","White Noise","Leap","Loop+1"],"relics":["Cracked Core","War Paint","DataDisk","Frozen Egg 2","Ancient Tea Set"],"potions_floor_usage":[8,14],"damage_taken":[{"damage":2,"enemies":"Jaw Worm","floor":1,"turns":5},{"damage":1,"enemies":"2 Louse","floor":7,"turns":3},{"damage":66,"enemies":"Gremlin Nob","floor":8,"turns":5},{"damage":0,"enemies":"Small Slimes","floor":10,"turns":3},{"damage":12,"enemies":"Lagavulin","floor":11,"turns":7},{"damage":0,"enemies":"Exordium Thugs","floor":13,"turns":4},{"damage":20,"enemies":"3 Sentries","floor":14,"turns":12},{"damage":33,"enemies":"Hexaghost","floor":16,"turns":10}],"seed_played":"-655577727140266392","potions_obtained":[{"floor":7,"key":"Explosive Potion"},{"floor":8,"key":"GamblersBrew"},{"floor":14,"key":"SteroidPotion"}],"is_trial":false,"path_per_floor":["M","?","?","?","$","R","M","?","T","M","E","R","M","E","R","B"],"character_chosen":"DEFECT","items_purchased":[],"campfire_rested":1,"item_purchase_floors":[],"current_hp_per_floor":[73,73,62,62,62,62,68,9,9,16,11,33,40,27,27,0],"gold":238,"neow_bonus":"REMOVE_TWO","is_prod":false,"is_daily":false,"chose_seed":false,"campfire_upgraded":2,"win_rate":0,"timestamp":1554603211,"path_taken":["M","?","?","?","$","R","M","?","T","M","E","R","M","E","R","BOSS"],"build_version":"2019-01-23","purchased_purges":0,"victory":false,"max_hp_per_floor":[75,75,75,75,75,75,75,75,75,75,75,75,75,75,75,75],"card_choices":[{"not_picked":["Steam","Scrape"],"picked":"Self Repair","floor":1},{"not_picked":["Turbo","Streamline"],"picked":"Force Field","floor":7},{"not_picked":["Sunder","BootSequence"],"picked":"Defragment","floor":10},{"not_picked":["BootSequence","Hologram"],"picked":"White Noise","floor":11},{"not_picked":["Stack","Beam Cell"],"picked":"Leap","floor":13},{"not_picked":["Redo","Sunder"],"picked":"Loop+1","floor":14}],"player_experience":161818,"relics_obtained":[{"floor":9,"key":"DataDisk"},{"floor":11,"key":"Frozen Egg 2"},{"floor":14,"key":"Ancient Tea Set"}],"event_choices":[{"damage_healed":0,"gold_gain":0,"player_choice":"Ignored","damage_taken":0,"max_hp_gain":0,"max_hp_loss":0,"event_name":"Liars Game","floor":2,"gold_loss":0},{"damage_healed":0,"gold_gain":75,"player_choice":"Gather Gold","damage_taken":11,"max_hp_gain":0,"max_hp_loss":0,"event_name":"World of Goop","floor":3,"gold_loss":0},{"cards_removed":["Strike_B"],"damage_healed":0,"gold_gain":0,"player_choice":"Card Removal","damage_taken":0,"max_hp_gain":0,"max_hp_loss":0,"event_name":"The Cleric","floor":4,"gold_loss":50},{"damage_healed":0,"gold_gain":30,"player_choice":"Searched \u00273\u0027 times","damage_taken":0,"relics_obtained":["War Paint"],"max_hp_gain":0,"max_hp_loss":0,"event_name":"Dead Adventurer","floor":8,"gold_loss":0}],"is_beta":false,"boss_relics":[],"items_purged_floors":[],"is_endless":false,"potions_floor_spawned":[7,8,14],"killed_by":"Hexaghost","ascension_level":1}