{"gold_per_floor":[114,127,147,3,3,3,3,23,71,71,85,98,126,138,138,236,236,246,10,10,27,27,27,56,69,120,120,148,165,185,110,110,213,213,226,226,226,239,82,82],"floor_reached":40,"playtime":3021,"items_purged":["Strike_R"],"score":526,"play_id":"46a6d1c8-e996-44d3-b859-634ed609c7ad","local_time":"20190507223708","is_ascension_mode":true,"campfire_choices":[{"data":"Armaments","floor":6,"key":"SMITH"},{"data":"Searing Blow","floor":10,"key":"SMITH"},{"data":"Cleave","floor":15,"key":"SMITH"},{"data":"Shockwave","floor":23,"key":"SMITH"},{"data":"True Grit","floor":27,"key":"SMITH"},{"floor":32,"key":"REST"}],"neow_cost":"TEN_PERCENT_HP_LOSS","seed_source_timestamp":170368489630700,"circlet_count":0,"master_deck":["Strike_R","Strike_R","Strike_R","Defend_R","Defend_R","Defend_R","Defend_R","Limit Break","Wild Strike","Armaments+1","Shockwave+1","True Grit+1","Searing Blow+1","Spot Weakness","Cleave+1","Reaper","Rage","Headbutt","Headbutt+1","Ghostly Armor","Exhume","Corruption"],"relics":["Burning Blood","Bag of Preparation","Vajra","Boot","Sozu","Art of War","Pen Nib","Omamori","Sundial","White Beast Statue","Regal Pillow"],"potions_floor_usage":[16,16,25,33],"damage_taken":[{"damage":5,"enemies":"Jaw Worm","floor":1,"turns":6},{"damage":4,"enemies":"Small Slimes","floor":2,"turns":3},{"damage":6,"enemies":"2 Louse","floor":3,"turns":3},{"damage":0,"enemies":"Exordium Wildlife","floor":8,"turns":3},{"damage":15,"enemies":"3 Louse","floor":11,"turns":4},{"damage":14,"enemies":"Blue Slaver","floor":12,"turns":4},{"damage":26,"enemies":"Lagavulin","floor":13,"turns":8},{"damage":6,"enemies":"Exordium Wildlife","floor":14,"turns":5},{"damage":0,"enemies":"Slime Boss","floor":16,"turns":5},{"damage":17,"enemies":"2 Thieves","floor":18,"turns":3},{"damage":27,"enemies":"Spheric Guardian","floor":21,"turns":5},{"damage":33,"enemies":"Gremlin Leader","floor":24,"turns":7},{"damage":0,"enemies":"Cultist and Chosen","floor":25,"turns":5},{"damage":31,"enemies":"Book of Stabbing","floor":28,"turns":6},{"damage":24,"enemies":"Snake Plant","floor":29,"turns":2},{"damage":22,"enemies":"Snecko","floor":30,"turns":6},{"damage":83,"enemies":"Automaton","floor":33,"turns":9},{"damage":51,"enemies":"3 Darklings","floor":35,"turns":5},{"damage":8,"enemies":"Orb Walker","floor":38,"turns":3},{"damage":126,"enemies":"Giant Head","floor":40,"turns":9}],"seed_played":"-6457870160657865070","potions_obtained":[{"floor":1,"key":"AttackPotion"},{"floor":13,"key":"SteroidPotion"},{"floor":14,"key":"Dexterity Potion"},{"floor":16,"key":"Dexterity Potion"}],"is_trial":false,"path_per_floor":["M","M","M","$","?","R","$","M","T","R","M","M","E","M","R","B",null,"M","$","?","M","?","R","E","M","T","R","E","M","M","$","R","B",null,"M","?","?","M","$","E"],"character_chosen":"IRONCLAD","items_purchased":["Bag of Preparation","Rage","Art of War","Regal Pillow"],"campfire_rested":1,"item_purchase_floors":[4,19,19,39],"current_hp_per_floor":[72,72,72,72,72,72,72,72,72,72,63,55,35,35,35,41,72,70,70,70,59,59,59,59,65,65,65,49,31,42,42,63,20,72,60,60,60,58,58,0],"gold":82,"neow_bonus":"TRANSFORM_TWO_CARDS","is_prod":false,"is_daily":false,"chose_seed":false,"campfire_upgraded":5,"win_rate":0,"timestamp":1557293828,"path_taken":["M","M","M","$","?","R","$","M","T","R","M","M","E","M","R","BOSS","M","$","?","M","?","R","E","M","T","R","E","M","M","?","R","BOSS","M","?","?","M","?","E"],"build_version":"2019-01-23","purchased_purges":1,"victory":false,"max_hp_per_floor":[72,72,72,72,72,72,72,72,72,72,72,72,72,72,72,72,72,72,72,72,72,72,72,72,72,72,72,72,72,72,72,72,72,72,72,72,72,72,72,72],"card_choices":[{"not_picked":["Combust","Clash"],"picked":"Armaments","floor":1},{"not_picked":["Hemokinesis","Flex"],"picked":"Shockwave","floor":2},{"not_picked":["Heavy Blade","Body Slam"],"picked":"True Grit","floor":3},{"not_picked":["Clash","Wild Strike"],"picked":"Searing Blow","floor":8},{"not_picked":["Barricade","Twin Strike","Pummel"],"picked":"SKIP","floor":11},{"not_picked":["Wild Strike","Sever Soul","Thunderclap"],"picked":"SKIP","floor":12},{"not_picked":["Shockwave","Pommel Strike"],"picked":"Spot Weakness","floor":13},{"not_picked":["Intimidate","Warcry"],"picked":"Cleave","floor":14},{"not_picked":["Fiend Fire","Immolate"],"picked":"Reaper","floor":16},{"not_picked":["Sentinel+1","Pommel Strike","Headbutt"],"picked":"SKIP","floor":18},{"not_picked":["Rampage+1","Flex"],"picked":"Headbutt","floor":21},{"not_picked":["Shrug It Off","Wild Strike"],"picked":"Headbutt+1","floor":24},{"not_picked":["True Grit","Sword Boomerang","Brutality"],"picked":"SKIP","floor":25},{"not_picked":["Perfected Strike+1","Inflame+1"],"picked":"Ghostly Armor","floor":28},{"not_picked":["Twin Strike","Dropkick+1","Sword Boomerang"],"picked":"SKIP","floor":29},{"not_picked":["Twin Strike","Disarm","Armaments"],"picked":"SKIP","floor":30},{"not_picked":["Juggernaut","Bludgeon"],"picked":"Exhume","floor":33},{"not_picked":["Perfected Strike","Searing Blow+1"],"picked":"Corruption","floor":35},{"not_picked":["Evolve","Heavy Blade+1","Body Slam+1"],"picked":"SKIP","floor":38}],"player_experience":476879,"relics_obtained":[{"floor":9,"key":"Vajra"},{"floor":13,"key":"Boot"},{"floor":24,"key":"Pen Nib"},{"floor":26,"key":"Omamori"},{"floor":28,"key":"Sundial"}],"event_choices":[{"damage_healed":0,"gold_gain":0,"player_choice":"Leave","damage_taken":0,"max_hp_gain":0,"max_hp_loss":0,"event_name":"The Cleric","floor":5,"gold_loss":0},{"damage_healed":0,"gold_gain":0,"player_choice":"Ignored","damage_taken":0,"max_hp_gain":0,"max_hp_loss":0,"event_name":"Ghosts","floor":20,"gold_loss":0},{"damage_healed":0,"gold_gain":0,"player_choice":"Ignored","damage_taken":0,"max_hp_gain":0,"max_hp_loss":0,"event_name":"Vampires","floor":22,"gold_loss":0},{"damage_healed":0,"gold_gain":0,"player_choice":"Ignored","damage_taken":0,"max_hp_gain":0,"max_hp_loss":0,"event_name":"Tomb of Lord Red Mask","floor":36,"gold_loss":0},{"damage_healed":0,"gold_gain":0,"player_choice":"Ignored","damage_taken":0,"max_hp_gain":0,"max_hp_loss":0,"event_name":"Mysterious Sphere","floor":37,"gold_loss":0}],"is_beta":false,"boss_relics":[{"not_picked":["Calling Bell","Ectoplasm"],"picked":"Sozu"},{"not_picked":["Velvet Choker","Coffee Dripper"],"picked":"White Beast Statue"}],"items_purged_floors":[31],"is_endless":false,"potions_floor_spawned":[1,13,14,16,21,25,33,35,38],"killed_by":"Giant Head","ascension_level":2}