{"gold_per_floor":[113,131,142,157,168,196,196,196,196,196,196,225,283,283,283,381,381,395,408,421,421,346,346,377,388,412,412,425,450,450,296,296,296],"floor_reached":33,"playtime":1622,"items_purged":[],"score":314,"play_id":"28975807-e163-4576-9caf-e1a0abdedb23","local_time":"20190624013512","is_ascension_mode":true,"campfire_choices":[{"data":"Cleave","floor":7,"key":"SMITH"},{"data":"Flex","floor":11,"key":"SMITH"},{"floor":15,"key":"REST"},{"data":"Flex","floor":23,"key":"SMITH"},{"floor":27,"key":"REST"},{"floor":30,"key":"REST"},{"data":"Armaments","floor":32,"key":"SMITH"}],"neow_cost":"NONE","seed_source_timestamp":496120240187513,"circlet_count":0,"master_deck":["Strike_R","Strike_R","Strike_R","Strike_R","Strike_R","Defend_R","Defend_R","Defend_R","Defend_R","Bash","Iron Wave","Cleave+1","Flex+1","Anger+1","Pommel Strike","Flex+1","Cleave+1","Carnage+1","Cleave","Armaments+1"],"relics":["Burning Blood","Gremlin Horn","Happy Flower","Red Skull","Paper Frog","Black Star","Omamori","StoneCalendar","Orichalcum","Bag of Marbles","Anchor","Strawberry"],"potions_floor_usage":[16,16,19,25],"damage_taken":[{"damage":6,"enemies":"Jaw Worm","floor":1,"turns":4},{"damage":7,"enemies":"2 Louse","floor":2,"turns":2},{"damage":0,"enemies":"Small Slimes","floor":3,"turns":2},{"damage":16,"enemies":"Blue Slaver","floor":4,"turns":4},{"damage":7,"enemies":"Looter","floor":5,"turns":4},{"damage":20,"enemies":"3 Sentries","floor":6,"turns":6},{"damage":21,"enemies":"Lagavulin","floor":12,"turns":6},{"damage":17,"enemies":"The Guardian","floor":16,"turns":10},{"damage":20,"enemies":"Spheric Guardian","floor":18,"turns":4},{"damage":14,"enemies":"Shell Parasite","floor":19,"turns":5},{"damage":12,"enemies":"3 Cultists","floor":20,"turns":3},{"damage":55,"enemies":"Book of Stabbing","floor":24,"turns":5},{"damage":8,"enemies":"Centurion and Healer","floor":25,"turns":3},{"damage":9,"enemies":"Snecko","floor":28,"turns":4},{"damage":88,"enemies":"Champ","floor":33,"turns":7}],"seed_played":"4582767527121216639","potions_obtained":[{"floor":2,"key":"AttackPotion"},{"floor":3,"key":"FairyPotion"},{"floor":4,"key":"Fire Potion"},{"floor":6,"key":"PowerPotion"},{"floor":18,"key":"PowerPotion"},{"floor":20,"key":"FearPotion"}],"is_trial":false,"path_per_floor":["M","M","M","M","M","E","R","?","T","?","R","E","?","?","R","B",null,"M","M","M","?","?","R","E","M","T","R","M","T","R","$","R","B"],"character_chosen":"IRONCLAD","items_purchased":["Strawberry"],"campfire_rested":3,"item_purchase_floors":[31],"current_hp_per_floor":[88,87,88,78,77,63,63,63,63,63,63,48,48,30,56,45,88,74,66,60,60,60,60,11,9,9,35,32,32,58,65,65,0],"gold":296,"neow_bonus":"TEN_PERCENT_HP_BONUS","is_prod":false,"is_daily":false,"chose_seed":false,"campfire_upgraded":4,"win_rate":0,"timestamp":1561358112,"path_taken":["M","M","M","M","M","E","R","?","T","?","R","E","?","?","R","BOSS","M","M","M","?","?","R","E","M","T","R","M","?","R","$","R","BOSS"],"build_version":"2019-01-23","purchased_purges":0,"victory":false,"max_hp_per_floor":[88,88,88,88,88,88,88,88,88,88,88,88,88,88,88,88,88,88,88,88,88,88,88,88,88,88,88,88,88,88,95,95,95],"card_choices":[{"not_picked":["Hemokinesis","Fire Breathing"],"picked":"Iron Wave","floor":1},{"not_picked":["Uppercut","Pommel Strike"],"picked":"Cleave","floor":2},{"not_picked":["Carnage","Warcry"],"picked":"Flex","floor":3},{"not_picked":["Twin Strike","Thunderclap"],"picked":"Anger","floor":4},{"not_picked":["Clothesline","Shockwave"],"picked":"Pommel Strike","floor":5},{"not_picked":["Rampage","Heavy Blade","Body Slam"],"picked":"SKIP","floor":6},{"not_picked":["Dual Wield","Headbutt","Havoc"],"picked":"SKIP","floor":12},{"not_picked":["Warcry","Body Slam"],"picked":"Flex","floor":18},{"not_picked":["Pommel Strike+1","Twin Strike"],"picked":"Cleave+1","floor":19},{"not_picked":["Twin Strike","Uppercut","Body Slam"],"picked":"SKIP","floor":20},{"not_picked":["Heavy Blade","Entrench"],"picked":"Carnage+1","floor":24},{"not_picked":["Havoc+1","Sword Boomerang"],"picked":"Cleave","floor":25},{"not_picked":["Havoc","Thunderclap"],"picked":"Armaments","floor":28}],"player_experience":165955,"relics_obtained":[{"floor":6,"key":"Gremlin Horn"},{"floor":9,"key":"Happy Flower"},{"floor":12,"key":"Red Skull"},{"floor":24,"key":"StoneCalendar"},{"floor":24,"key":"Orichalcum"},{"floor":26,"key":"Bag of Marbles"},{"floor":29,"key":"Anchor"}],"event_choices":[{"damage_healed":0,"gold_gain":0,"player_choice":"Leave","damage_taken":0,"max_hp_gain":0,"max_hp_loss":0,"event_name":"The Cleric","floor":8,"gold_loss":0},{"damage_healed":0,"gold_gain":0,"player_choice":"Grow","damage_taken":0,"max_hp_gain":0,"max_hp_loss":0,"event_name":"Living Wall","floor":10,"gold_loss":0,"cards_upgraded":["Anger"]},{"damage_healed":0,"gold_gain":58,"player_choice":"Gained Gold","damage_taken":0,"max_hp_gain":0,"max_hp_loss":0,"event_name":"Golden Wing","floor":13,"gold_loss":0},{"damage_healed":0,"gold_gain":0,"player_choice":"Success","damage_taken":18,"relics_obtained":["Paper Frog"],"max_hp_gain":0,"max_hp_loss":0,"event_name":"Scrap Ooze","floor":14,"gold_loss":0},{"damage_healed":0,"gold_gain":0,"player_choice":"Opened","damage_taken":0,"relics_obtained":["Omamori"],"max_hp_gain":0,"max_hp_loss":0,"event_name":"The Mausoleum","floor":21,"gold_loss":0,"cards_obtained":["Writhe"]},{"cards_removed":["Writhe"],"damage_healed":0,"gold_gain":0,"player_choice":"Gave Gold","damage_taken":0,"max_hp_gain":0,"max_hp_loss":0,"event_name":"Beggar","floor":22,"gold_loss":75}],"is_beta":false,"boss_relics":[{"not_picked":["Mark of Pain","Orrery"],"picked":"Black Star"}],"items_purged_floors":[],"is_endless":false,"potions_floor_spawned":[2,3,4,6,18,20],"killed_by":"Champ","ascension_level":1}