{"gold_per_floor":[116,47,59,33,33,33,47,47,47,61,61,75,106,65,65,169,169,179,179,196,229,249,249,264,264,288,316,330,330,348,359,359,456,456,471,471,490,500,513,513,513,513,513,34,34,256,256,266,266,266],"floor_reached":50,"playtime":3384,"items_purged":["Ball Lightning"],"score":464,"play_id":"ee721431-0255-4973-b799-80de93479272","local_time":"20190708033812","is_ascension_mode":false,"campfire_choices":[{"data":"Chill","floor":6,"key":"SMITH"},{"data":"Rebound","floor":8,"key":"SMITH"},{"floor":15,"key":"REST"},{"floor":23,"key":"REST"},{"floor":32,"key":"REST"},{"floor":40,"key":"RECALL"},{"floor":42,"key":"REST"},{"data":"Electrodynamics","floor":45,"key":"SMITH"},{"data":"Sweeping Beam","floor":47,"key":"SMITH"},{"floor":49,"key":"REST"}],"neow_cost":"NONE","seed_source_timestamp":1711347227129097,"circlet_count":0,"master_deck":["Strike_B","Strike_B","Strike_B","Strike_B","Defend_B","Defend_B","Defend_B","Defend_B","Zap","Dualcast","Doom and Gloom+1","Chill+1","Sweeping Beam+1","Rebound+1","Redo","Ball Lightning","Sunder","Electrodynamics+1","White Noise+1","Self Repair","BootSequence","Conserve Battery","Self Repair","Redo+1","Melter","Capacitor","Conserve Battery+1","Ball Lightning+1","Ball Lightning+1","Madness","Madness","Parasite","Barrage+1"],"relics":["Cracked Core","Regal Pillow","Incense Burner","Orrery","Red Mask","Oddly Smooth Stone","Vajra","Inserter","Bag of Marbles","Pear","War Paint"],"potions_floor_usage":[16,16,16,22,28,30,33,39,50],"damage_taken":[{"damage":1,"enemies":"Cultist","floor":1,"turns":3},{"damage":6,"enemies":"Jaw Worm","floor":3,"turns":3},{"damage":0,"enemies":"2 Louse","floor":7,"turns":1},{"damage":9,"enemies":"Exordium Thugs","floor":10,"turns":3},{"damage":7,"enemies":"Exordium Wildlife","floor":12,"turns":3},{"damage":17,"enemies":"3 Sentries","floor":13,"turns":4},{"damage":38,"enemies":"The Guardian","floor":16,"turns":11},{"damage":10,"enemies":"2 Thieves","floor":18,"turns":4},{"damage":3,"enemies":"Spheric Guardian","floor":20,"turns":4},{"damage":47,"enemies":"Masked Bandits","floor":21,"turns":4},{"damage":21,"enemies":"3 Cultists","floor":22,"turns":5},{"damage":5,"enemies":"Centurion and Healer","floor":24,"turns":5},{"damage":42,"enemies":"Gremlin Leader","floor":27,"turns":6},{"damage":7,"enemies":"Shelled Parasite and Fungi","floor":28,"turns":4},{"damage":19,"enemies":"Snake Plant","floor":30,"turns":3},{"damage":7,"enemies":"Snecko","floor":31,"turns":5},{"damage":80,"enemies":"Champ","floor":33,"turns":11},{"damage":19,"enemies":"Orb Walker","floor":35,"turns":5},{"damage":29,"enemies":"3 Darklings","floor":37,"turns":7},{"damage":3,"enemies":"Sphere and 2 Shapes","floor":38,"turns":3},{"damage":30,"enemies":"Jaw Worm Horde","floor":39,"turns":5},{"damage":12,"enemies":"Writhing Mass","floor":48,"turns":6},{"damage":85,"enemies":"Awakened One","floor":50,"turns":6}],"seed_played":"5097078572290421831","potions_obtained":[{"floor":3,"key":"Block Potion"},{"floor":10,"key":"Fire Potion"},{"floor":12,"key":"Weak Potion"},{"floor":21,"key":"PowerPotion"},{"floor":24,"key":"SkillPotion"},{"floor":27,"key":"Poison Potion"},{"floor":28,"key":"Fire Potion"},{"floor":30,"key":"FairyPotion"},{"floor":38,"key":"Explosive Potion"},{"floor":39,"key":"EssenceOfSteel"},{"floor":48,"key":"SteroidPotion"}],"is_trial":false,"path_per_floor":["M","$","M","$","?","R","M","R","T","M","?","M","E","$","R","B",null,"M","?","M","?","M","R","M","?","T","E","M","?","M","M","R","B",null,"M","?","M","M","M","R","?","R","T","$","R","?","R","M","R","B"],"character_chosen":"DEFECT","items_purchased":["Doom and Gloom","Sweeping Beam","Sunder","Pear","War Paint"],"campfire_rested":5,"item_purchase_floors":[2,4,14,44,44],"current_hp_per_floor":[74,74,68,68,61,61,61,61,61,52,52,45,28,28,65,27,75,65,65,69,36,29,66,68,68,68,40,33,33,14,21,58,21,75,70,61,46,50,27,27,27,64,64,74,74,74,74,69,85,0],"gold":266,"neow_bonus":"THREE_CARDS","is_prod":false,"is_daily":false,"chose_seed":false,"campfire_upgraded":4,"win_rate":0,"timestamp":1562575092,"path_taken":["M","?","M","$","?","R","M","R","T","M","?","?","E","$","R","BOSS","M","?","M","?","M","R","M","?","T","E","?","?","M","M","R","BOSS","M","?","M","M","M","R","?","R","T","$","R","?","R","M","R","BOSS"],"build_version":"2019-07-05","purchased_purges":1,"victory":false,"max_hp_per_floor":[75,75,75,75,75,75,75,75,75,75,75,75,75,75,75,75,75,75,75,75,75,75,75,75,75,75,75,75,75,75,75,75,75,75,75,75,75,75,75,75,75,75,75,85,85,85,85,85,85,85],"card_choices":[{"not_picked":["Go for the Eyes","Hello World"],"picked":"Ball Lightning","floor":0},{"not_picked":["Gash","Streamline","Cold Snap"],"picked":"SKIP","floor":1},{"not_picked":["Tempest","Recycle"],"picked":"Chill","floor":3},{"not_picked":["Hologram","Scrape"],"picked":"Rebound","floor":7},{"not_picked":["Barrage","Lockon"],"picked":"Redo","floor":10},{"not_picked":["Recycle","Turbo"],"picked":"Ball Lightning","floor":12},{"not_picked":["Ball Lightning","Rebound"],"picked":"BootSequence","floor":13},{"not_picked":["Machine Learning","Thunder Strike"],"picked":"Electrodynamics","floor":16},{"not_picked":["Genetic Algorithm","Streamline"],"picked":"White Noise","floor":17},{"not_picked":["Coolheaded","Blizzard"],"picked":"Self Repair","floor":17},{"not_picked":["Leap","Steam"],"picked":"BootSequence","floor":17},{"not_picked":["Gash","Coolheaded"],"picked":"Conserve Battery","floor":17},{"not_picked":["Consume+1","Heatsinks+1"],"picked":"Self Repair","floor":18},{"not_picked":["Machine Learning","Cold Snap","Go for the Eyes+1"],"picked":"SKIP","floor":20},{"not_picked":["Sweeping Beam","Beam Cell+1"],"picked":"Redo+1","floor":21},{"not_picked":["Turbo","Heatsinks","Go for the Eyes+1"],"picked":"SKIP","floor":22},{"not_picked":["Compile Driver","Recycle"],"picked":"Melter","floor":24},{"not_picked":["Reinforced Body","Reprogram","Beam Cell"],"picked":"SKIP","floor":27},{"not_picked":["Compile Driver","Doom and Gloom"],"picked":"Capacitor","floor":28},{"not_picked":["Barrage","Sweeping Beam"],"picked":"Conserve Battery","floor":30},{"not_picked":["Conserve Battery+1","Rip and Tear"],"picked":"Ball Lightning+1","floor":31},{"not_picked":["Coolheaded","Hologram+1"],"picked":"Ball Lightning+1","floor":35},{"not_picked":["Ball Lightning+1","Conserve Battery","Gash+1"],"picked":"SKIP","floor":37},{"not_picked":["Darkness","Coolheaded+1","Auto Shields"],"picked":"SKIP","floor":38},{"not_picked":["Heatsinks","Cold Snap+1","Glacier"],"picked":"SKIP","floor":39},{"not_picked":["Hologram+1","Ball Lightning+1"],"picked":"Barrage+1","floor":48}],"player_experience":277034,"relics_obtained":[{"floor":13,"key":"Incense Burner"},{"floor":21,"key":"Red Mask"},{"floor":26,"key":"Oddly Smooth Stone"},{"floor":27,"key":"Vajra"},{"floor":43,"key":"Bag of Marbles"}],"event_choices":[{"damage_healed":0,"gold_gain":0,"player_choice":"Success","damage_taken":7,"relics_obtained":["Regal Pillow"],"max_hp_gain":0,"max_hp_loss":0,"event_name":"Scrap Ooze","floor":5,"gold_loss":0},{"damage_healed":0,"gold_gain":0,"player_choice":"Upgraded","damage_taken":0,"max_hp_gain":0,"max_hp_loss":0,"event_name":"Upgrade Shrine","floor":11,"gold_loss":0,"cards_upgraded":["Doom and Gloom"]},{"damage_healed":0,"gold_gain":0,"player_choice":"Ignored","damage_taken":0,"max_hp_gain":0,"max_hp_loss":0,"event_name":"Ghosts","floor":19,"gold_loss":0},{"damage_healed":0,"gold_gain":0,"player_choice":"Fought Bandits","damage_taken":0,"max_hp_gain":0,"max_hp_loss":0,"event_name":"Masked Bandits","floor":21,"gold_loss":0},{"damage_healed":0,"gold_gain":0,"cards_transformed":["BootSequence"],"player_choice":"Transformed","damage_taken":0,"max_hp_gain":0,"max_hp_loss":0,"event_name":"Transmorgrifier","floor":25,"gold_loss":0,"cards_obtained":["Lockon"]},{"damage_healed":0,"gold_gain":0,"player_choice":"Ignored","damage_taken":0,"max_hp_gain":0,"max_hp_loss":0,"event_name":"Vampires","floor":29,"gold_loss":0},{"damage_healed":0,"gold_gain":0,"player_choice":"Embrace Madness","damage_taken":9,"max_hp_gain":0,"max_hp_loss":0,"event_name":"Winding Halls","floor":36,"gold_loss":0,"cards_obtained":["Madness","Madness"]},{"cards_removed":["Lockon"],"damage_healed":0,"gold_gain":0,"player_choice":"Removed Attack","damage_taken":0,"max_hp_gain":0,"max_hp_loss":0,"event_name":"Falling","floor":41,"gold_loss":0},{"damage_healed":0,"gold_gain":222,"player_choice":"Wore Mask","damage_taken":0,"max_hp_gain":0,"max_hp_loss":0,"event_name":"Tomb of Lord Red Mask","floor":46,"gold_loss":0}],"is_beta":false,"boss_relics":[{"not_picked":["White Beast Statue","Snecko Eye"],"picked":"Orrery"},{"not_picked":["Tiny House","Runic Dome"],"picked":"Inserter"}],"items_purged_floors":[44],"is_endless":false,"potions_floor_spawned":[3,10,12,21,24,27,28,30,38,39,48],"killed_by":"Awakened One","ascension_level":0}