{"gold_per_floor":[112,31,31,50,50,91,91,129,129,149,165,201,225,245,245,245],"floor_reached":16,"playtime":979,"items_purged":[],"score":243,"play_id":"81cf8cf1-74eb-4d91-a903-cba152014c2a","local_time":"20190620012022","is_ascension_mode":true,"campfire_choices":[{"data":"Zap","floor":7,"key":"SMITH"},{"data":"Conserve Battery","floor":15,"key":"SMITH"}],"neow_cost":"NONE","seed_source_timestamp":175526588968785,"circlet_count":0,"master_deck":["AscendersBane","Strike_B","Strike_B","Strike_B","Strike_B","Defend_B","Defend_B","Defend_B","Defend_B","Zap+1","Dualcast","Reboot","Self Repair","Sunder+1","Conserve Battery+1","BootSequence","Cold Snap","Compile Driver","Compile Driver","Echo Form","Gash"],"relics":["Cracked Core","Golden Idol","Blue Candle","Strawberry","Happy Flower","Bird Faced Urn"],"potions_floor_usage":[6,8,16],"damage_taken":[{"damage":0,"enemies":"Small Slimes","floor":1,"turns":3},{"damage":12,"enemies":"Jaw Worm","floor":4,"turns":2},{"damage":30,"enemies":"Lagavulin","floor":6,"turns":6},{"damage":0,"enemies":"3 Sentries","floor":8,"turns":4},{"damage":1,"enemies":"Cultist","floor":10,"turns":3},{"damage":0,"enemies":"Looter","floor":11,"turns":2},{"damage":43,"enemies":"Lagavulin","floor":12,"turns":10},{"damage":9,"enemies":"2 Fungi Beasts","floor":13,"turns":3},{"damage":0,"enemies":"3 Louse","floor":14,"turns":2},{"damage":31,"enemies":"Hexaghost","floor":16,"turns":9}],"seed_played":"7434678145150677992","potions_obtained":[{"floor":1,"key":"Strength Potion"},{"floor":4,"key":"Explosive Potion"},{"floor":8,"key":"FairyPotion"},{"floor":13,"key":"Weak Potion"}],"is_trial":false,"path_per_floor":["M","$","?","M","?","E","R","E","T","M","M","E","M","M","R","B"],"character_chosen":"DEFECT","items_purchased":["Sunder"],"campfire_rested":0,"item_purchase_floors":[2],"current_hp_per_floor":[68,68,68,56,56,33,33,47,47,53,53,17,8,17,17,0],"gold":245,"neow_bonus":"ONE_RANDOM_RARE_CARD","is_prod":false,"is_daily":false,"chose_seed":false,"campfire_upgraded":2,"win_rate":0,"timestamp":1561018822,"path_taken":["M","$","?","M","?","E","R","E","T","?","M","E","M","M","R","BOSS"],"build_version":"2019-01-23","purchased_purges":0,"victory":false,"max_hp_per_floor":[75,75,69,69,69,69,69,76,76,76,76,76,76,76,76,76],"card_choices":[{"not_picked":["Turbo","Reprogram"],"picked":"Self Repair","floor":1},{"not_picked":["Defragment","Coolheaded"],"picked":"Conserve Battery","floor":4},{"not_picked":["Recycle","Consume"],"picked":"BootSequence","floor":6},{"not_picked":["Blizzard","Steam"],"picked":"Cold Snap","floor":8},{"not_picked":["Beam Cell","Stack"],"picked":"Compile Driver","floor":10},{"not_picked":["Static Discharge","Hello World","Stack"],"picked":"SKIP","floor":11},{"not_picked":["Gash","Aggregate"],"picked":"Compile Driver","floor":12},{"not_picked":["Tempest","Steam"],"picked":"Echo Form","floor":13},{"not_picked":["Turbo","Melter"],"picked":"Gash","floor":14}],"player_experience":1285828,"relics_obtained":[{"floor":6,"key":"Blue Candle"},{"floor":8,"key":"Strawberry"},{"floor":9,"key":"Happy Flower"},{"floor":12,"key":"Bird Faced Urn"}],"event_choices":[{"damage_healed":0,"gold_gain":0,"player_choice":"Lose Max HP","damage_taken":0,"relics_obtained":["Golden Idol"],"max_hp_gain":0,"max_hp_loss":6,"event_name":"Golden Idol","floor":3,"gold_loss":0},{"damage_healed":0,"gold_gain":0,"player_choice":"Upgraded","damage_taken":0,"max_hp_gain":0,"max_hp_loss":0,"event_name":"Upgrade Shrine","floor":5,"gold_loss":0,"cards_upgraded":["Sunder"]}],"is_beta":false,"boss_relics":[],"items_purged_floors":[],"is_endless":false,"potions_floor_spawned":[1,4,8,13,14],"killed_by":"Hexaghost","ascension_level":13}