{"gold_per_floor":[113,14,27,27,27,54,54,81,107,141,141,18,18,18,18,119,119,137,137,137,153,167,167,200,213,240,269,281,293],"floor_reached":29,"playtime":1178,"items_purged":["Strike_B","Strike_B"],"score":367,"play_id":"ecc6ca77-204b-410b-bba8-3c9f2eff4741","local_time":"20190621084104","is_ascension_mode":true,"campfire_choices":[{"data":"Echo Form","floor":7,"key":"SMITH"},{"data":"Defragment","floor":15,"key":"SMITH"},{"data":"Storm","floor":23,"key":"SMITH"},{"data":"Chill","floor":28,"key":"SMITH"}],"neow_cost":"NONE","seed_source_timestamp":198689606169444,"circlet_count":0,"master_deck":["Strike_B","Strike_B+1","Defend_B","Defend_B+1","Defend_B","Defend_B","Zap","Dualcast","Glacier","Redo","Echo Form+1","Conserve Battery","Defragment+1","Coolheaded","Electrodynamics","Static Discharge+1","Storm+1","Blizzard","Coolheaded","Cold Snap","Chill+1","Ball Lightning+1","Loop+1"],"relics":["Cracked Core","NeowsBlessing","Bag of Preparation","FossilizedHelix","Blood Vial","Lantern","Prayer Wheel","Coffee Dripper","Peace Pipe","MawBank"],"potions_floor_usage":[27],"damage_taken":[{"damage":0,"enemies":"2 Louse","floor":1,"turns":1},{"damage":0,"enemies":"Small Slimes","floor":3,"turns":1},{"damage":0,"enemies":"3 Sentries","floor":6,"turns":1},{"damage":8,"enemies":"Gremlin Nob","floor":8,"turns":5},{"damage":14,"enemies":"Lagavulin","floor":10,"turns":11},{"damage":0,"enemies":"Slime Boss","floor":16,"turns":11},{"damage":11,"enemies":"3 Byrds","floor":18,"turns":2},{"damage":0,"enemies":"Chosen","floor":21,"turns":5},{"damage":3,"enemies":"Shelled Parasite and Fungi","floor":22,"turns":8},{"damage":43,"enemies":"Gremlin Leader","floor":24,"turns":6},{"damage":0,"enemies":"Centurion and Healer","floor":25,"turns":2},{"damage":19,"enemies":"Chosen and Byrds","floor":27,"turns":5}],"seed_played":"-1034224149676067953","potions_obtained":[{"floor":8,"key":"SteroidPotion"},{"floor":16,"key":"EntropicBrew"},{"floor":18,"key":"Weak Potion"},{"floor":27,"key":"Explosive Potion"}],"is_trial":false,"path_per_floor":["M","$","M","?","?","E","R","E","T","E","?","$","?","$","R","B",null,"M","?","?","M","M","R","E","M","T","M","R","?"],"character_chosen":"DEFECT","items_purchased":["Redo","Coolheaded"],"campfire_rested":0,"item_purchase_floors":[2,12],"current_hp_per_floor":[75,75,75,57,57,57,57,49,49,37,22,22,22,22,22,24,75,64,64,64,66,65,65,24,26,26,9,9,0],"gold":293,"neow_bonus":"THREE_ENEMY_KILL","is_prod":false,"is_daily":false,"chose_seed":false,"campfire_upgraded":4,"win_rate":0,"timestamp":1561131664,"path_taken":["M","$","M","?","?","E","R","E","T","E","?","?","?","?","R","BOSS","M","?","?","M","M","R","E","M","T","M","R","?"],"build_version":"2019-01-23","purchased_purges":2,"victory":false,"max_hp_per_floor":[75,75,75,75,75,75,75,75,75,75,75,75,75,75,75,75,75,75,75,75,75,75,75,75,75,75,75,75,75],"card_choices":[{"not_picked":["Rebound","Heatsinks"],"picked":"Glacier","floor":1},{"not_picked":["Streamline","Turbo","Hologram"],"picked":"SKIP","floor":3},{"not_picked":["Steam","Go for the Eyes"],"picked":"Echo Form","floor":6},{"not_picked":["Hyperbeam","Steam"],"picked":"Conserve Battery","floor":8},{"not_picked":["Lockon","Leap"],"picked":"Defragment","floor":10},{"not_picked":["Buffer","Biased Cognition"],"picked":"Electrodynamics","floor":16},{"not_picked":["Reinforced Body+1","Barrage"],"picked":"Static Discharge+1","floor":18},{"not_picked":["Scrape+1","Sweeping Beam","Go for the Eyes"],"picked":"SKIP","floor":18},{"not_picked":["Glacier+1","Storm"],"picked":"Blizzard","floor":21},{"not_picked":["Beam Cell","Chaos+1"],"picked":"Coolheaded","floor":21},{"not_picked":["Beam Cell+1","Sweeping Beam"],"picked":"Cold Snap","floor":22},{"not_picked":["Reprogram","Go for the Eyes","Hologram+1"],"picked":"SKIP","floor":22},{"not_picked":["Multi-Cast","Steam+1"],"picked":"Chill","floor":24},{"not_picked":["Reinforced Body","Glacier+1"],"picked":"Ball Lightning+1","floor":25},{"not_picked":["Redo+1","Rebound","Barrage+1"],"picked":"SKIP","floor":25},{"not_picked":["Sweeping Beam","Redo"],"picked":"Loop+1","floor":27},{"not_picked":["Blizzard","Defragment","Gash"],"picked":"SKIP","floor":27}],"player_experience":213404,"relics_obtained":[{"floor":6,"key":"FossilizedHelix"},{"floor":8,"key":"Blood Vial"},{"floor":9,"key":"Lantern"},{"floor":10,"key":"Prayer Wheel"},{"floor":24,"key":"Peace Pipe"},{"floor":26,"key":"MawBank"}],"event_choices":[{"damage_healed":0,"gold_gain":0,"player_choice":"Success","damage_taken":18,"relics_obtained":["Bag of Preparation"],"max_hp_gain":0,"max_hp_loss":0,"event_name":"Scrap Ooze","floor":4,"gold_loss":0},{"damage_healed":0,"gold_gain":0,"player_choice":"Ignored","damage_taken":0,"max_hp_gain":0,"max_hp_loss":0,"event_name":"Liars Game","floor":5,"gold_loss":0},{"damage_healed":0,"gold_gain":0,"player_choice":"Entered Light","damage_taken":15,"max_hp_gain":0,"max_hp_loss":0,"event_name":"Shining Light","floor":11,"gold_loss":0,"cards_upgraded":["Strike_B","Defend_B"]},{"damage_healed":0,"gold_gain":0,"player_choice":"Leave","damage_taken":0,"max_hp_gain":0,"max_hp_loss":0,"event_name":"The Cleric","floor":13,"gold_loss":0},{"damage_healed":0,"gold_gain":0,"player_choice":"Ignored","damage_taken":0,"max_hp_gain":0,"max_hp_loss":0,"event_name":"Ghosts","floor":19,"gold_loss":0},{"damage_healed":0,"gold_gain":0,"player_choice":"Read","damage_taken":0,"max_hp_gain":0,"max_hp_loss":0,"event_name":"The Library","floor":20,"gold_loss":0,"cards_obtained":["Storm"]}],"is_beta":false,"boss_relics":[{"not_picked":["Ectoplasm","Philosopher\u0027s Stone"],"picked":"Coffee Dripper"}],"items_purged_floors":[2,12],"is_endless":false,"potions_floor_spawned":[8,16,18,25,27],"ascension_level":2}