{"gold_per_floor":[368,293,311,311,40,75,75,95,95,153,153,180,191,209,209,284,284,298,298,298,298,55,55,81,81,134,160,160,174,188,188,188,265,265,277,277,277,295,314,349,349,368,450,23,52,52],"floor_reached":46,"playtime":4001,"items_purged":[],"score":1169,"play_id":"36d00bca-e7a1-4fc2-8df3-66d86d4a737e","local_time":"20190702213756","is_ascension_mode":true,"campfire_choices":[{"data":"Neutralize","floor":7.0,"key":"SMITH"},{"floor":11.0,"key":"REST"},{"data":"Footwork","floor":15.0,"key":"SMITH"},{"data":"J.A.X.","floor":23.0,"key":"SMITH"},{"data":"Secret Weapon","floor":25.0,"key":"SMITH"},{"data":"Acrobatics","floor":32.0,"key":"SMITH"},{"floor":41.0,"key":"REST"}],"neow_cost":"CURSE","seed_source_timestamp":0,"circlet_count":0,"master_deck":["AscendersBane","Defend_G+1","Defend_G+1","Defend_G+1","Defend_G+1","Defend_G+1","Survivor+1","Neutralize+1","Quick Slash","Poisoned Stab","Dash+1","Sucker Punch+1","Footwork+1","Die Die Die+1","Deadly Poison+1","Skewer+1","Glass Knife+1","Bite+1","Bite+1","Bite+1","Bite+1","Bite+1","J.A.X.+1","Secret Weapon+1","Acrobatics+1","Wraith Form v2","Dodge and Roll","Acrobatics","After Image","Catalyst","Dagger Throw+1"],"special_seed":0,"relics":["Ring of the Serpent","Paper Crane","Molten Egg 2","Ornamental Fan","Gremlin Horn","Dodecahedron","Velvet Choker","Mercury Hourglass","Snake Skull","War Paint","Mango","The Courier"],"potions_floor_usage":[],"damage_taken":[{"damage":0.0,"enemies":"2 Louse","floor":1.0,"turns":2.0},{"damage":1.0,"enemies":"Cultist","floor":3.0,"turns":4.0},{"damage":33.0,"enemies":"3 Sentries","floor":6.0,"turns":14.0},{"damage":0.0,"enemies":"Small Slimes","floor":8.0,"turns":3.0},{"damage":10.0,"enemies":"Gremlin Nob","floor":10.0,"turns":4.0},{"damage":0.0,"enemies":"Gremlin Nob","floor":12.0,"turns":3.0},{"damage":12.0,"enemies":"3 Louse","floor":13.0,"turns":3.0},{"damage":0.0,"enemies":"Large Slime","floor":14.0,"turns":5.0},{"damage":8.0,"enemies":"The Guardian","floor":16.0,"turns":12.0},{"damage":7.0,"enemies":"2 Thieves","floor":18.0,"turns":3.0},{"damage":0.0,"enemies":"Gremlin Leader","floor":24.0,"turns":3.0},{"damage":20.0,"enemies":"Slavers","floor":27.0,"turns":4.0},{"damage":0.0,"enemies":"3 Byrds","floor":29.0,"turns":3.0},{"damage":6.0,"enemies":"Cultist and Chosen","floor":30.0,"turns":5.0},{"damage":60.0,"enemies":"Champ","floor":33.0,"turns":12.0},{"damage":3.0,"enemies":"Orb Walker","floor":35.0,"turns":3.0},{"damage":5.0,"enemies":"3 Shapes","floor":38.0,"turns":4.0},{"damage":4.0,"enemies":"Writhing Mass","floor":39.0,"turns":8.0},{"damage":45.0,"enemies":"Giant Head","floor":40.0,"turns":9.0},{"damage":24.0,"enemies":"Spire Growth","floor":42.0,"turns":7.0},{"damage":34.0,"enemies":"Reptomancer","floor":45.0,"turns":8.0},{"damage":45,"enemies":"3 Darklings","floor":46,"turns":2}],"seed_played":"-3187401713077481917","potions_obtained":[{"floor":1.0,"key":"SkillPotion"},{"floor":10.0,"key":"FearPotion"},{"floor":14.0,"key":"Regen Potion"},{"floor":16.0,"key":"GamblersBrew"},{"floor":30.0,"key":"Strength Potion"},{"floor":37.0,"key":"SmokeBomb"},{"floor":38.0,"key":"GhostInAJar"},{"floor":42.0,"key":"Energy Potion"}],"is_trial":false,"path_per_floor":["M","?","M","?","$","E","R","M","T","?","R","E","M","M","R","B",null,"M","?","?","?","$","R","E","R","T","E","?","M","M","?","R","B",null,"M","?","?","M","M","E","R","M","T","$","E","M"],"character_chosen":"THE_SILENT","items_purchased":["Paper Crane","Secret Weapon","Caltrops","Mango","Catalyst"],"campfire_rested":2,"item_purchase_floors":[5,22,22,44,44],"current_hp_per_floor":[59,59,58,58,58,25,25,25,25,15,34,34,22,22,22,14,53,46,46,46,46,46,46,46,46,46,38,27,39,51,51,51,19,43,51,51,51,51,51,20,35,29,29,43,39,0],"gold":52,"neow_bonus":"TWO_FIFTY_GOLD","is_prod":false,"is_daily":false,"chose_seed":false,"campfire_upgraded":5,"win_rate":0,"timestamp":1562128676,"path_taken":["M","?","M","?","$","E","R","?","T","?","R","E","M","M","R","BOSS","M","?","?","?","?","R","E","R","T","E","?","M","M","?","R","BOSS","M","?","?","M","M","E","R","?","T","$","E","M"],"build_version":"2019-07-01","purchased_purges":0,"victory":false,"max_hp_per_floor":[66,66,66,66,66,66,66,66,66,66,66,66,66,66,66,66,66,66,46,46,46,46,46,46,46,46,46,51,51,51,51,51,51,51,51,51,51,51,51,51,51,51,51,65,65,65],"card_choices":[{"not_picked":["Dodge and Roll","Backflip"],"picked":"Quick Slash","floor":1.0},{"not_picked":["Footwork","Bane"],"picked":"Poisoned Stab","floor":3.0},{"not_picked":["Deflect","Unload"],"picked":"Dash","floor":6.0},{"not_picked":["Backflip","Distraction"],"picked":"Sucker Punch+1","floor":8.0},{"not_picked":["Poisoned Stab+1","Cloak And Dagger"],"picked":"Footwork","floor":10.0},{"not_picked":["Slice+1","Calculated Gamble"],"picked":"Die Die Die+1","floor":12.0},{"not_picked":["Outmaneuver","Underhanded Strike+1"],"picked":"Deadly Poison","floor":13.0},{"not_picked":["Endless Agony+1","Dash+1"],"picked":"Skewer+1","floor":14.0},{"not_picked":["Unload+1","Bullet Time"],"picked":"Glass Knife+1","floor":16.0},{"not_picked":["Deadly Poison","Cloak And Dagger","Flying Knee+1"],"picked":"SKIP","floor":18.0},{"not_picked":["Riddle With Holes+1","Setup","Dagger Throw+1"],"picked":"SKIP","floor":24.0},{"not_picked":["Riddle With Holes+1","Setup","Dagger Throw+1"],"picked":"SKIP","floor":24.0},{"not_picked":["Blade Dance","Unload+1","Finisher+1"],"picked":"SKIP","floor":27.0},{"not_picked":["Blade Dance","Unload+1","Finisher+1"],"picked":"SKIP","floor":27.0},{"not_picked":["Endless Agony+1","Poisoned Stab+1","Choke+1"],"picked":"SKIP","floor":29.0},{"not_picked":["PiercingWail","Expertise"],"picked":"Acrobatics","floor":30.0},{"not_picked":["Glass Knife+1","A Thousand Cuts"],"picked":"Wraith Form v2","floor":33.0},{"not_picked":["Bouncing Flask","Deflect+1","Outmaneuver"],"picked":"SKIP","floor":35.0},{"not_picked":["Accuracy","Underhanded Strike+1"],"picked":"Dodge and Roll","floor":38.0},{"not_picked":["Deadly Poison+1","Setup"],"picked":"Acrobatics","floor":39.0},{"not_picked":["Riddle With Holes+1","Sucker Punch+1"],"picked":"After Image","floor":40.0},{"not_picked":["Concentrate+1","All Out Attack+1","Bane+1"],"picked":"SKIP","floor":42.0},{"not_picked":["Acrobatics","Blade Dance"],"picked":"Dagger Throw+1","floor":45}],"player_experience":1380469,"relics_obtained":[{"floor":6.0,"key":"Molten Egg 2"},{"floor":9.0,"key":"Ornamental Fan"},{"floor":10.0,"key":"Gremlin Horn"},{"floor":12.0,"key":"Dodecahedron"},{"floor":24.0,"key":"Mercury Hourglass"},{"floor":26.0,"key":"Snake Skull"},{"floor":27.0,"key":"War Paint"},{"floor":45,"key":"The Courier"}],"event_choices":[{"cards_removed":["Doubt"],"damage_healed":0.0,"max_hp_gain":0.0,"max_hp_loss":0.0,"gold_gain":0.0,"event_name":"The Cleric","player_choice":"Card Removal","floor":2.0,"gold_loss":75.0,"damage_taken":0.0},{"cards_removed":["Strike_G"],"damage_healed":0.0,"max_hp_gain":0.0,"max_hp_loss":0.0,"gold_gain":0.0,"event_name":"Purifier","player_choice":"Purged","floor":4.0,"gold_loss":0.0,"damage_taken":0.0},{"damage_healed":0.0,"max_hp_gain":0.0,"max_hp_loss":0.0,"gold_gain":0.0,"event_name":"Dead Adventurer","player_choice":"Searched \u00272\u0027 times","floor":10.0,"gold_loss":0.0,"damage_taken":0.0},{"damage_healed":0.0,"max_hp_gain":0.0,"max_hp_loss":20.0,"gold_gain":0.0,"event_name":"Vampires","player_choice":"Became a vampire","floor":19.0,"gold_loss":0.0,"damage_taken":0.0,"cards_obtained":["Bite","Bite","Bite","Bite","Bite"]},{"damage_healed":0.0,"max_hp_gain":0.0,"max_hp_loss":0.0,"gold_gain":0.0,"event_name":"Back to Basics","player_choice":"Simplicity","floor":20.0,"gold_loss":0.0,"damage_taken":0.0,"cards_upgraded":["Defend_G","Defend_G","Defend_G","Defend_G","Defend_G"]},{"damage_healed":0.0,"max_hp_gain":0.0,"max_hp_loss":0.0,"gold_gain":0.0,"event_name":"Drug Dealer","player_choice":"Obtain J.A.X.","floor":21.0,"gold_loss":0.0,"damage_taken":0.0,"cards_obtained":["J.A.X."]},{"damage_healed":0.0,"max_hp_gain":5.0,"max_hp_loss":0.0,"gold_gain":0.0,"event_name":"Forgotten Altar","player_choice":"Shed Blood","floor":28.0,"gold_loss":0.0,"damage_taken":16.0},{"damage_healed":0.0,"max_hp_gain":0.0,"max_hp_loss":0.0,"gold_gain":0.0,"event_name":"Ghosts","player_choice":"Ignored","floor":31.0,"gold_loss":0.0,"damage_taken":0.0},{"cards_removed":["Caltrops"],"damage_healed":0.0,"max_hp_gain":0.0,"max_hp_loss":0.0,"gold_gain":0.0,"event_name":"Falling","player_choice":"Removed Power","floor":36.0,"gold_loss":0.0,"damage_taken":0.0},{"damage_healed":0.0,"max_hp_gain":0.0,"max_hp_loss":0.0,"gold_gain":0.0,"event_name":"Lab","player_choice":"Got Potions","floor":37.0,"gold_loss":0.0,"damage_taken":0.0}],"is_beta":false,"boss_relics":[{"not_picked":["Calling Bell","Pandora\u0027s Box"],"picked":"Velvet Choker"},{"not_picked":["Eternal Feather","Black Star"],"picked":"Ring of the Serpent"}],"items_purged_floors":[],"is_endless":false,"potions_floor_spawned":[1,10,14,16,18,24,30,35,38,39,42],"killed_by":"3 Darklings","ascension_level":19}