{"gold_per_floor":[116,47,10,26,46,72,72,103,103,103,121,140,140,105,105,208,208,219,173,183,203,218,218,218,218,218,241,331,359,170,184,184,184],"floor_reached":33,"playtime":3359,"items_purged":["Strike_G"],"score":259,"play_id":"08321059-85e2-439a-a0f3-0c765af589af","local_time":"20190125232951","is_ascension_mode":false,"campfire_choices":[{"data":"Infinite Blades","floor":7.0,"key":"SMITH"},{"floor":10.0,"key":"REST"},{"floor":13.0,"key":"REST"},{"data":"Skewer","floor":15.0,"key":"SMITH"},{"floor":23,"key":"REST"},{"floor":25,"key":"REST"},{"floor":32,"key":"REST"}],"neow_cost":"NONE","seed_source_timestamp":0,"circlet_count":0,"master_deck":["Defend_G","Defend_G","Defend_G","Defend_G","Defend_G","Strike_G","Strike_G","Strike_G","Survivor","Neutralize","A Thousand Cuts","Deadly Poison","Deadly Poison","Dagger Throw","Infinite Blades+1","Noxious Fumes","Terror","Skewer+1","Unload","Backflip","Die Die Die","Deflect","Bane","Reflex+1","Tactician+1","Underhanded Strike+1","PiercingWail","Footwork","Dodge and Roll"],"special_seed":0,"relics":["Ring of the Snake","StoneCalendar","Letter Opener","Dodecahedron","HoveringKite","MawBank","Bottled Flame"],"potions_floor_usage":[27,31,31,31,33],"damage_taken":[{"damage":4.0,"enemies":"Cultist","floor":1.0,"turns":5.0},{"damage":1.0,"enemies":"Jaw Worm","floor":4.0,"turns":4.0},{"damage":1.0,"enemies":"2 Louse","floor":5.0,"turns":3.0},{"damage":20.0,"enemies":"Lagavulin","floor":6.0,"turns":6.0},{"damage":27.0,"enemies":"Gremlin Nob","floor":8.0,"turns":5.0},{"damage":4.0,"enemies":"Exordium Wildlife","floor":11.0,"turns":3.0},{"damage":7.0,"enemies":"Blue Slaver","floor":12.0,"turns":3.0},{"damage":20.0,"enemies":"Slime Boss","floor":16.0,"turns":6.0},{"damage":20.0,"enemies":"Spheric Guardian","floor":18.0,"turns":4.0},{"damage":1.0,"enemies":"Chosen","floor":20.0,"turns":3.0},{"damage":18.0,"enemies":"Centurion and Healer","floor":21.0,"turns":7.0},{"damage":21,"enemies":"3 Cultists","floor":22,"turns":5},{"damage":16,"enemies":"Colosseum Slavers","floor":24,"turns":4},{"damage":13,"enemies":"Chosen and Byrds","floor":27,"turns":5},{"damage":21,"enemies":"Shelled Parasite and Fungi","floor":29,"turns":7},{"damage":17,"enemies":"3 Cultists","floor":31,"turns":5},{"damage":36,"enemies":"Collector","floor":33,"turns":3}],"seed_played":"8610164782396008050","potions_obtained":[{"floor":4.0,"key":"GamblersBrew"},{"floor":8.0,"key":"PowerPotion"},{"floor":11.0,"key":"SkillPotion"},{"floor":16.0,"key":"AttackPotion"},{"floor":18.0,"key":"Regen Potion"},{"floor":21.0,"key":"Poison Potion"},{"floor":29,"key":"Strength Potion"},{"floor":31,"key":"SneckoOil"}],"is_trial":false,"path_per_floor":["M","$","$","M","M","E","R","E","T","R","M","M","R","?","R","B",null,"M","$","M","M","M","R","?","R","T","M","T","M","$","M","R","B"],"character_chosen":"THE_SILENT","items_purchased":["Deadly Poison","Dagger Throw","Infinite Blades","Bane","Dodge and Roll","Regen Potion"],"campfire_rested":5,"item_purchase_floors":[2,2,3,19,30,30],"current_hp_per_floor":[66,66,66,65,64,44,44,17,17,38,34,27,48,65,65,45,70,50,50,49,40,19,40,24,45,45,32,32,11,11,6,27,0],"gold":184,"neow_bonus":"TRANSFORM_CARD","is_prod":false,"is_daily":false,"chose_seed":false,"campfire_upgraded":2,"win_rate":0.0,"timestamp":1548455391,"path_taken":["M","?","$","M","M","E","R","E","T","R","M","M","R","?","R","BOSS","M","$","M","M","M","R","?","R","T","M","?","M","?","?","R","BOSS"],"build_version":"2019-01-23","purchased_purges":1,"victory":false,"max_hp_per_floor":[70,70,70,70,70,70,70,70,70,70,70,70,70,70,70,70,70,70,70,70,70,70,70,70,70,70,70,70,70,70,70,70,70],"card_choices":[{"not_picked":["Deflect","Expertise"],"picked":"Deadly Poison","floor":1.0},{"not_picked":["Endless Agony","Acrobatics"],"picked":"Noxious Fumes","floor":4.0},{"not_picked":["Deadly Poison","Masterful Stab"],"picked":"Terror","floor":5.0},{"not_picked":["Expertise","Leg Sweep"],"picked":"Skewer","floor":6.0},{"not_picked":["Deflect","Backflip"],"picked":"Unload","floor":8.0},{"not_picked":["Dash","Dagger Spray"],"picked":"Backflip","floor":11.0},{"not_picked":["Slice","Acrobatics","Backflip"],"picked":"SKIP","floor":12.0},{"not_picked":["A Thousand Cuts","Unload"],"picked":"Die Die Die","floor":16.0},{"not_picked":["Footwork","Quick Slash"],"picked":"Deflect","floor":18.0},{"not_picked":["Bane+1","PiercingWail"],"picked":"Reflex+1","floor":20.0},{"not_picked":["Slice","Envenom"],"picked":"Tactician+1","floor":21.0},{"not_picked":["Flying Knee","Slice"],"picked":"Underhanded Strike+1","floor":22},{"not_picked":["Tactician","Distraction+1"],"picked":"PiercingWail","floor":27},{"not_picked":["Dagger Throw","Dash"],"picked":"Footwork","floor":29},{"not_picked":["Well Laid Plans","Skewer","Calculated Gamble"],"picked":"SKIP","floor":31}],"player_experience":42667,"relics_obtained":[{"floor":6.0,"key":"StoneCalendar"},{"floor":8.0,"key":"Letter Opener"},{"floor":9.0,"key":"Dodecahedron"},{"floor":26,"key":"MawBank"},{"floor":28,"key":"Bottled Flame"}],"event_choices":[{"damage_healed":17.0,"max_hp_gain":0.0,"max_hp_loss":0.0,"gold_gain":0.0,"event_name":"The Cleric","player_choice":"Healed","floor":14.0,"gold_loss":35.0,"damage_taken":0.0},{"damage_healed":0,"gold_gain":0,"player_choice":"Fight","damage_taken":0,"max_hp_gain":0,"max_hp_loss":0,"event_name":"Colosseum","floor":24,"gold_loss":0},{"damage_healed":0,"gold_gain":0,"player_choice":"Fled From Nobs","damage_taken":0,"max_hp_gain":0,"max_hp_loss":0,"event_name":"Colosseum","floor":24,"gold_loss":0}],"is_beta":false,"boss_relics":[{"not_picked":["Sozu","Ectoplasm"],"picked":"HoveringKite"}],"items_purged_floors":[30],"is_endless":false,"potions_floor_spawned":[4,8,11,16,18,21,29,31],"killed_by":"Collector","ascension_level":0}