{"gold_per_floor":[119,44,44,44,61,94,104,104,104,131,149,161,61,61,61,156,156,141,152,227,102,102,102,31,31,31,51,51],"floor_reached":28,"playtime":1506,"items_purged":["Strike_R","Strike_R","Regret"],"score":427,"play_id":"f0fe4d46-43c4-4263-bd78-0948d7ed3c42","local_time":"20181223002200","is_ascension_mode":true,"campfire_choices":[{"data":"Metallicize","floor":8,"key":"SMITH"},{"data":"Burning Pact","floor":15,"key":"SMITH"},{"data":"Barricade","floor":23,"key":"SMITH"},{"data":"Feel No Pain","floor":25,"key":"SMITH"}],"neow_cost":"NONE","seed_source_timestamp":3494895950394667,"circlet_count":0,"master_deck":["AscendersBane","Strike_R","Strike_R","Defend_R","Defend_R","Defend_R","Defend_R","Bash","Cleave","Metallicize+1","Cleave","Feed+1","Inflame","Rampage+1","Burning Pact+1","Barricade+1","Shrug It Off","Burning Pact","Feel No Pain+1","Shrug It Off"],"relics":["Burning Blood","NeowsBlessing","Molten Egg 2","Vajra","Meat on the Bone","Philosopher\u0027s Stone","Paper Frog"],"potions_floor_usage":[10,11,16,16,27],"damage_taken":[{"damage":0,"enemies":"Small Slimes","floor":1,"turns":1},{"damage":0,"enemies":"2 Louse","floor":5,"turns":1},{"damage":0,"enemies":"Gremlin Nob","floor":6,"turns":1},{"damage":13,"enemies":"Cultist","floor":7,"turns":4},{"damage":27,"enemies":"3 Sentries","floor":10,"turns":7},{"damage":20,"enemies":"Exordium Thugs","floor":11,"turns":3},{"damage":11,"enemies":"Blue Slaver","floor":12,"turns":6},{"damage":52,"enemies":"Slime Boss","floor":16,"turns":11},{"damage":26,"enemies":"2 Thieves","floor":18,"turns":4},{"damage":26,"enemies":"Shell Parasite","floor":19,"turns":9},{"damage":23,"enemies":"Sentry and Sphere","floor":27,"turns":5},{"damage":23,"enemies":"Slavers","floor":28,"turns":3}],"seed_played":"-7131132324730295619","potions_obtained":[{"floor":1,"key":"SpeedPotion"},{"floor":7,"key":"BloodPotion"},{"floor":11,"key":"AttackPotion"},{"floor":12,"key":"SpeedPotion"},{"floor":19,"key":"PowerPotion"}],"is_trial":false,"path_per_floor":["M","$","?","?","M","E","M","R","T","E","M","M","$","?","R","B",null,"M","M","?","$","$","R","$","R","T","M","E"],"character_chosen":"IRONCLAD","items_purchased":["Feel No Pain"],"campfire_rested":0,"item_purchase_floors":[24],"current_hp_per_floor":[78,78,78,78,80,80,77,77,77,60,58,57,57,57,57,27,82,62,54,44,44,44,44,44,44,44,39,16],"gold":51,"neow_bonus":"THREE_ENEMY_KILL","is_prod":false,"is_daily":false,"chose_seed":false,"campfire_upgraded":4,"win_rate":0,"timestamp":1545553320,"path_taken":["M","$","?","?","M","E","M","R","T","E","?","M","?","?","R","BOSS","M","M","?","?","$","R","$","R","T","M","E"],"build_version":"2018-12-20","purchased_purges":3,"victory":false,"max_hp_per_floor":[80,80,80,80,80,80,84,84,84,88,92,96,96,96,96,100,100,100,100,100,100,100,100,100,100,100,100,100],"card_choices":[{"not_picked":["Pummel","Armaments"],"picked":"Cleave","floor":1},{"not_picked":["Infernal Blade","Warcry"],"picked":"Cleave","floor":5},{"not_picked":["Entrench","True Grit"],"picked":"Feed","floor":6},{"not_picked":["Power Through","Infernal Blade"],"picked":"Inflame","floor":7},{"not_picked":["Rage","Headbutt+1"],"picked":"Rampage+1","floor":10},{"not_picked":["Twin Strike+1","Blood for Blood+1","Body Slam+1"],"picked":"SKIP","floor":11},{"not_picked":["Twin Strike+1","Blood for Blood+1","Body Slam+1"],"picked":"SKIP","floor":11},{"not_picked":["Rage","Sentinel"],"picked":"Burning Pact","floor":12},{"not_picked":["Offering","Juggernaut"],"picked":"Barricade","floor":16},{"not_picked":["Heavy Blade+1","Pommel Strike+1"],"picked":"Shrug It Off","floor":18},{"not_picked":["True Grit","Thunderclap+1"],"picked":"Burning Pact","floor":19},{"not_picked":["Clothesline+1","Heavy Blade+1"],"picked":"Shrug It Off","floor":27}],"player_experience":507984,"relics_obtained":[{"floor":6,"key":"Molten Egg 2"},{"floor":10,"key":"Vajra"},{"floor":26,"key":"Paper Frog"}],"event_choices":[{"damage_healed":0,"gold_gain":0,"cards_transformed":["Strike_R"],"player_choice":"Change","damage_taken":0,"max_hp_gain":0,"max_hp_loss":0,"event_name":"Living Wall","floor":3,"gold_loss":0,"cards_obtained":["Metallicize"]},{"damage_healed":0,"gold_gain":0,"player_choice":"0 cards matched","damage_taken":0,"max_hp_gain":0,"max_hp_loss":0,"event_name":"Match and Keep!","floor":4,"gold_loss":0,"cards_obtained":[]},{"damage_healed":0,"gold_gain":0,"player_choice":"Box","damage_taken":0,"relics_obtained":["Meat on the Bone"],"max_hp_gain":0,"max_hp_loss":0,"event_name":"Big Fish","floor":14,"gold_loss":0,"cards_obtained":["Regret"]},{"damage_healed":0,"gold_gain":75,"player_choice":"Touch","damage_taken":10,"max_hp_gain":0,"max_hp_loss":0,"event_name":"FaceTrader","floor":20,"gold_loss":0}],"is_beta":false,"boss_relics":[{"not_picked":["Runic Cube","Eternal Feather"],"picked":"Philosopher\u0027s Stone"}],"items_purged_floors":[2,13,21],"is_endless":false,"potions_floor_spawned":[1,7,11,12,19],"killed_by":"Slavers","ascension_level":12}