{"gold_per_floor":[118,136,136,155,230,230,256,256,256,256,283,295,295],"floor_reached":13,"playtime":1160,"items_purged":[],"score":93,"play_id":"ae64f53f-156a-48e7-91ae-a4f34efb4ac6","local_time":"20190701233622","is_ascension_mode":false,"campfire_choices":[{"floor":6,"key":"REST"},{"floor":8,"key":"REST"},{"data":"Outmaneuver","floor":10,"key":"SMITH"}],"neow_cost":"NONE","seed_source_timestamp":1180657856212517,"circlet_count":0,"master_deck":["Strike_G","Strike_G","Strike_G","Strike_G","Defend_G","Defend_G","Defend_G","Defend_G","Defend_G","Survivor","Neutralize","Calculated Gamble","Blade Dance","Dagger Spray","Poisoned Stab","Outmaneuver+1","Noxious Fumes","Dagger Spray"],"relics":["Ring of the Snake","Darkstone Periapt","Blue Candle","Torii"],"potions_floor_usage":[7],"damage_taken":[{"damage":2,"enemies":"2 Louse","floor":1,"turns":3},{"damage":0,"enemies":"Cultist","floor":2,"turns":5},{"damage":3,"enemies":"Jaw Worm","floor":4,"turns":3},{"damage":28,"enemies":"Lagavulin","floor":7,"turns":8},{"damage":33,"enemies":"Gremlin Nob","floor":11,"turns":5},{"damage":16,"enemies":"Blue Slaver","floor":12,"turns":4},{"damage":15,"enemies":"Exordium Thugs","floor":13,"turns":3}],"seed_played":"-3474824690419230993","potions_obtained":[{"floor":2,"key":"Explosive Potion"},{"floor":11,"key":"FearPotion"}],"is_trial":false,"path_per_floor":["M","M","?","M","?","R","E","R","T","R","E","M","M"],"character_chosen":"THE_SILENT","items_purchased":[],"campfire_rested":2,"item_purchase_floors":[],"current_hp_per_floor":[68,68,68,65,54,70,42,63,63,63,30,14,0],"gold":295,"neow_bonus":"TRANSFORM_CARD","is_prod":false,"is_daily":false,"chose_seed":false,"campfire_upgraded":1,"win_rate":0.0,"timestamp":1562042182,"path_taken":["M","M","?","?","?","R","E","R","T","R","E","M","M"],"build_version":"2019-07-01","purchased_purges":0,"victory":false,"max_hp_per_floor":[70,70,70,70,70,70,70,70,70,70,70,70,70],"card_choices":[{"not_picked":["Bane","Skewer"],"picked":"Blade Dance","floor":1},{"not_picked":["Acrobatics","Dodge and Roll"],"picked":"Dagger Spray","floor":2},{"not_picked":["Sucker Punch","Heel Hook"],"picked":"Poisoned Stab","floor":4},{"not_picked":["Acrobatics","Reflex"],"picked":"Outmaneuver","floor":7},{"not_picked":["Tactician","Caltrops"],"picked":"Noxious Fumes","floor":11},{"not_picked":["Flechettes","Doppelganger"],"picked":"Dagger Spray","floor":12}],"player_experience":204347,"relics_obtained":[{"floor":7,"key":"Darkstone Periapt"},{"floor":9,"key":"Blue Candle"},{"floor":11,"key":"Torii"}],"event_choices":[{"damage_healed":0,"gold_gain":0,"player_choice":"Ignored","damage_taken":0,"max_hp_gain":0,"max_hp_loss":0,"event_name":"Purifier","floor":3,"gold_loss":0},{"damage_healed":0,"gold_gain":75,"player_choice":"Gather Gold","damage_taken":11,"max_hp_gain":0,"max_hp_loss":0,"event_name":"World of Goop","floor":5,"gold_loss":0}],"is_beta":false,"boss_relics":[],"items_purged_floors":[],"is_endless":false,"potions_floor_spawned":[2,11],"killed_by":"Exordium Thugs","ascension_level":0}