{"gold_per_floor":[115,115,44,55,55,80,80,90,161,161],"floor_reached":10,"playtime":502,"items_purged":[],"score":69,"play_id":"ec22f6d9-4ba0-4f11-bef4-bdb9e31ca121","local_time":"20190324160722","is_ascension_mode":true,"campfire_choices":[{"data":"White Noise","floor":7,"key":"SMITH"}],"neow_cost":"TEN_PERCENT_HP_LOSS","seed_source_timestamp":755439309771,"circlet_count":0,"master_deck":["Strike_B","Strike_B","Defend_B+1","Defend_B+1","Defend_B","Defend_B","Zap+1","Dualcast","White Noise+1","Redo","Conserve Battery"],"relics":["Cracked Core","War Paint","Art of War","Question Card"],"potions_floor_usage":[10],"damage_taken":[{"damage":0,"enemies":"Small Slimes","floor":1,"turns":3},{"damage":0,"enemies":"Cultist","floor":4,"turns":3},{"damage":35,"enemies":"3 Sentries","floor":6,"turns":11},{"damage":6,"enemies":"Jaw Worm","floor":8,"turns":2},{"damage":9,"enemies":"Lagavulin","floor":10,"turns":6}],"seed_played":"-4256264647488140234","potions_obtained":[{"floor":8,"key":"SpeedPotion"}],"is_trial":false,"path_per_floor":["M","?","$","M","?","E","R","M","T","E"],"character_chosen":"DEFECT","items_purchased":["White Noise"],"campfire_rested":0,"item_purchase_floors":[3],"current_hp_per_floor":[68,68,68,68,50,15,15,9,9,0],"gold":161,"neow_bonus":"REMOVE_TWO","is_prod":false,"is_daily":false,"chose_seed":false,"campfire_upgraded":1,"win_rate":0,"timestamp":1553468842,"path_taken":["M","?","?","?","?","E","R","M","T","E"],"build_version":"2019-01-23","purchased_purges":0,"victory":false,"max_hp_per_floor":[68,68,68,68,68,68,68,68,68,68],"card_choices":[{"not_picked":["Conserve Battery","Stack","Cold Snap"],"picked":"SKIP","floor":1},{"not_picked":["Rebound","Turbo","Glacier"],"picked":"SKIP","floor":4},{"not_picked":["Sweeping Beam","Steam Power"],"picked":"Redo","floor":6},{"not_picked":["Steam","Streamline"],"picked":"Conserve Battery","floor":8}],"player_experience":159772,"relics_obtained":[{"floor":6,"key":"Art of War"},{"floor":9,"key":"Question Card"}],"event_choices":[{"damage_healed":0,"gold_gain":0,"player_choice":"Upgraded","damage_taken":0,"max_hp_gain":0,"max_hp_loss":0,"event_name":"Upgrade Shrine","floor":2,"gold_loss":0,"cards_upgraded":["Zap"]},{"damage_healed":0,"gold_gain":0,"player_choice":"Success","damage_taken":18,"relics_obtained":["War Paint"],"max_hp_gain":0,"max_hp_loss":0,"event_name":"Scrap Ooze","floor":5,"gold_loss":0}],"is_beta":false,"boss_relics":[],"items_purged_floors":[],"is_endless":false,"potions_floor_spawned":[8],"killed_by":"Lagavulin","ascension_level":1}