{"gold_per_floor":[215,215,233,253,265,299,299,314,314,346,366,379,397,425,425,525,575,591,601,154,154,154,154],"floor_reached":23,"playtime":1609,"items_purged":[],"score":228,"play_id":"ac6a8778-4aab-4b61-afa3-13e8305a32de","local_time":"20190624182930","is_ascension_mode":true,"campfire_choices":[{"data":"Cleave","floor":7,"key":"SMITH"},{"floor":15,"key":"REST"}],"neow_cost":"NONE","seed_source_timestamp":556993578142102,"circlet_count":0,"master_deck":["Strike_R","Strike_R","Strike_R","Strike_R","Strike_R","Defend_R","Defend_R","Defend_R","Defend_R","Bash","Pommel Strike","Cleave+1","Anger+1","Armaments","Twin Strike","Carnage","Impervious","Flex","Barricade"],"relics":["Burning Blood","Blood Vial","Gambling Chip","Pantograph","Meat on the Bone","Dodecahedron","Tiny House","Bird Faced Urn","MutagenicStrength"],"potions_floor_usage":[8,16,16,19,21,21],"damage_taken":[{"damage":8,"enemies":"2 Louse","floor":1,"turns":2},{"damage":7,"enemies":"Small Slimes","floor":3,"turns":3},{"damage":8,"enemies":"Jaw Worm","floor":4,"turns":3},{"damage":12,"enemies":"3 Louse","floor":5,"turns":3},{"damage":28,"enemies":"Gremlin Nob","floor":6,"turns":4},{"damage":0,"enemies":"Exordium Thugs","floor":8,"turns":2},{"damage":34,"enemies":"Lagavulin","floor":10,"turns":6},{"damage":6,"enemies":"Large Slime","floor":11,"turns":5},{"damage":0,"enemies":"Exordium Wildlife","floor":12,"turns":3},{"damage":7,"enemies":"Blue Slaver","floor":13,"turns":3},{"damage":20,"enemies":"Gremlin Nob","floor":14,"turns":4},{"damage":75,"enemies":"The Guardian","floor":16,"turns":9},{"damage":24,"enemies":"Shell Parasite","floor":18,"turns":4},{"damage":18,"enemies":"Chosen","floor":19,"turns":5},{"damage":29,"enemies":"Sentry and Sphere","floor":21,"turns":7},{"damage":53,"enemies":"Gremlin Leader","floor":23,"turns":4}],"seed_played":"-2586834199398863002","potions_obtained":[{"floor":3,"key":"Energy Potion"},{"floor":4,"key":"SmokeBomb"},{"floor":5,"key":"AttackPotion"},{"floor":11,"key":"Strength Potion"},{"floor":17,"key":"EssenceOfSteel"},{"floor":18,"key":"EssenceOfSteel"}],"is_trial":false,"path_per_floor":["M","?","M","M","M","E","R","M","T","E","M","M","M","E","R","B",null,"M","M","$","M","?","E"],"character_chosen":"IRONCLAD","items_purchased":["Bird Faced Urn","Barricade"],"campfire_rested":1,"item_purchase_floors":[20,20],"current_hp_per_floor":[78,75,76,76,72,52,52,60,60,34,48,56,57,57,80,23,85,67,57,57,50,50,0],"gold":154,"neow_bonus":"HUNDRED_GOLD","is_prod":false,"is_daily":false,"chose_seed":false,"campfire_upgraded":1,"win_rate":0,"timestamp":1561418970,"path_taken":["M","?","M","M","M","E","R","M","T","E","M","M","M","E","R","BOSS","M","M","$","M","?","E"],"build_version":"2019-01-23","purchased_purges":0,"victory":false,"max_hp_per_floor":[80,80,80,80,80,80,80,80,80,80,80,80,80,80,80,80,85,85,85,85,85,85,85],"card_choices":[{"not_picked":["Sword Boomerang","Seeing Red"],"picked":"Pommel Strike","floor":1},{"not_picked":["Dual Wield","Armaments"],"picked":"Cleave","floor":3},{"not_picked":["Heavy Blade","Perfected Strike","Rupture"],"picked":"SKIP","floor":4},{"not_picked":["Clash","Battle Trance"],"picked":"Anger","floor":5},{"not_picked":["Heavy Blade","Power Through","Havoc"],"picked":"SKIP","floor":6},{"not_picked":["Iron Wave","True Grit","Combust"],"picked":"SKIP","floor":8},{"not_picked":["Shockwave","Body Slam"],"picked":"Armaments","floor":10},{"not_picked":["Body Slam","Clash"],"picked":"Twin Strike","floor":11},{"not_picked":["Warcry","Evolve","Headbutt"],"picked":"SKIP","floor":12},{"not_picked":["Headbutt","Sword Boomerang","Shockwave"],"picked":"SKIP","floor":13},{"not_picked":["Juggernaut","Hemokinesis"],"picked":"Carnage","floor":14},{"not_picked":["Juggernaut","Dark Embrace"],"picked":"Impervious","floor":16},{"not_picked":["Twin Strike","Disarm"],"picked":"Flex","floor":18},{"not_picked":["Dual Wield","Combust+1","Twin Strike"],"picked":"SKIP","floor":19}],"player_experience":173745,"relics_obtained":[{"floor":6,"key":"Gambling Chip"},{"floor":9,"key":"Pantograph"},{"floor":10,"key":"Meat on the Bone"},{"floor":14,"key":"Dodecahedron"}],"event_choices":[{"damage_healed":0,"gold_gain":0,"player_choice":"Success","damage_taken":3,"relics_obtained":["Blood Vial"],"max_hp_gain":0,"max_hp_loss":0,"event_name":"Scrap Ooze","floor":2,"gold_loss":0},{"damage_healed":0,"gold_gain":0,"player_choice":"Inject Mutagens","damage_taken":0,"relics_obtained":["MutagenicStrength"],"max_hp_gain":0,"max_hp_loss":0,"event_name":"Drug Dealer","floor":22,"gold_loss":0}],"is_beta":false,"boss_relics":[{"not_picked":["Snecko Eye","Ectoplasm"],"picked":"Tiny House"}],"items_purged_floors":[],"is_endless":false,"potions_floor_spawned":[3,4,5,10,11,18],"killed_by":"Gremlin Leader","ascension_level":1}