{"gold_per_floor":[110,110,120,136,136,136,147,147,147,176,194,194,214,244,244,348,348,362,380,380,159,159,188,188,188,211,246,258],"floor_reached":28,"playtime":2254,"items_purged":[],"score":279,"play_id":"c32271b6-39df-44fe-a484-fec9b5d87a5e","local_time":"20190711164620","is_ascension_mode":true,"campfire_choices":[{"data":"Metallicize","floor":6.0,"key":"SMITH"},{"data":"Perfected Strike","floor":8.0,"key":"SMITH"},{"data":"Demon Form","floor":15,"key":"SMITH"},{"floor":24,"key":"REST"}],"neow_cost":"TEN_PERCENT_HP_LOSS","seed_source_timestamp":61172316857598,"circlet_count":0,"master_deck":["Strike_R","Strike_R","Strike_R","Strike_R","Defend_R","Defend_R","Defend_R","Defend_R","Bash+1","Shrug It Off+1","Metallicize+1","Cleave+1","Perfected Strike+1","Corruption","Shrug It Off","Demon Form+1","Dark Embrace","Seeing Red","Warcry","Metallicize","Dual Wield+1","Shrug It Off+1","Barricade"],"special_seed":0,"relics":["Burning Blood","Mango","Question Card","Dream Catcher","Centennial Puzzle","Blue Candle","Philosopher\u0027s Stone","Tiny Chest","War Paint","MawBank"],"potions_floor_usage":[13,14,14,23,27],"damage_taken":[{"damage":0.0,"enemies":"2 Louse","floor":1.0,"turns":3.0},{"damage":0.0,"enemies":"Small Slimes","floor":3.0,"turns":3.0},{"damage":2.0,"enemies":"Cultist","floor":4.0,"turns":4.0},{"damage":2.0,"enemies":"Blue Slaver","floor":7.0,"turns":5.0},{"damage":31.0,"enemies":"3 Sentries","floor":10.0,"turns":12.0},{"damage":0.0,"enemies":"Exordium Wildlife","floor":11.0,"turns":5.0},{"damage":0,"enemies":"Lots of Slimes","floor":13,"turns":1},{"damage":12,"enemies":"Gremlin Nob","floor":14,"turns":4},{"damage":34,"enemies":"Hexaghost","floor":16,"turns":8},{"damage":19,"enemies":"3 Byrds","floor":18,"turns":6},{"damage":18,"enemies":"2 Thieves","floor":19,"turns":4},{"damage":34,"enemies":"Book of Stabbing","floor":23,"turns":6},{"damage":62,"enemies":"Slavers","floor":27,"turns":8},{"damage":9,"enemies":"3 Cultists","floor":28,"turns":3}],"seed_played":"-6447821301214972987","potions_obtained":[{"floor":3.0,"key":"BloodPotion"},{"floor":4.0,"key":"BloodPotion"},{"floor":10.0,"key":"Swift Potion"},{"floor":11.0,"key":"AttackPotion"},{"floor":13,"key":"Ancient Potion"},{"floor":18,"key":"Strength Potion"}],"is_trial":false,"path_per_floor":["M","?","M","M","?","R","M","R","T","E","M","?","M","E","R","B",null,"M","M","?","$","?","E","R","?","T","E","M"],"character_chosen":"IRONCLAD","items_purchased":["Warcry","Tiny Chest","Metallicize"],"campfire_rested":1,"item_purchase_floors":[21,21,21],"current_hp_per_floor":[86,79,85,86,69,69,73,73,73,48,75,75,81,75,75,47,86,73,61,61,61,44,16,43,43,43,9,0],"gold":258,"neow_bonus":"ONE_RARE_RELIC","is_prod":false,"is_daily":false,"chose_seed":false,"campfire_upgraded":3,"win_rate":0,"timestamp":1562877980,"path_taken":["M","?","M","M","?","R","M","R","T","E","M","?","M","E","R","BOSS","M","M","?","$","?","E","R","?","T","E","M"],"build_version":"2019-07-05","purchased_purges":0,"victory":false,"max_hp_per_floor":[86,86,86,86,86,86,86,86,86,86,86,86,86,86,86,86,86,86,86,86,86,91,91,91,91,91,91,91],"card_choices":[{"not_picked":["Sword Boomerang","Heavy Blade"],"picked":"Shrug It Off","floor":1.0},{"not_picked":["Infernal Blade","Blood for Blood","Body Slam"],"picked":"Metallicize","floor":3.0},{"not_picked":["Iron Wave","Hemokinesis","Carnage"],"picked":"Cleave","floor":4.0},{"not_picked":["Hemokinesis","Shrug It Off","Fire Breathing"],"picked":"Perfected Strike","floor":7.0},{"not_picked":["Body Slam","Iron Wave","Warcry","Infernal Blade"],"picked":"SKIP","floor":10.0},{"not_picked":["Bloodletting","Reckless Charge","Second Wind"],"picked":"Corruption","floor":11.0},{"not_picked":["Dual Wield","Uppercut","Clothesline"],"picked":"Shrug It Off","floor":13},{"not_picked":["Sentinel","Clash","Thunderclap"],"picked":"Demon Form","floor":14},{"not_picked":["Limit Break","Brutality","Feed"],"picked":"Dark Embrace","floor":16},{"not_picked":["Wild Strike","Rupture+1","Body Slam","True Grit"],"picked":"SKIP","floor":18},{"not_picked":["Thunderclap","Cleave","True Grit"],"picked":"Seeing Red","floor":19},{"not_picked":["Corruption","Fire Breathing","Uppercut","Blood for Blood"],"picked":"SKIP","floor":23},{"not_picked":["Perfected Strike","Sever Soul","Flex+1"],"picked":"Dual Wield+1","floor":24},{"not_picked":["Clash","Seeing Red+1","Armaments+1"],"picked":"Barricade","floor":27}],"player_experience":282731,"relics_obtained":[{"floor":9.0,"key":"Dream Catcher"},{"floor":10.0,"key":"Centennial Puzzle"},{"floor":14,"key":"Blue Candle"},{"floor":26,"key":"War Paint"},{"floor":27,"key":"MawBank"}],"event_choices":[{"damage_healed":0.0,"max_hp_gain":0.0,"max_hp_loss":0.0,"gold_gain":0.0,"event_name":"Scrap Ooze","player_choice":"Success","floor":2.0,"gold_loss":0.0,"damage_taken":7.0,"relics_obtained":["Question Card"]},{"damage_healed":0.0,"max_hp_gain":0.0,"max_hp_loss":0.0,"gold_gain":0.0,"event_name":"Shining Light","player_choice":"Entered Light","floor":5.0,"gold_loss":0.0,"damage_taken":17.0,"cards_upgraded":["Cleave","Bash"]},{"damage_healed":0.0,"max_hp_gain":0.0,"max_hp_loss":0.0,"gold_gain":0.0,"event_name":"Liars Game","player_choice":"Ignored","floor":12.0,"gold_loss":0.0,"damage_taken":0.0},{"cards_removed":["Strike_R"],"damage_healed":0,"gold_gain":0,"player_choice":"Elegance","damage_taken":0,"max_hp_gain":0,"max_hp_loss":0,"event_name":"Back to Basics","floor":20,"gold_loss":0},{"damage_healed":0,"gold_gain":0,"player_choice":"Shed Blood","damage_taken":22,"max_hp_gain":5,"max_hp_loss":0,"event_name":"Forgotten Altar","floor":22,"gold_loss":0},{"damage_healed":0,"gold_gain":0,"player_choice":"Copied","damage_taken":0,"max_hp_gain":0,"max_hp_loss":0,"event_name":"Duplicator","floor":25,"gold_loss":0,"cards_obtained":["Shrug It Off"]}],"is_beta":false,"boss_relics":[{"not_picked":["Eternal Feather","Calling Bell"],"picked":"Philosopher\u0027s Stone"}],"items_purged_floors":[],"is_endless":false,"potions_floor_spawned":[3,4,10,11,13,18],"killed_by":"3 Cultists","ascension_level":1}