{"gold_per_floor":[114,128,144,162,176,203,203,238,308,328,356,531,531,546,546,648,648,668,448,448,448,460,460],"floor_reached":23,"playtime":1637,"items_purged":["Doubt"],"score":281,"play_id":"03aac18a-f816-427e-bffb-ab38f69eef31","local_time":"20190711123707","is_ascension_mode":true,"campfire_choices":[{"floor":7,"key":"REST"},{"data":"Footwork","floor":13,"key":"SMITH"},{"floor":15,"key":"REST"}],"neow_cost":"NONE","seed_source_timestamp":46976724575059,"circlet_count":0,"master_deck":["Strike_G","Strike_G","Strike_G","Defend_G","Defend_G","Defend_G","Defend_G","Defend_G+1","Survivor+1","Neutralize","Dagger Spray","Deadly Poison","Heel Hook+1","Noxious Fumes","Footwork+1","Dagger Spray+1","Poisoned Stab+1","Caltrops","Masterful Stab+1","Crippling Poison"],"relics":["Ring of the Snake","Molten Egg 2","Darkstone Periapt","Pear","Turnip","Black Star","War Paint"],"potions_floor_usage":[6,8,10,16,23],"damage_taken":[{"damage":3,"enemies":"Small Slimes","floor":1,"turns":4},{"damage":0,"enemies":"2 Louse","floor":2,"turns":3},{"damage":0,"enemies":"Cultist","floor":3,"turns":4},{"damage":9,"enemies":"Exordium Wildlife","floor":4,"turns":4},{"damage":4,"enemies":"Lots of Slimes","floor":5,"turns":2},{"damage":26,"enemies":"3 Sentries","floor":6,"turns":11},{"damage":19,"enemies":"Gremlin Nob","floor":8,"turns":4},{"damage":9,"enemies":"Gremlin Gang","floor":10,"turns":4},{"damage":8,"enemies":"Lagavulin","floor":11,"turns":8},{"damage":1,"enemies":"Red Slaver","floor":14,"turns":4},{"damage":12,"enemies":"Slime Boss","floor":16,"turns":9},{"damage":7,"enemies":"Shell Parasite","floor":18,"turns":7},{"damage":25,"enemies":"Spheric Guardian","floor":22,"turns":5},{"damage":56,"enemies":"Slavers","floor":23,"turns":5}],"seed_played":"-2985635481131295431","potions_obtained":[{"floor":0,"key":"Swift Potion"},{"floor":0,"key":"Fire Potion"},{"floor":0,"key":"Poison Potion"},{"floor":1,"key":"FairyPotion"},{"floor":8,"key":"Ancient Potion"},{"floor":11,"key":"Weak Potion"},{"floor":16,"key":"Ancient Potion"}],"is_trial":false,"path_per_floor":["M","M","M","M","M","E","R","E","T","M","E","?","R","M","R","B",null,"M","$","?","?","M","E"],"character_chosen":"THE_SILENT","items_purchased":["War Paint"],"campfire_rested":2,"item_purchase_floors":[19],"current_hp_per_floor":[67,67,67,58,54,28,49,30,40,31,23,29,29,28,53,41,86,79,79,62,62,37,0],"gold":460,"neow_bonus":"THREE_SMALL_POTIONS","is_prod":false,"is_daily":false,"chose_seed":false,"campfire_upgraded":1,"win_rate":0,"timestamp":1562863027,"path_taken":["M","M","M","M","M","E","R","E","T","M","E","?","R","M","R","BOSS","M","$","?","?","M","E"],"build_version":"2019-07-05","purchased_purges":1,"victory":false,"max_hp_per_floor":[70,70,70,70,70,70,70,70,80,80,80,86,86,86,86,86,86,86,86,91,91,91,91],"card_choices":[{"not_picked":["Eviscerate","Deadly Poison","Backflip"],"picked":"SKIP","floor":1},{"not_picked":["Eviscerate","Deadly Poison","Backflip"],"picked":"SKIP","floor":1},{"not_picked":["Flying Knee","Bane"],"picked":"Dagger Spray","floor":2},{"not_picked":["Underhanded Strike","Concentrate","Tools of the Trade"],"picked":"SKIP","floor":3},{"not_picked":["PiercingWail","Bane"],"picked":"Deadly Poison","floor":4},{"not_picked":["Riddle With Holes","Escape Plan","Prepared"],"picked":"SKIP","floor":5},{"not_picked":["Blade Dance","Riddle With Holes"],"picked":"Heel Hook","floor":6},{"not_picked":["Sucker Punch+1","Well Laid Plans"],"picked":"Noxious Fumes","floor":8},{"not_picked":["Eviscerate+1","Blade Dance"],"picked":"Footwork","floor":10},{"not_picked":["Deflect","Cloak And Dagger"],"picked":"Dagger Spray+1","floor":11},{"not_picked":["Distraction","Backflip"],"picked":"Poisoned Stab+1","floor":14},{"not_picked":["Flying Knee+1","Acrobatics","Infinite Blades+1"],"picked":"SKIP","floor":18},{"not_picked":["Underhanded Strike+1","Dagger Throw+1"],"picked":"Crippling Poison","floor":22}],"player_experience":271376,"relics_obtained":[{"floor":6,"key":"Molten Egg 2"},{"floor":8,"key":"Darkstone Periapt"},{"floor":9,"key":"Pear"},{"floor":11,"key":"Turnip"}],"event_choices":[{"damage_healed":0,"gold_gain":175,"player_choice":"AGREE","damage_taken":0,"max_hp_gain":0,"max_hp_loss":0,"event_name":"Liars Game","floor":12,"gold_loss":0,"cards_obtained":["Doubt"]},{"damage_healed":0,"gold_gain":0,"player_choice":"Shed Blood","damage_taken":22,"max_hp_gain":5,"max_hp_loss":0,"event_name":"Forgotten Altar","floor":20,"gold_loss":0},{"damage_healed":0,"gold_gain":0,"cards_transformed":["Strike_G","Strike_G"],"player_choice":"Became Test Subject","damage_taken":0,"max_hp_gain":0,"max_hp_loss":0,"event_name":"Drug Dealer","floor":21,"gold_loss":0,"cards_obtained":["Caltrops","Masterful Stab"]}],"is_beta":false,"boss_relics":[{"not_picked":["Pandora\u0027s Box","Ectoplasm"],"picked":"Black Star"}],"items_purged_floors":[19],"is_endless":false,"potions_floor_spawned":[1,5,8,11,16],"killed_by":"Slavers","ascension_level":4}