{"gold_per_floor":[116,116,126,126,140,166,166,166,166,178,203,278,48,82,82,82],"floor_reached":16,"playtime":3437,"items_purged":[],"score":130,"play_id":"da30f193-c0b4-47c3-afc6-559882242737","local_time":"20190708180100","is_ascension_mode":true,"campfire_choices":[{"data":"Poisoned Stab","floor":8,"key":"SMITH"},{"floor":15,"key":"REST"}],"neow_cost":"NONE","seed_source_timestamp":1763065467949157,"circlet_count":0,"master_deck":["Strike_G","Strike_G","Strike_G","Strike_G","Defend_G","Defend_G","Defend_G","Defend_G","Defend_G","Survivor","Neutralize","Deflect","Crippling Poison","Poisoned Stab+1","Bouncing Flask"],"relics":["Ring of the Snake","Singing Bowl","Vajra","PreservedInsect","Du-Vu Doll"],"potions_floor_usage":[10,10],"damage_taken":[{"damage":0,"enemies":"Small Slimes","floor":1,"turns":5},{"damage":0,"enemies":"2 Louse","floor":3,"turns":3},{"damage":0,"enemies":"Cultist","floor":5,"turns":5},{"damage":43,"enemies":"3 Sentries","floor":6,"turns":16},{"damage":3,"enemies":"Looter","floor":10,"turns":3},{"damage":11,"enemies":"Gremlin Nob","floor":11,"turns":4},{"damage":2,"enemies":"Lagavulin","floor":14,"turns":5},{"damage":53,"enemies":"Slime Boss","floor":16,"turns":6}],"seed_played":"392303692995413970","potions_obtained":[{"floor":5,"key":"SpeedPotion"},{"floor":6,"key":"Regen Potion"}],"is_trial":false,"path_per_floor":["M","?","M","?","M","E","?","R","T","M","E","?","$","E","R","B"],"character_chosen":"THE_SILENT","items_purchased":["PreservedInsect","Bouncing Flask"],"campfire_rested":1,"item_purchase_floors":[13,13],"current_hp_per_floor":[70,75,75,75,75,34,27,27,27,38,29,18,18,18,42,0],"gold":82,"neow_bonus":"ONE_RANDOM_RARE_CARD","is_prod":false,"is_daily":false,"chose_seed":false,"campfire_upgraded":1,"win_rate":0,"timestamp":1562626860,"path_taken":["M","?","M","?","M","E","?","R","T","M","E","?","$","E","R","BOSS"],"build_version":"2019-07-05","purchased_purges":0,"victory":false,"max_hp_per_floor":[70,75,75,75,75,77,77,77,77,79,81,81,81,83,83,83],"card_choices":[{"not_picked":["Calculated Gamble","Backstab"],"picked":"Deflect","floor":1},{"not_picked":["Bane","Riddle With Holes"],"picked":"Crippling Poison","floor":3},{"not_picked":["Underhanded Strike","Dodge and Roll"],"picked":"Poisoned Stab","floor":5},{"not_picked":["Concentrate","Dagger Spray","Leg Sweep"],"picked":"Singing Bowl","floor":6},{"not_picked":["Dodge and Roll","Slice","Caltrops"],"picked":"Singing Bowl","floor":10},{"not_picked":["Glass Knife","Calculated Gamble","Acrobatics"],"picked":"Singing Bowl","floor":11},{"not_picked":["Flechettes","Endless Agony","Calculated Gamble"],"picked":"Singing Bowl","floor":14}],"player_experience":293987,"relics_obtained":[{"floor":6,"key":"Singing Bowl"},{"floor":11,"key":"Vajra"},{"floor":14,"key":"Du-Vu Doll"}],"event_choices":[{"damage_healed":0,"gold_gain":0,"player_choice":"Donut","damage_taken":0,"max_hp_gain":5,"max_hp_loss":0,"event_name":"Big Fish","floor":2,"gold_loss":0},{"cards_removed":["Tools of the Trade"],"damage_healed":0,"gold_gain":0,"player_choice":"Forget","damage_taken":0,"max_hp_gain":0,"max_hp_loss":0,"event_name":"Living Wall","floor":4,"gold_loss":0},{"cards_removed":["Strike_G"],"damage_healed":0,"gold_gain":0,"player_choice":"Card Removal","damage_taken":7,"max_hp_gain":0,"max_hp_loss":0,"event_name":"Golden Wing","floor":7,"gold_loss":0},{"damage_healed":0,"gold_gain":75,"player_choice":"Gather Gold","damage_taken":11,"max_hp_gain":0,"max_hp_loss":0,"event_name":"World of Goop","floor":12,"gold_loss":0}],"is_beta":false,"boss_relics":[],"items_purged_floors":[],"is_endless":false,"potions_floor_spawned":[5,6],"killed_by":"Slime Boss","ascension_level":2}