{"gold_per_floor":[211,226,226,56,66,66,95,112,112,112,147,147,161,176,176,251,251,271,271,36,46,63,88,88,99,147,147,158,158,158,158,158,158],"floor_reached":33,"playtime":3417,"items_purged":["Bite"],"score":579,"play_id":"537cd502-8964-4f2b-b72b-5eccf2a3e340","local_time":"20190331193626","is_ascension_mode":true,"campfire_choices":[{"data":"Bash","floor":6.0,"key":"SMITH"},{"floor":12.0,"key":"REST"},{"data":"Pummel","floor":15.0,"key":"SMITH"},{"data":"Brutality","floor":24,"key":"SMITH"},{"data":"Bite","floor":27,"key":"SMITH"},{"data":"True Grit","floor":30,"key":"SMITH"},{"data":"Battle Trance","floor":32,"key":"SMITH"}],"neow_cost":"NONE","seed_source_timestamp":0,"circlet_count":0,"master_deck":["AscendersBane","Defend_R","Defend_R","Defend_R","Defend_R","Bash+1","Sword Boomerang","Anger","Disarm","Metallicize","Spot Weakness","Pummel+1","Inflame+1","Battle Trance+1","True Grit+1","Brutality+1","Bite+1","Bite","Bite","Bite","Cleave","Whirlwind","Sentinel+1","Writhe"],"special_seed":0,"relics":["Burning Blood","Bronze Scales","Lantern","Darkstone Periapt","Coffee Dripper","Oddly Smooth Stone","Charon\u0027s Ashes","Magic Flower"],"potions_floor_usage":[21,23,23,28,33],"damage_taken":[{"damage":16.0,"enemies":"Jaw Worm","floor":1.0,"turns":6.0},{"damage":7.0,"enemies":"Cultist","floor":2.0,"turns":4.0},{"damage":6.0,"enemies":"Small Slimes","floor":5.0,"turns":4.0},{"damage":24.0,"enemies":"3 Sentries","floor":7.0,"turns":7.0},{"damage":12.0,"enemies":"Looter","floor":8.0,"turns":3.0},{"damage":25.0,"enemies":"Lagavulin","floor":11.0,"turns":6.0},{"damage":2.0,"enemies":"3 Louse","floor":13.0,"turns":3.0},{"damage":4.0,"enemies":"2 Fungi Beasts","floor":14.0,"turns":3.0},{"damage":35.0,"enemies":"Slime Boss","floor":16.0,"turns":8.0},{"damage":25,"enemies":"Spheric Guardian","floor":18,"turns":5},{"damage":11,"enemies":"Chosen","floor":21,"turns":5},{"damage":16,"enemies":"Centurion and Healer","floor":22,"turns":7},{"damage":41,"enemies":"Slavers","floor":23,"turns":5},{"damage":33,"enemies":"Cultist and Chosen","floor":25,"turns":5},{"damage":20,"enemies":"Snecko","floor":28,"turns":5},{"damage":68,"enemies":"Automaton","floor":33,"turns":6}],"seed_played":"-1331303948299022903","potions_obtained":[{"floor":2.0,"key":"EssenceOfSteel"},{"floor":3.0,"key":"Fruit Juice"},{"floor":3.0,"key":"PowerPotion"},{"floor":5.0,"key":"BloodPotion"},{"floor":7.0,"key":"Regen Potion"},{"floor":13.0,"key":"Swift Potion"},{"floor":16.0,"key":"Block Potion"},{"floor":18,"key":"Ancient Potion"},{"floor":21,"key":"Strength Potion"},{"floor":25,"key":"Strength Potion"},{"floor":28,"key":"PowerPotion"}],"is_trial":false,"path_per_floor":["M","M","?","$","M","R","E","M","T","?","E","R","M","M","R","B",null,"M","?","$","M","M","E","R","M","T","R","M","?","R","?","R","B"],"character_chosen":"IRONCLAD","items_purchased":["Disarm","Metallicize","Oddly Smooth Stone"],"campfire_rested":1,"item_purchase_floors":[4,4,20],"current_hp_per_floor":[58,57,57,57,62,62,44,38,38,38,33,57,61,63,63,34,69,50,50,50,56,56,29,29,14,14,14,9,15,15,27,27,0],"gold":158,"neow_bonus":"HUNDRED_GOLD","is_prod":false,"is_daily":false,"chose_seed":false,"campfire_upgraded":6,"win_rate":0,"timestamp":1554086186,"path_taken":["M","M","?","$","?","R","E","M","T","?","E","R","M","M","R","BOSS","M","?","$","M","M","E","R","M","T","R","M","?","R","?","R","BOSS"],"build_version":"2019-01-23","purchased_purges":1,"victory":false,"max_hp_per_floor":[75,75,75,75,80,80,80,80,80,80,80,80,80,80,80,80,80,80,56,56,56,56,56,56,56,56,56,56,62,62,62,62,62],"card_choices":[{"not_picked":["Thunderclap","Clash"],"picked":"Sword Boomerang","floor":1.0},{"not_picked":["Sword Boomerang","Berserk"],"picked":"Anger","floor":2.0},{"not_picked":["Iron Wave","Anger"],"picked":"Spot Weakness","floor":5.0},{"not_picked":["Rampage","Pommel Strike"],"picked":"Pummel","floor":7.0},{"not_picked":["Havoc","Iron Wave"],"picked":"Inflame","floor":8.0},{"not_picked":["Anger","Dropkick","Impervious"],"picked":"SKIP","floor":11.0},{"not_picked":["Sword Boomerang","Headbutt"],"picked":"Battle Trance","floor":13.0},{"not_picked":["Clothesline","Fire Breathing"],"picked":"True Grit","floor":14.0},{"not_picked":["Fiend Fire","Dark Embrace"],"picked":"Brutality","floor":16.0},{"not_picked":["Dropkick","True Grit","Pommel Strike"],"picked":"SKIP","floor":18},{"not_picked":["Blood for Blood","Warcry","Body Slam"],"picked":"SKIP","floor":21},{"not_picked":["Blood for Blood","Warcry","Body Slam"],"picked":"SKIP","floor":21},{"not_picked":["Combust","Seeing Red"],"picked":"Cleave","floor":22},{"not_picked":["Second Wind","Dropkick","Havoc"],"picked":"SKIP","floor":23},{"not_picked":["Thunderclap","Wild Strike+1"],"picked":"Whirlwind","floor":25},{"not_picked":["Inflame","Entrench"],"picked":"Sentinel+1","floor":28}],"player_experience":790234,"relics_obtained":[{"floor":7.0,"key":"Bronze Scales"},{"floor":9.0,"key":"Lantern"},{"floor":11.0,"key":"Darkstone Periapt"},{"floor":23,"key":"Charon\u0027s Ashes"}],"event_choices":[{"damage_healed":0.0,"max_hp_gain":0.0,"max_hp_loss":0.0,"gold_gain":0.0,"event_name":"Lab","player_choice":"Got Potions","floor":3.0,"gold_loss":0.0,"damage_taken":0.0},{"damage_healed":0.0,"max_hp_gain":0.0,"max_hp_loss":0.0,"gold_gain":0.0,"event_name":"Living Wall","player_choice":"Grow","floor":10.0,"gold_loss":0.0,"damage_taken":0.0,"cards_upgraded":["Inflame"]},{"damage_healed":0,"gold_gain":0,"player_choice":"Became a vampire","damage_taken":0,"max_hp_gain":0,"max_hp_loss":24,"event_name":"Vampires","floor":19,"gold_loss":0,"cards_obtained":["Bite","Bite","Bite","Bite","Bite"]},{"damage_healed":0,"gold_gain":0,"player_choice":"Opened","damage_taken":0,"relics_obtained":["Magic Flower"],"max_hp_gain":0,"max_hp_loss":0,"event_name":"The Mausoleum","floor":29,"gold_loss":0,"cards_obtained":["Writhe"]},{"damage_healed":12,"gold_gain":0,"player_choice":"Heal","damage_taken":0,"max_hp_gain":0,"max_hp_loss":0,"event_name":"The Library","floor":31,"gold_loss":0}],"is_beta":false,"boss_relics":[{"not_picked":["Runic Pyramid","Tiny House"],"picked":"Coffee Dripper"}],"items_purged_floors":[20],"is_endless":false,"potions_floor_spawned":[2,5,7,13,16,18,21,25,28],"killed_by":"Automaton","ascension_level":20}