{"gold_per_floor":[109,128,143,157,174,174,190,190,190,190,190,190,217,228,228,331,331,341,355,375,157,157,183,183,183],"floor_reached":25,"playtime":1319,"items_purged":["Strike_B"],"score":236,"play_id":"ec713d01-0c5f-4a81-8c5d-bcbeda1ff55f","local_time":"20190411233045","is_ascension_mode":true,"campfire_choices":[{"data":"Multi-Cast","floor":6,"key":"SMITH"},{"data":"Ball Lightning","floor":8,"key":"SMITH"},{"data":"Sweeping Beam","floor":10,"key":"SMITH"},{"data":"Consume","floor":15,"key":"SMITH"},{"floor":24,"key":"REST"}],"neow_cost":"NONE","seed_source_timestamp":500169392317339,"circlet_count":0,"master_deck":["Strike_B","Defend_B","Defend_B","Defend_B","Defend_B","Zap","Dualcast","Multi-Cast+1","Capacitor","Sweeping Beam+1","Lockon","Ball Lightning+1","Consume+1","Leap","Creative AI","White Noise","Static Discharge","Leap"],"relics":["Cracked Core","Bronze Scales","Anchor","Nuclear Battery","Oddly Smooth Stone","DataDisk"],"potions_floor_usage":[16,16,23,23,25],"damage_taken":[{"damage":0,"enemies":"Cultist","floor":1,"turns":4},{"damage":1,"enemies":"Jaw Worm","floor":2,"turns":3},{"damage":0,"enemies":"2 Louse","floor":3,"turns":3},{"damage":31,"enemies":"Exordium Thugs","floor":4,"turns":5},{"damage":8,"enemies":"Large Slime","floor":5,"turns":6},{"damage":13,"enemies":"Lots of Slimes","floor":7,"turns":3},{"damage":18,"enemies":"3 Sentries","floor":13,"turns":4},{"damage":0,"enemies":"Exordium Wildlife","floor":14,"turns":2},{"damage":36,"enemies":"The Guardian","floor":16,"turns":8},{"damage":0,"enemies":"3 Byrds","floor":18,"turns":2},{"damage":25,"enemies":"Spheric Guardian","floor":19,"turns":5},{"damage":10,"enemies":"Shelled Parasite and Fungi","floor":20,"turns":6},{"damage":73,"enemies":"Slavers","floor":23,"turns":6},{"damage":27,"enemies":"Gremlin Leader","floor":25,"turns":2}],"seed_played":"176179901759948487","potions_obtained":[{"floor":2,"key":"Swift Potion"},{"floor":4,"key":"SteroidPotion"},{"floor":13,"key":"Regen Potion"},{"floor":16,"key":"Dexterity Potion"},{"floor":19,"key":"Dexterity Potion"}],"is_trial":false,"path_per_floor":["M","M","M","M","M","R","M","R","T","R","?","?","E","M","R","B",null,"M","M","M","$","?","E","R","E"],"character_chosen":"DEFECT","items_purchased":["Oddly Smooth Stone"],"campfire_rested":1,"item_purchase_floors":[21],"current_hp_per_floor":[75,74,74,43,35,35,22,22,22,22,15,40,22,22,22,1,75,75,50,40,40,75,2,24,0],"gold":183,"neow_bonus":"TRANSFORM_CARD","is_prod":false,"is_daily":false,"chose_seed":false,"campfire_upgraded":4,"win_rate":0,"timestamp":1555050645,"path_taken":["M","M","M","M","?","R","M","R","T","R","?","?","E","?","R","BOSS","M","M","M","$","?","E","R","E"],"build_version":"2019-01-23","purchased_purges":1,"victory":false,"max_hp_per_floor":[75,75,75,75,75,75,75,75,75,75,75,75,75,75,75,75,75,75,75,75,75,75,75,75,75],"card_choices":[{"not_picked":["Hologram","Blizzard"],"picked":"Capacitor","floor":1},{"not_picked":["Undo","Compile Driver"],"picked":"Sweeping Beam","floor":2},{"not_picked":["Reprogram","Chill","Coolheaded"],"picked":"SKIP","floor":3},{"not_picked":["All For One","Steam"],"picked":"Lockon","floor":4},{"not_picked":["Doom and Gloom","BootSequence"],"picked":"Ball Lightning","floor":5},{"not_picked":["Blizzard","Coolheaded","Go for the Eyes"],"picked":"SKIP","floor":7},{"not_picked":["Conserve Battery","Gash"],"picked":"Consume","floor":13},{"not_picked":["Stack","Barrage"],"picked":"Leap","floor":14},{"not_picked":["Core Surge","Machine Learning"],"picked":"Creative AI","floor":16},{"not_picked":["Rebound+1","Steam","Go for the Eyes"],"picked":"SKIP","floor":18},{"not_picked":["Loop","BootSequence"],"picked":"White Noise","floor":19},{"not_picked":["Coolheaded","Cold Snap"],"picked":"Static Discharge","floor":20},{"not_picked":["BootSequence","Loop"],"picked":"Leap","floor":23}],"player_experience":169098,"relics_obtained":[{"floor":9,"key":"Bronze Scales"},{"floor":13,"key":"Anchor"},{"floor":23,"key":"DataDisk"}],"event_choices":[{"cards_removed":["Strike_B"],"damage_healed":0,"gold_gain":0,"player_choice":"Card Removal","damage_taken":7,"max_hp_gain":0,"max_hp_loss":0,"event_name":"Golden Wing","floor":11,"gold_loss":0},{"damage_healed":25,"gold_gain":0,"player_choice":"Banana","damage_taken":0,"max_hp_gain":0,"max_hp_loss":0,"event_name":"Big Fish","floor":12,"gold_loss":0},{"damage_healed":35,"gold_gain":0,"player_choice":"Full Heal","damage_taken":0,"max_hp_gain":0,"max_hp_loss":0,"event_name":"Wheel of Change","floor":22,"gold_loss":0}],"is_beta":false,"boss_relics":[{"not_picked":["Fusion Hammer","Astrolabe"],"picked":"Nuclear Battery"}],"items_purged_floors":[21],"is_endless":false,"potions_floor_spawned":[2,4,13,16,19],"killed_by":"Gremlin Leader","ascension_level":1}