{"gold_per_floor":[118,118,118,41,51,82,98,130,201,201,227,245,274,288,288,392,392,407,422,442,227,142,177,5,30,30,30,41,56,56,84,84,181,181,198,217,234,334,346,346,376,376,376,388,44,95,111,121,121,121],"floor_reached":51,"playtime":2914,"items_purged":["Strike_R","Strike_R"],"score":961,"play_id":"49bb69fe-e56f-4ae8-8f96-cb74b1b115a3","local_time":"20190705121343","is_ascension_mode":true,"campfire_choices":[{"data":"Entrench","floor":10,"key":"SMITH"},{"data":"Infernal Blade","floor":15,"key":"SMITH"},{"floor":27,"key":"REST"},{"floor":30,"key":"REST"},{"floor":32,"key":"REST"},{"floor":40,"key":"RECALL"},{"floor":42,"key":"REST"},{"floor":44,"key":"REST"},{"floor":49,"key":"REST"}],"neow_cost":"NONE","seed_source_timestamp":1419302359981850,"circlet_count":0,"master_deck":["Strike_R","Strike_R","Defend_R","Defend_R","Defend_R","Bash","Armaments+1","Corruption","Infernal Blade","Bloodletting","Entrench+1","Uppercut","Pommel Strike","Infernal Blade+1","Demon Form","Spot Weakness","Exhume","Heavy Blade","Feel No Pain","Ghostly Armor","Body Slam","Shockwave+1","Juggernaut","Sentinel+1","Feel No Pain","Flame Barrier+1","Barricade","Carnage+1","Disarm+1","Clothesline","Pummel","Parasite","Carnage+1","Seeing Red+1","Dual Wield+1","Pommel Strike","Infernal Blade+1"],"relics":["Burning Blood","NeowsBlessing","Potion Belt","WingedGreaves","Ginger","Question Card","Magic Flower","Happy Flower","Fusion Hammer","Centennial Puzzle","Toxic Egg 2","Singing Bowl","Bottled Flame","Bottled Tornado","Empty Cage","Incense Burner","Blood Vial","MawBank","Membership Card","Kunai","FossilizedHelix"],"potions_floor_usage":[13,13,31,31,31,33],"damage_taken":[{"damage":0,"enemies":"Cultist","floor":1,"turns":1},{"damage":0,"enemies":"Jaw Worm","floor":5,"turns":1},{"damage":0,"enemies":"Gremlin Nob","floor":6,"turns":1},{"damage":4,"enemies":"Small Slimes","floor":7,"turns":3},{"damage":32,"enemies":"3 Sentries","floor":8,"turns":9},{"damage":31,"enemies":"Lagavulin","floor":11,"turns":7},{"damage":4,"enemies":"3 Louse","floor":12,"turns":3},{"damage":4,"enemies":"Gremlin Nob","floor":13,"turns":3},{"damage":1,"enemies":"2 Fungi Beasts","floor":14,"turns":3},{"damage":25,"enemies":"Slime Boss","floor":16,"turns":7},{"damage":22,"enemies":"Shell Parasite","floor":18,"turns":3},{"damage":41,"enemies":"3 Byrds","floor":19,"turns":6},{"damage":15,"enemies":"Cultist and Chosen","floor":20,"turns":4},{"damage":10,"enemies":"Book of Stabbing","floor":23,"turns":5},{"damage":16,"enemies":"Gremlin Leader","floor":25,"turns":6},{"damage":17,"enemies":"Centurion and Healer","floor":28,"turns":5},{"damage":31,"enemies":"3 Cultists","floor":29,"turns":6},{"damage":30,"enemies":"Slavers","floor":31,"turns":6},{"damage":26,"enemies":"Collector","floor":33,"turns":8},{"damage":16,"enemies":"Orb Walker","floor":35,"turns":3},{"damage":19,"enemies":"3 Shapes","floor":36,"turns":4},{"damage":0,"enemies":"Maw","floor":37,"turns":8},{"damage":20,"enemies":"Mind Bloom Boss Battle","floor":38,"turns":6},{"damage":3,"enemies":"Writhing Mass","floor":39,"turns":4},{"damage":0,"enemies":"Giant Head","floor":41,"turns":8},{"damage":44,"enemies":"2 Orb Walkers","floor":46,"turns":5},{"damage":4,"enemies":"3 Darklings","floor":47,"turns":6},{"damage":0,"enemies":"Maw","floor":48,"turns":8},{"damage":30,"enemies":"Donu and Deca","floor":50,"turns":9}],"seed_played":"7328219089778667507","potions_obtained":[{"floor":5,"key":"FearPotion"},{"floor":6,"key":"Block Potion"},{"floor":7,"key":"AttackPotion"},{"floor":8,"key":"Energy Potion"},{"floor":12,"key":"Fire Potion"},{"floor":18,"key":"SpeedPotion"},{"floor":23,"key":"Ancient Potion"},{"floor":28,"key":"PowerPotion"},{"floor":31,"key":"PowerPotion"},{"floor":33,"key":"FearPotion"},{"floor":35,"key":"LiquidBronze"},{"floor":36,"key":"SkillPotion"},{"floor":39,"key":"Strength Potion"}],"is_trial":false,"path_per_floor":["M","?","T","$","M","E","M","E","T","R","E","M","E","M","R","B",null,"M","M","M","$","?","E","$","E","T","R","M","M","R","E","R","B",null,"M","M","M","?","M","R","E","R","T","R","$","?","M","M","R","B",null],"character_chosen":"IRONCLAD","items_purchased":["Corruption","Feel No Pain","Ghostly Armor","Shockwave+1","Membership Card","Kunai","Seeing Red+1"],"campfire_rested":6,"item_purchase_floors":[4,21,21,24,45,45,45],"current_hp_per_floor":[80,80,80,80,80,80,80,54,54,54,29,34,39,47,47,31,80,67,35,29,29,29,28,28,21,21,45,37,15,39,18,42,25,80,73,63,72,61,69,69,78,82,82,82,82,47,55,67,82,61],"gold":121,"neow_bonus":"THREE_ENEMY_KILL","is_prod":false,"is_daily":false,"chose_seed":false,"campfire_upgraded":2,"win_rate":0,"timestamp":1562354023,"path_taken":["M","?","?","$","?","E","M","E","T","R","E","M","E","M","R","BOSS","M","M","M","$","?","E","$","E","T","R","M","M","R","E","R","BOSS","M","M","M","?","M","R","E","R","T","R","$","?","M","M","R","BOSS"],"build_version":"2019-07-01","purchased_purges":2,"victory":true,"max_hp_per_floor":[80,80,80,80,80,80,80,80,80,80,80,80,80,80,80,80,80,80,80,80,80,80,80,80,80,80,80,80,80,80,80,80,80,80,80,80,80,80,82,82,82,82,82,82,82,82,82,82,82,82],"card_choices":[{"not_picked":["Havoc","Iron Wave"],"picked":"Armaments","floor":1},{"not_picked":["Heavy Blade","Thunderclap"],"picked":"Infernal Blade","floor":5},{"not_picked":["Warcry","Clash"],"picked":"Bloodletting","floor":6},{"not_picked":["Second Wind","Intimidate"],"picked":"Entrench","floor":7},{"not_picked":["Corruption","Sever Soul"],"picked":"Uppercut","floor":8},{"not_picked":["Wild Strike","Twin Strike","Sword Boomerang"],"picked":"Pommel Strike","floor":11},{"not_picked":["Rampage","Second Wind","Armaments"],"picked":"Infernal Blade","floor":12},{"not_picked":["Battle Trance","Inflame","Clash"],"picked":"Demon Form","floor":13},{"not_picked":["Hemokinesis","Warcry","Iron Wave"],"picked":"Spot Weakness","floor":14},{"not_picked":["Reaper","Feed","Immolate"],"picked":"Exhume","floor":16},{"not_picked":["Warcry","Reckless Charge","Sword Boomerang"],"picked":"Heavy Blade","floor":18},{"not_picked":["Wild Strike+1","Rupture","Headbutt","Twin Strike"],"picked":"SKIP","floor":19},{"not_picked":["Flex","Perfected Strike","Anger","Blood for Blood"],"picked":"SKIP","floor":20},{"not_picked":["Whirlwind","Sever Soul","Perfected Strike"],"picked":"Body Slam","floor":23},{"not_picked":["Thunderclap+1","Sentinel+1","Seeing Red+1"],"picked":"Juggernaut","floor":25},{"not_picked":["Uppercut+1","Clash","Iron Wave"],"picked":"Sentinel+1","floor":28},{"not_picked":["Evolve","Rage+1","Cleave"],"picked":"Feel No Pain","floor":29},{"not_picked":["Sword Boomerang","Havoc+1","Shrug It Off+1"],"picked":"Flame Barrier+1","floor":31},{"not_picked":["Impervious+1","Offering+1","Demon Form"],"picked":"Barricade","floor":33},{"not_picked":["Shrug It Off+1","Uppercut+1","Rupture+1"],"picked":"Carnage+1","floor":35},{"not_picked":["Evolve+1","Reckless Charge","Shockwave+1"],"picked":"Disarm+1","floor":36},{"not_picked":["Pommel Strike","Fire Breathing","Reckless Charge"],"picked":"Clothesline","floor":37},{"not_picked":["Twin Strike","Sword Boomerang+1","Rage+1"],"picked":"Pummel","floor":38},{"not_picked":["Flex+1","Rupture","Twin Strike+1","Blood for Blood"],"picked":"Singing Bowl","floor":39},{"not_picked":["Feed","Flex+1","Rage+1"],"picked":"Carnage+1","floor":41},{"not_picked":["Evolve","Iron Wave","Twin Strike+1"],"picked":"Dual Wield+1","floor":46},{"not_picked":["Whirlwind+1","Sever Soul+1","Blood for Blood"],"picked":"Pommel Strike","floor":47},{"not_picked":["Shrug It Off+1","Perfected Strike+1","Warcry+1"],"picked":"Infernal Blade+1","floor":48}],"player_experience":241793,"relics_obtained":[{"floor":3,"key":"Potion Belt"},{"floor":6,"key":"WingedGreaves"},{"floor":8,"key":"Ginger"},{"floor":9,"key":"Question Card"},{"floor":11,"key":"Magic Flower"},{"floor":13,"key":"Happy Flower"},{"floor":23,"key":"Toxic Egg 2"},{"floor":25,"key":"Singing Bowl"},{"floor":26,"key":"Bottled Flame"},{"floor":31,"key":"Bottled Tornado"},{"floor":38,"key":"Incense Burner"},{"floor":41,"key":"Blood Vial"},{"floor":43,"key":"MawBank"},{"floor":46,"key":"FossilizedHelix"}],"event_choices":[{"damage_healed":0,"gold_gain":0,"player_choice":"Grow","damage_taken":0,"max_hp_gain":0,"max_hp_loss":0,"event_name":"Living Wall","floor":2,"gold_loss":0,"cards_upgraded":["Armaments"]},{"damage_healed":0,"gold_gain":0,"player_choice":"Obtained Relic","damage_taken":0,"relics_obtained":["Centennial Puzzle"],"max_hp_gain":0,"max_hp_loss":0,"event_name":"Addict","floor":22,"gold_loss":85},{"damage_healed":0,"gold_gain":0,"player_choice":"Fight","damage_taken":0,"max_hp_gain":0,"max_hp_loss":0,"event_name":"MindBloom","floor":38,"gold_loss":0},{"damage_healed":0,"gold_gain":0,"player_choice":"Fight","damage_taken":0,"max_hp_gain":0,"max_hp_loss":0,"event_name":"Mysterious Sphere","floor":46,"gold_loss":0}],"is_beta":false,"boss_relics":[{"not_picked":["Mark of Pain","Orrery"],"picked":"Fusion Hammer"},{"not_picked":["Tiny House","Eternal Feather"],"picked":"Empty Cage"}],"items_purged_floors":[21,24],"is_endless":false,"potions_floor_spawned":[5,6,7,8,12,18,23,28,31,33,35,36,39,46,48],"ascension_level":3}