{"gold_per_floor":[109,122,122,142,158,191,37,37,37,52,52,52,77,97,97,97],"floor_reached":16,"playtime":1541,"items_purged":["Strike_R"],"score":224,"play_id":"a6a321fb-240c-4c01-b3d5-390f6a82e86f","local_time":"20190403091352","is_ascension_mode":true,"campfire_choices":[{"data":"True Grit","floor":8,"key":"SMITH"},{"data":"Bash","floor":11,"key":"SMITH"},{"data":"Rampage","floor":15,"key":"SMITH"}],"neow_cost":"NONE","seed_source_timestamp":102830964058682,"circlet_count":0,"master_deck":["AscendersBane","Strike_R+1","Strike_R","Strike_R+1","Strike_R","Defend_R","Defend_R","Defend_R","Defend_R","Bash+1","True Grit+1","Pommel Strike","Impervious","Feed","Rampage+1","Headbutt","Battle Trance","Parasite","Inflame"],"relics":["Burning Blood","Bottled Flame","Letter Opener","Whetstone"],"potions_floor_usage":[6,13],"damage_taken":[{"damage":0,"enemies":"Small Slimes","floor":1,"turns":5},{"damage":4,"enemies":"Cultist","floor":2,"turns":4},{"damage":12,"enemies":"Jaw Worm","floor":4,"turns":5},{"damage":11,"enemies":"2 Fungi Beasts","floor":5,"turns":8},{"damage":47,"enemies":"Gremlin Nob","floor":6,"turns":5},{"damage":6,"enemies":"Looter","floor":10,"turns":4},{"damage":36,"enemies":"Lagavulin","floor":13,"turns":8},{"damage":0,"enemies":"Large Slime","floor":14,"turns":5},{"damage":54,"enemies":"Hexaghost","floor":16,"turns":9}],"seed_played":"3706772355072119714","potions_obtained":[{"floor":2,"key":"EssenceOfSteel"},{"floor":6,"key":"Swift Potion"},{"floor":10,"key":"SteroidPotion"}],"is_trial":false,"path_per_floor":["M","M","?","M","M","E","$","R","T","M","R","?","E","M","R","B"],"character_chosen":"IRONCLAD","items_purchased":["Regen Potion"],"campfire_rested":0,"item_purchase_floors":[7],"current_hp_per_floor":[74,75,75,72,70,32,32,32,32,32,32,53,41,50,50,0],"gold":97,"neow_bonus":"THREE_CARDS","is_prod":false,"is_daily":false,"chose_seed":false,"campfire_upgraded":3,"win_rate":0,"timestamp":1554308032,"path_taken":["M","M","?","M","?","E","$","R","T","M","R","?","E","M","R","BOSS"],"build_version":"2019-01-23","purchased_purges":1,"victory":false,"max_hp_per_floor":[75,75,75,78,81,84,84,84,84,84,84,84,87,90,90,90],"card_choices":[{"not_picked":["Thunderclap","Flex"],"picked":"True Grit","floor":0},{"not_picked":["Heavy Blade","Anger"],"picked":"Pommel Strike","floor":1},{"not_picked":["Reckless Charge","Havoc"],"picked":"Impervious","floor":2},{"not_picked":["Sentinel","Rupture"],"picked":"Rampage","floor":4},{"not_picked":["Clothesline","Flex"],"picked":"Headbutt","floor":5},{"not_picked":["Wild Strike","Armaments","Carnage"],"picked":"SKIP","floor":6},{"not_picked":["Searing Blow","Sword Boomerang"],"picked":"Battle Trance","floor":10},{"not_picked":["Cleave","Juggernaut"],"picked":"Inflame","floor":13},{"not_picked":["Pommel Strike","Cleave","Iron Wave"],"picked":"SKIP","floor":14}],"player_experience":824851,"relics_obtained":[{"floor":6,"key":"Bottled Flame"},{"floor":9,"key":"Letter Opener"},{"floor":13,"key":"Whetstone"}],"event_choices":[{"damage_healed":0,"gold_gain":0,"player_choice":"1 cards matched","damage_taken":0,"max_hp_gain":0,"max_hp_loss":0,"event_name":"Match and Keep!","floor":3,"gold_loss":0,"cards_obtained":["Feed"]},{"damage_healed":21,"gold_gain":0,"player_choice":"Healed and dodged fight","damage_taken":0,"max_hp_gain":0,"max_hp_loss":0,"event_name":"Mushrooms","floor":12,"gold_loss":0,"cards_obtained":["Parasite"]}],"is_beta":false,"boss_relics":[],"items_purged_floors":[7],"is_endless":false,"potions_floor_spawned":[2,6,10],"killed_by":"Hexaghost","ascension_level":20}