{"gold_per_floor":[112,122,132,105,105,75,75,75,75,75],"floor_reached":10,"playtime":942,"items_purged":[],"score":56,"play_id":"a1f49426-b0f7-47fb-820a-db0431d6a153","local_time":"20190623105744","is_ascension_mode":false,"campfire_choices":[{"data":"Outmaneuver","floor":7,"key":"SMITH"}],"neow_cost":"NONE","seed_source_timestamp":444154497255652,"circlet_count":0,"master_deck":["Defend_G","Defend_G","Defend_G","Defend_G","Defend_G","Strike_G","Strike_G","Strike_G","Strike_G","Strike_G","Survivor","Neutralize","Doppelganger","Prepared","Backflip","Outmaneuver+1","Backflip"],"relics":["Ring of the Snake","Golden Idol","Darkstone Periapt"],"potions_floor_usage":[6],"damage_taken":[{"damage":3,"enemies":"Small Slimes","floor":1,"turns":5},{"damage":6,"enemies":"2 Louse","floor":2,"turns":3},{"damage":0,"enemies":"Cultist","floor":3,"turns":5},{"damage":0,"enemies":"Looter","floor":6,"turns":4},{"damage":84,"enemies":"Gremlin Nob","floor":10,"turns":5}],"seed_played":"-170003089464959056","potions_obtained":[{"floor":1,"key":"Poison Potion"}],"is_trial":false,"path_per_floor":["M","M","M","$","?","M","R","?","T","E"],"character_chosen":"THE_SILENT","items_purchased":["Outmaneuver"],"campfire_rested":0,"item_purchase_floors":[4],"current_hp_per_floor":[67,61,61,61,61,61,61,66,66,0],"gold":75,"neow_bonus":"ONE_RANDOM_RARE_CARD","is_prod":false,"is_daily":false,"chose_seed":false,"campfire_upgraded":1,"win_rate":0.0,"timestamp":1561305464,"path_taken":["M","M","M","$","?","M","R","?","T","E"],"build_version":"2019-01-23","purchased_purges":0,"victory":false,"max_hp_per_floor":[70,70,70,70,65,65,65,70,70,70],"card_choices":[{"not_picked":["Dodge and Roll","Flying Knee","Slice"],"picked":"SKIP","floor":1},{"not_picked":["Quick Slash","Skewer"],"picked":"Prepared","floor":2},{"not_picked":["Blade Dance","Masterful Stab"],"picked":"Backflip","floor":3},{"not_picked":["Flying Knee","Dagger Spray"],"picked":"Backflip","floor":6}],"player_experience":149265,"relics_obtained":[{"floor":9,"key":"Darkstone Periapt"}],"event_choices":[{"damage_healed":0,"gold_gain":0,"player_choice":"Lose Max HP","damage_taken":0,"relics_obtained":["Golden Idol"],"max_hp_gain":0,"max_hp_loss":5,"event_name":"Golden Idol","floor":5,"gold_loss":0},{"damage_healed":0,"gold_gain":0,"player_choice":"Donut","damage_taken":0,"max_hp_gain":5,"max_hp_loss":0,"event_name":"Big Fish","floor":8,"gold_loss":0}],"is_beta":false,"boss_relics":[],"items_purged_floors":[],"is_endless":false,"potions_floor_spawned":[1],"killed_by":"Gremlin Nob","ascension_level":0}