{"gold_per_floor":[110,121,135,154,169,199,199,266,266,300,300],"floor_reached":11,"playtime":688,"items_purged":[],"score":89,"play_id":"93615eca-74e0-4805-ae76-1d080ddfd2d2","local_time":"20190624010758","is_ascension_mode":true,"campfire_choices":[{"data":"Flex","floor":7,"key":"SMITH"}],"neow_cost":"NONE","seed_source_timestamp":495421635209150,"circlet_count":0,"master_deck":["Strike_R","Strike_R","Strike_R","Strike_R","Strike_R","Defend_R","Defend_R","Defend_R","Defend_R","Bash","Clothesline","Shrug It Off","Flex+1","Cleave","Cleave","Iron Wave"],"relics":["Burning Blood","Paper Frog","Shuriken","Potion Belt"],"potions_floor_usage":[6,11],"damage_taken":[{"damage":4,"enemies":"Jaw Worm","floor":1,"turns":4},{"damage":4,"enemies":"2 Louse","floor":2,"turns":3},{"damage":0,"enemies":"Small Slimes","floor":3,"turns":3},{"damage":1,"enemies":"Red Slaver","floor":4,"turns":4},{"damage":21,"enemies":"Gremlin Gang","floor":5,"turns":5},{"damage":33,"enemies":"3 Sentries","floor":6,"turns":6},{"damage":27,"enemies":"Gremlin Nob","floor":10,"turns":4},{"damage":18,"enemies":"The Mushroom Lair","floor":11,"turns":2}],"seed_played":"-2235017986964545451","potions_obtained":[{"floor":1,"key":"FearPotion"},{"floor":2,"key":"PowerPotion"},{"floor":6,"key":"PowerPotion"},{"floor":10,"key":"BloodPotion"}],"is_trial":false,"path_per_floor":["M","M","M","M","M","E","R","?","T","E","?"],"character_chosen":"IRONCLAD","items_purchased":[],"campfire_rested":0,"item_purchase_floors":[],"current_hp_per_floor":[80,80,80,80,65,38,38,38,38,17,0],"gold":300,"neow_bonus":"THREE_CARDS","is_prod":false,"is_daily":false,"chose_seed":false,"campfire_upgraded":1,"win_rate":0,"timestamp":1561356478,"path_taken":["M","M","M","M","M","E","R","?","T","E","?"],"build_version":"2019-01-23","purchased_purges":0,"victory":false,"max_hp_per_floor":[80,80,80,80,80,80,80,80,80,80,80],"card_choices":[{"not_picked":["Warcry","Clash"],"picked":"Clothesline","floor":0},{"not_picked":["Shockwave","Reckless Charge"],"picked":"Shrug It Off","floor":1},{"not_picked":["Blood for Blood","Spot Weakness","Perfected Strike"],"picked":"SKIP","floor":2},{"not_picked":["Sever Soul","Pommel Strike"],"picked":"Flex","floor":3},{"not_picked":["Clash","Shrug It Off"],"picked":"Cleave","floor":4},{"not_picked":["Intimidate","Dual Wield"],"picked":"Cleave","floor":5},{"not_picked":["Uppercut","Flame Barrier"],"picked":"Iron Wave","floor":6},{"not_picked":["Brutality","Warcry","Berserk"],"picked":"SKIP","floor":10}],"player_experience":165267,"relics_obtained":[{"floor":6,"key":"Paper Frog"},{"floor":9,"key":"Shuriken"},{"floor":10,"key":"Potion Belt"}],"event_choices":[{"damage_healed":0,"gold_gain":67,"player_choice":"Gained Gold","damage_taken":0,"max_hp_gain":0,"max_hp_loss":0,"event_name":"Golden Wing","floor":8,"gold_loss":0},{"damage_healed":0,"gold_gain":0,"player_choice":"Fought Mushrooms","damage_taken":0,"max_hp_gain":0,"max_hp_loss":0,"event_name":"Mushrooms","floor":11,"gold_loss":0}],"is_beta":false,"boss_relics":[],"items_purged_floors":[],"is_endless":false,"potions_floor_spawned":[1,2,6,10],"killed_by":"The Mushroom Lair","ascension_level":1}