{"gold_per_floor":[110,110,130,130,142,142,177,177,201,276,292,367,386,403,403,507,507,525,435,454,454,472,472,504,504,581,606,705,725,737,364,364,364],"floor_reached":33,"playtime":5410,"items_purged":[],"score":267,"play_id":"c8907493-827c-41b5-b504-561b1f3be26b","local_time":"20190510003505","is_ascension_mode":false,"campfire_choices":[{"floor":6,"key":"REST"},{"floor":8,"key":"REST"},{"data":"Inflame","floor":15,"key":"SMITH"},{"floor":23,"key":"REST"},{"floor":32,"key":"REST"}],"neow_cost":"NONE","seed_source_timestamp":100723435782397,"circlet_count":0,"master_deck":["Strike_R","Strike_R","Strike_R+1","Strike_R+1","Defend_R+1","Defend_R","Defend_R","Defend_R","Bash","Searing Blow","Pommel Strike","Uppercut","Rampage+1","Inflame+1","Whirlwind+1","Wild Strike+1","Fiend Fire+1","Armaments","Iron Wave+1","Heavy Blade+1","Heavy Blade+1","Barricade","Body Slam+1","Whirlwind+1","Panacea"],"relics":["Burning Blood","Lantern","Bronze Scales","Potion Belt","Molten Egg 2","Philosopher\u0027s Stone","PreservedInsect","Darkstone Periapt","Red Mask","Toolbox"],"potions_floor_usage":[16,16,29,29,29,30,33,33],"damage_taken":[{"damage":3,"enemies":"2 Louse","floor":1,"turns":4},{"damage":0,"enemies":"Small Slimes","floor":3,"turns":4},{"damage":0,"enemies":"Jaw Worm","floor":5,"turns":3},{"damage":17,"enemies":"Gremlin Nob","floor":7,"turns":5},{"damage":0,"enemies":"3 Louse","floor":11,"turns":3},{"damage":13,"enemies":"Blue Slaver","floor":13,"turns":2},{"damage":7,"enemies":"Lots of Slimes","floor":14,"turns":3},{"damage":49,"enemies":"Hexaghost","floor":16,"turns":7},{"damage":45,"enemies":"2 Thieves","floor":18,"turns":4},{"damage":9,"enemies":"Shell Parasite","floor":20,"turns":2},{"damage":33,"enemies":"Sentry and Sphere","floor":22,"turns":5},{"damage":8,"enemies":"Slavers","floor":24,"turns":2},{"damage":21,"enemies":"Masked Bandits","floor":27,"turns":3},{"damage":13,"enemies":"Snake Plant","floor":29,"turns":2},{"damage":9,"enemies":"Snecko","floor":30,"turns":3},{"damage":72,"enemies":"Automaton","floor":33,"turns":6}],"seed_played":"-3428131434264994661","potions_obtained":[{"floor":1,"key":"Strength Potion"},{"floor":3,"key":"AttackPotion"},{"floor":11,"key":"Poison Potion"},{"floor":13,"key":"FearPotion"},{"floor":18,"key":"GamblersBrew"},{"floor":22,"key":"Strength Potion"},{"floor":24,"key":"Swift Potion"},{"floor":30,"key":"SpeedPotion"}],"is_trial":false,"path_per_floor":["M","?","M","?","M","R","E","R","T","T","M","?","M","M","R","B",null,"M","?","M","T","M","R","E","?","T","?","?","M","M","$","R","B"],"character_chosen":"IRONCLAD","items_purchased":["Toolbox","Whirlwind+1","Panacea"],"campfire_rested":4,"item_purchase_floors":[31,31,31],"current_hp_per_floor":[80,77,80,64,70,80,69,80,80,80,80,80,73,72,72,29,80,41,41,38,38,11,35,33,33,33,18,18,11,8,8,32,0],"gold":364,"neow_bonus":"UPGRADE_CARD","is_prod":false,"is_daily":false,"chose_seed":false,"campfire_upgraded":1,"win_rate":0.0,"timestamp":1557466505,"path_taken":["M","?","M","?","M","R","E","R","T","?","M","?","M","M","R","BOSS","M","?","?","?","?","R","E","?","T","?","?","M","?","$","R","BOSS"],"build_version":"2019-01-23","purchased_purges":0,"victory":false,"max_hp_per_floor":[80,80,80,80,80,80,80,80,80,80,80,80,80,80,80,80,80,80,80,80,80,80,80,80,80,80,80,80,80,80,80,80,80],"card_choices":[{"not_picked":["Metallicize","Clash"],"picked":"Searing Blow","floor":1},{"not_picked":["Warcry","Metallicize"],"picked":"Pommel Strike","floor":3},{"not_picked":["Second Wind","Headbutt"],"picked":"Uppercut","floor":5},{"not_picked":["Armaments","Burning Pact"],"picked":"Rampage","floor":7},{"not_picked":["Combust","Flex"],"picked":"Inflame","floor":11},{"not_picked":["Clothesline+1","Flame Barrier"],"picked":"Whirlwind+1","floor":13},{"not_picked":["True Grit","Anger+1"],"picked":"Wild Strike+1","floor":14},{"not_picked":["Brutality","Double Tap"],"picked":"Fiend Fire+1","floor":16},{"not_picked":["Twin Strike+1","Headbutt+1"],"picked":"Armaments","floor":18},{"not_picked":["Heavy Blade+1","Perfected Strike+1"],"picked":"Iron Wave+1","floor":20},{"not_picked":["Sword Boomerang+1","Carnage+1"],"picked":"Heavy Blade+1","floor":22},{"not_picked":["Warcry+1","Wild Strike+1","Anger+1"],"picked":"SKIP","floor":24},{"not_picked":["Carnage+1","Evolve"],"picked":"Heavy Blade+1","floor":27},{"not_picked":["Sword Boomerang+1","Cleave+1"],"picked":"Barricade","floor":29},{"not_picked":["Battle Trance","Rampage+1"],"picked":"Body Slam+1","floor":30}],"player_experience":31548,"relics_obtained":[{"floor":7,"key":"Bronze Scales"},{"floor":9,"key":"Potion Belt"},{"floor":10,"key":"Molten Egg 2"},{"floor":21,"key":"PreservedInsect"},{"floor":26,"key":"Darkstone Periapt"},{"floor":27,"key":"Red Mask"}],"event_choices":[{"damage_healed":0,"gold_gain":0,"player_choice":"Success","damage_taken":3,"relics_obtained":["Lantern"],"max_hp_gain":0,"max_hp_loss":0,"event_name":"Scrap Ooze","floor":2,"gold_loss":0},{"damage_healed":0,"gold_gain":0,"player_choice":"Entered Light","damage_taken":16,"max_hp_gain":0,"max_hp_loss":0,"event_name":"Shining Light","floor":4,"gold_loss":0,"cards_upgraded":["Strike_R","Strike_R"]},{"damage_healed":0,"gold_gain":75,"player_choice":"Gained Gold","damage_taken":0,"max_hp_gain":0,"max_hp_loss":0,"event_name":"Golden Wing","floor":12,"gold_loss":0},{"cards_removed":["Strike_R"],"damage_healed":0,"gold_gain":0,"player_choice":"Upgrade and Remove","damage_taken":0,"max_hp_gain":0,"max_hp_loss":0,"event_name":"Designer","floor":19,"gold_loss":90,"cards_upgraded":["Rampage"]},{"damage_healed":0,"gold_gain":0,"player_choice":"Ignored","damage_taken":0,"max_hp_gain":0,"max_hp_loss":0,"event_name":"Ghosts","floor":25,"gold_loss":0},{"damage_healed":0,"gold_gain":0,"player_choice":"Fought Bandits","damage_taken":0,"max_hp_gain":0,"max_hp_loss":0,"event_name":"Masked Bandits","floor":27,"gold_loss":0},{"damage_healed":0,"gold_gain":99,"player_choice":"Stole From Cult","damage_taken":0,"max_hp_gain":0,"max_hp_loss":0,"event_name":"Nest","floor":28,"gold_loss":0}],"is_beta":false,"boss_relics":[{"not_picked":["Mark of Pain","Black Star"],"picked":"Philosopher\u0027s Stone"}],"items_purged_floors":[],"is_endless":false,"potions_floor_spawned":[1,3,11,13,18,22,24,27,30],"killed_by":"Automaton","ascension_level":0}