{"gold_per_floor":[119,119,133,133,86,121,121,136,136,164,177,177,192,206,206,307,307,327,339,339,339],"floor_reached":21,"playtime":1550,"items_purged":[],"score":324,"play_id":"c5b2febb-1ca6-4419-9b96-63da47d259f2","local_time":"20181109152121","is_ascension_mode":true,"campfire_choices":[{"data":"True Grit","floor":7,"key":"SMITH"},{"data":"True Grit","floor":12,"key":"SMITH"},{"data":"Pommel Strike","floor":15,"key":"SMITH"}],"neow_cost":"NONE","seed_source_timestamp":9611013471555,"circlet_count":0,"master_deck":["AscendersBane","Strike_R","Strike_R","Strike_R","Strike_R","Strike_R","Defend_R","Defend_R","Defend_R","Defend_R","Bash","True Grit+1","True Grit+1","True Grit+1","Pommel Strike","Pommel Strike+1","Headbutt","Demon Form","Heavy Blade","Havoc","Seeing Red","Combust","Headbutt","Warcry","Havoc+1"],"relics":["Burning Blood","NeowsBlessing","Bag of Preparation","Sundial","Darkstone Periapt","Orrery","Mercury Hourglass"],"potions_floor_usage":[11,16,16,16,19],"damage_taken":[{"damage":0,"enemies":"2 Louse","floor":1,"turns":1},{"damage":0,"enemies":"Cultist","floor":3,"turns":1},{"damage":0,"enemies":"Lagavulin","floor":6,"turns":2},{"damage":3,"enemies":"Small Slimes","floor":8,"turns":4},{"damage":50,"enemies":"Gremlin Nob","floor":10,"turns":6},{"damage":2,"enemies":"Exordium Thugs","floor":11,"turns":4},{"damage":0,"enemies":"Red Slaver","floor":13,"turns":4},{"damage":23,"enemies":"Lots of Slimes","floor":14,"turns":5},{"damage":26,"enemies":"The Guardian","floor":16,"turns":15},{"damage":37,"enemies":"Chosen","floor":18,"turns":5},{"damage":29,"enemies":"3 Byrds","floor":19,"turns":5},{"damage":10,"enemies":"Shelled Parasite and Fungi","floor":21,"turns":2}],"seed_played":"5604721409300487808","potions_obtained":[{"floor":1,"key":"Fire Potion"},{"floor":2,"key":"Block Potion"},{"floor":2,"key":"BloodPotion"},{"floor":2,"key":"SneckoOil"},{"floor":10,"key":"Explosive Potion"},{"floor":11,"key":"SkillPotion"},{"floor":18,"key":"SpeedPotion"}],"is_trial":false,"path_per_floor":["M","?","M","?","$","E","R","M","T","E","M","R","M","M","R","B",null,"M","M","T","M"],"character_chosen":"IRONCLAD","items_purchased":["True Grit"],"campfire_rested":0,"item_purchase_floors":[5],"current_hp_per_floor":[78,78,80,80,80,80,80,80,80,36,40,40,46,29,29,9,62,31,8,8,0],"gold":339,"neow_bonus":"THREE_ENEMY_KILL","is_prod":false,"is_daily":false,"chose_seed":false,"campfire_upgraded":3,"win_rate":0,"timestamp":1541805681,"path_taken":["M","?","?","?","?","E","R","M","T","E","M","R","?","M","R","BOSS","M","?","?","M"],"build_version":"2018-11-08","purchased_purges":0,"victory":false,"max_hp_per_floor":[80,80,80,80,80,80,80,80,80,80,80,80,80,80,80,80,80,80,80,80,80],"card_choices":[{"not_picked":["Shockwave","Pummel"],"picked":"True Grit","floor":1},{"not_picked":["Blood for Blood","Inflame"],"picked":"True Grit","floor":3},{"not_picked":["Exhume","Flex"],"picked":"Pommel Strike","floor":6},{"not_picked":["Cleave","Iron Wave"],"picked":"Pommel Strike","floor":8},{"not_picked":["Infernal Blade","Bludgeon"],"picked":"Headbutt","floor":10},{"not_picked":["Uppercut","Blood for Blood","Thunderclap"],"picked":"SKIP","floor":11},{"not_picked":["Anger","Body Slam","Disarm"],"picked":"SKIP","floor":13},{"not_picked":["Heavy Blade","Wild Strike","Armaments"],"picked":"SKIP","floor":14},{"not_picked":["Berserk","Barricade"],"picked":"Demon Form","floor":16},{"not_picked":["Iron Wave","Thunderclap"],"picked":"Heavy Blade","floor":17},{"not_picked":["Clash","Infernal Blade"],"picked":"Havoc","floor":17},{"not_picked":["Evolve","Heavy Blade"],"picked":"Seeing Red","floor":17},{"not_picked":["Clash","Wild Strike"],"picked":"Combust","floor":17},{"not_picked":["Flex","Dropkick"],"picked":"Headbutt","floor":17},{"not_picked":["Twin Strike+1","Metallicize+1"],"picked":"Warcry","floor":18},{"not_picked":["Inflame+1","Clash"],"picked":"Havoc+1","floor":19}],"player_experience":307069,"relics_obtained":[{"floor":6,"key":"Bag of Preparation"},{"floor":9,"key":"Sundial"},{"floor":10,"key":"Darkstone Periapt"},{"floor":20,"key":"Mercury Hourglass"}],"event_choices":[{"damage_healed":0,"gold_gain":0,"player_choice":"Got Potions","damage_taken":0,"max_hp_gain":0,"max_hp_loss":0,"event_name":"Lab","floor":2,"gold_loss":0},{"damage_healed":0,"gold_gain":0,"player_choice":"Forge","damage_taken":0,"max_hp_gain":0,"max_hp_loss":0,"event_name":"Accursed Blacksmith","floor":4,"gold_loss":0,"cards_upgraded":["True Grit"]}],"is_beta":false,"boss_relics":[{"not_picked":["Fusion Hammer","Eternal Feather"],"picked":"Orrery"}],"items_purged_floors":[],"is_endless":false,"potions_floor_spawned":[1,10,11,13,18],"killed_by":"Shelled Parasite and Fungi","ascension_level":10}