{"gold_per_floor":[112,122,30,30,46,79,91,102,102,129,129,144,160,170,170,270,270,281,281],"floor_reached":19,"playtime":2165,"items_purged":[],"score":318,"play_id":"214f9f15-c6d4-4df7-85c4-78fdd2573bf9","local_time":"20181222115814","is_ascension_mode":true,"campfire_choices":[{"floor":15,"key":"REST"}],"neow_cost":"NONE","seed_source_timestamp":3449542133400444,"circlet_count":0,"master_deck":["AscendersBane","Strike_R","Strike_R","Strike_R","Strike_R","Defend_R","Defend_R","Defend_R","Defend_R","Bash","Juggernaut+1","Pommel Strike","Panacea","Iron Wave","Metallicize","Carnage","Rage","Feed"],"relics":["Black Blood","Boot","Singing Bowl","Pear"],"potions_floor_usage":[10,10,12,14],"damage_taken":[{"damage":7,"enemies":"Jaw Worm","floor":1,"turns":3},{"damage":1,"enemies":"Cultist","floor":2,"turns":3},{"damage":9,"enemies":"2 Louse","floor":5,"turns":2},{"damage":39,"enemies":"Gremlin Nob","floor":6,"turns":5},{"damage":20,"enemies":"Large Slime","floor":7,"turns":5},{"damage":10,"enemies":"Red Slaver","floor":8,"turns":3},{"damage":15,"enemies":"3 Sentries","floor":10,"turns":7},{"damage":13,"enemies":"Exordium Thugs","floor":12,"turns":5},{"damage":16,"enemies":"Lots of Slimes","floor":13,"turns":6},{"damage":8,"enemies":"Blue Slaver","floor":14,"turns":5},{"damage":32,"enemies":"The Guardian","floor":16,"turns":10},{"damage":44,"enemies":"Shell Parasite","floor":18,"turns":7},{"damage":44,"enemies":"3 Byrds","floor":19,"turns":3}],"seed_played":"3255457263219020114","potions_obtained":[{"floor":1,"key":"LiquidBronze"},{"floor":7,"key":"Poison Potion"},{"floor":8,"key":"Fire Potion"},{"floor":10,"key":"GamblersBrew"},{"floor":13,"key":"Strength Potion"}],"is_trial":false,"path_per_floor":["M","M","$","?","M","E","M","M","T","E","?","M","M","M","R","B",null,"M","M"],"character_chosen":"IRONCLAD","items_purchased":["Panacea"],"campfire_rested":1,"item_purchase_floors":[3],"current_hp_per_floor":[71,76,76,76,73,40,26,22,22,25,25,20,10,10,38,12,75,43,0],"gold":281,"neow_bonus":"ONE_RANDOM_RARE_CARD","is_prod":false,"is_daily":false,"chose_seed":false,"campfire_upgraded":0,"win_rate":0,"timestamp":1545508694,"path_taken":["M","M","$","?","?","E","M","M","T","E","?","M","M","M","R","BOSS","M","?"],"build_version":"2018-12-20","purchased_purges":0,"victory":false,"max_hp_per_floor":[80,80,80,80,80,80,80,80,80,92,92,94,94,96,96,96,96,98,98],"card_choices":[{"not_picked":["Combust","Flex","Thunderclap"],"picked":"SKIP","floor":1},{"not_picked":["Havoc","Perfected Strike"],"picked":"Pommel Strike","floor":2},{"not_picked":["Corruption","Clothesline"],"picked":"Iron Wave","floor":5},{"not_picked":["Anger","Seeing Red","Power Through"],"picked":"SKIP","floor":6},{"not_picked":["Thunderclap","Pommel Strike"],"picked":"Metallicize","floor":7},{"not_picked":["Cleave","Sword Boomerang","Sever Soul"],"picked":"SKIP","floor":8},{"not_picked":["Exhume","Anger","Clothesline"],"picked":"Singing Bowl","floor":10},{"not_picked":["Twin Strike","Fire Breathing","Inflame"],"picked":"Singing Bowl","floor":12},{"not_picked":["Seeing Red","Twin Strike"],"picked":"Rage","floor":13},{"not_picked":["Burning Pact","Brutality","Feel No Pain"],"picked":"Singing Bowl","floor":14},{"not_picked":["Demon Form","Brutality"],"picked":"Feed","floor":16},{"not_picked":["Wild Strike","Warcry","Searing Blow"],"picked":"Singing Bowl","floor":18}],"player_experience":494714,"relics_obtained":[{"floor":6,"key":"Boot"},{"floor":9,"key":"Singing Bowl"},{"floor":10,"key":"Pear"}],"event_choices":[{"damage_healed":0,"gold_gain":0,"player_choice":"Forge","damage_taken":0,"max_hp_gain":0,"max_hp_loss":0,"event_name":"Accursed Blacksmith","floor":4,"gold_loss":0,"cards_upgraded":["Juggernaut"]},{"damage_healed":0,"gold_gain":0,"cards_transformed":["Strike_R"],"player_choice":"Transformed","damage_taken":0,"max_hp_gain":0,"max_hp_loss":0,"event_name":"Transmorgrifier","floor":11,"gold_loss":0,"cards_obtained":["Carnage"]}],"is_beta":false,"boss_relics":[{"not_picked":["Cursed Key","Astrolabe"],"picked":"Black Blood"}],"items_purged_floors":[],"is_endless":false,"potions_floor_spawned":[1,7,8,10,13],"killed_by":"3 Byrds","ascension_level":12}