{"gold_per_floor":[99,99,99,118,137,468,468,485,485,485,485,485,499,16,16,120,120,131,131,131,151,151,151,26,41,41,60,60,60,79,79,79,181,181,197,297,308,308,308],"floor_reached":39,"playtime":8140,"items_purged":[],"score":479,"play_id":"b04136db-675f-49e6-96b1-86d3499a63d3","local_time":"20190702015343","is_ascension_mode":false,"campfire_choices":[{"floor":7,"key":"REST"},{"floor":10,"key":"REST"},{"floor":15,"key":"REST"},{"data":"Crippling Poison","floor":23,"key":"SMITH"},{"floor":29,"key":"REST"},{"data":"Adrenaline","floor":32,"key":"SMITH"}],"neow_cost":"NONE","seed_source_timestamp":1181927696871058,"circlet_count":0,"master_deck":["Strike_G+1","Strike_G+1","Strike_G+1","Strike_G+1","Strike_G+1","Defend_G+1","Defend_G+1","Defend_G+1","Defend_G+1","Defend_G+1","Survivor","Neutralize","Backflip","Deadly Poison","Quick Slash","Adrenaline","Flying Knee","Deflect","Deadly Poison","Poisoned Stab","Adrenaline+1","Cloak And Dagger","Die Die Die","All Out Attack","Crippling Poison+1","Noxious Fumes","Deadly Poison","Poisoned Stab","Catalyst+1","Terror","Deadly Poison","Catalyst+1","Flying Knee+1","Bouncing Flask","Secret Weapon"],"relics":["Ring of the Snake","NeowsBlessing","Snake Skull","Old Coin","Paper Crane","PreservedInsect","DollysMirror","Philosopher\u0027s Stone","MutagenicStrength","Pear","Lantern","Black Star","Prayer Wheel"],"potions_floor_usage":[6,16,33,37],"damage_taken":[{"damage":0,"enemies":"2 Louse","floor":1,"turns":1},{"damage":0,"enemies":"Jaw Worm","floor":4,"turns":1},{"damage":0,"enemies":"Small Slimes","floor":5,"turns":1},{"damage":24,"enemies":"3 Sentries","floor":6,"turns":15},{"damage":2,"enemies":"Blue Slaver","floor":8,"turns":3},{"damage":0,"enemies":"Looter","floor":13,"turns":3},{"damage":33,"enemies":"The Guardian","floor":16,"turns":12},{"damage":1,"enemies":"Shell Parasite","floor":18,"turns":5},{"damage":1,"enemies":"Chosen","floor":21,"turns":3},{"damage":15,"enemies":"Sentry and Sphere","floor":25,"turns":4},{"damage":11,"enemies":"Centurion and Healer","floor":27,"turns":5},{"damage":11,"enemies":"Snake Plant","floor":30,"turns":2},{"damage":15,"enemies":"Collector","floor":33,"turns":5},{"damage":45,"enemies":"3 Shapes","floor":35,"turns":4},{"damage":14,"enemies":"Mind Bloom Boss Battle","floor":36,"turns":4},{"damage":0,"enemies":"3 Darklings","floor":37,"turns":4},{"damage":29,"enemies":"Spire Growth","floor":39,"turns":5}],"seed_played":"-175905218793554874","potions_obtained":[{"floor":4,"key":"Swift Potion"},{"floor":6,"key":"GhostInAJar"},{"floor":13,"key":"Fire Potion"},{"floor":16,"key":"Weak Potion"},{"floor":25,"key":"LiquidBronze"},{"floor":30,"key":"FearPotion"},{"floor":35,"key":"Dexterity Potion"}],"is_trial":false,"path_per_floor":["M","?","?","M","M","E","R","M","T","R","$","?","M","$","R","B",null,"M","?","?","M","T","R","$","M","T","M","?","R","M","?","R","B",null,"M","?","M","?","M"],"character_chosen":"THE_SILENT","items_purchased":["PreservedInsect","Deadly Poison","Poisoned Stab","DollysMirror","Cloak And Dagger","Noxious Fumes","Deadly Poison"],"campfire_rested":4,"item_purchase_floors":[14,14,14,14,14,24,24],"current_hp_per_floor":[70,63,63,63,63,39,60,58,58,70,70,75,75,75,75,42,75,74,74,74,73,83,83,83,68,68,57,57,82,71,71,71,56,85,40,26,26,26,0],"gold":308,"neow_bonus":"THREE_ENEMY_KILL","is_prod":false,"is_daily":false,"chose_seed":false,"campfire_upgraded":2,"win_rate":0.0,"timestamp":1562050423,"path_taken":["M","?","?","M","M","E","R","M","T","R","?","?","M","$","R","BOSS","M","?","?","M","?","R","?","M","T","?","?","R","?","?","R","BOSS","M","?","M","?","M"],"build_version":"2019-07-01","purchased_purges":0,"victory":false,"max_hp_per_floor":[70,70,70,70,70,70,70,70,70,70,70,75,75,75,75,75,75,75,75,75,75,85,85,85,85,85,85,85,85,85,85,85,85,85,85,85,85,85,85],"card_choices":[{"not_picked":["Underhanded Strike","Dagger Throw"],"picked":"Backflip","floor":1},{"not_picked":["Flying Knee","Calculated Gamble"],"picked":"Deadly Poison","floor":4},{"not_picked":["Skewer","Eviscerate"],"picked":"Quick Slash","floor":5},{"not_picked":["All Out Attack","Dagger Throw"],"picked":"Adrenaline","floor":6},{"not_picked":["Underhanded Strike","Acrobatics"],"picked":"Flying Knee","floor":8},{"not_picked":["Distraction","PiercingWail"],"picked":"Deflect","floor":13},{"not_picked":["Malaise","Wraith Form v2"],"picked":"Die Die Die","floor":16},{"not_picked":["Acrobatics+1","Dagger Spray"],"picked":"All Out Attack","floor":18},{"not_picked":["Cloak And Dagger+1","Dagger Spray"],"picked":"Crippling Poison","floor":21},{"not_picked":["Tactician","Expertise"],"picked":"Poisoned Stab","floor":25},{"not_picked":["Noxious Fumes","Quick Slash"],"picked":"Catalyst","floor":27},{"not_picked":["Venomology","Slice"],"picked":"Terror","floor":30},{"not_picked":["Sucker Punch+1","Backflip"],"picked":"Deadly Poison","floor":35},{"not_picked":["Infinite Blades+1","Skewer+1"],"picked":"Catalyst+1","floor":36},{"not_picked":["Slice+1","Dagger Spray+1"],"picked":"Flying Knee+1","floor":37},{"not_picked":["PiercingWail+1","Deadly Poison+1"],"picked":"Bouncing Flask","floor":37},{"not_picked":["Secret Technique","Purity"],"picked":"Secret Weapon","floor":38}],"player_experience":205507,"relics_obtained":[{"floor":6,"key":"Old Coin"},{"floor":9,"key":"Paper Crane"},{"floor":22,"key":"Pear"},{"floor":26,"key":"Lantern"},{"floor":36,"key":"Prayer Wheel"}],"event_choices":[{"damage_healed":0,"gold_gain":0,"player_choice":"Success","damage_taken":7,"relics_obtained":["Snake Skull"],"max_hp_gain":0,"max_hp_loss":0,"event_name":"Scrap Ooze","floor":2,"gold_loss":0},{"damage_healed":0,"gold_gain":0,"player_choice":"Ignored","damage_taken":0,"max_hp_gain":0,"max_hp_loss":0,"event_name":"Golden Wing","floor":3,"gold_loss":0},{"damage_healed":0,"gold_gain":0,"player_choice":"Donut","damage_taken":0,"max_hp_gain":5,"max_hp_loss":0,"event_name":"Big Fish","floor":12,"gold_loss":0},{"damage_healed":0,"gold_gain":0,"player_choice":"Ignored","damage_taken":0,"max_hp_gain":0,"max_hp_loss":0,"event_name":"Ghosts","floor":19,"gold_loss":0},{"damage_healed":0,"gold_gain":0,"player_choice":"Inject Mutagens","damage_taken":0,"relics_obtained":["MutagenicStrength"],"max_hp_gain":0,"max_hp_loss":0,"event_name":"Drug Dealer","floor":20,"gold_loss":0},{"damage_healed":0,"gold_gain":0,"player_choice":"Forge","damage_taken":0,"max_hp_gain":0,"max_hp_loss":0,"event_name":"Accursed Blacksmith","floor":28,"gold_loss":0,"cards_upgraded":["Catalyst"]},{"damage_healed":0,"gold_gain":0,"player_choice":"Simplicity","damage_taken":0,"max_hp_gain":0,"max_hp_loss":0,"event_name":"Back to Basics","floor":31,"gold_loss":0,"cards_upgraded":["Strike_G","Strike_G","Strike_G","Strike_G","Strike_G","Defend_G","Defend_G","Defend_G","Defend_G","Defend_G"]},{"damage_healed":0,"gold_gain":0,"player_choice":"Fight","damage_taken":0,"max_hp_gain":0,"max_hp_loss":0,"event_name":"MindBloom","floor":36,"gold_loss":0},{"damage_healed":0,"gold_gain":0,"player_choice":"Memory 1","damage_taken":0,"max_hp_gain":0,"max_hp_loss":0,"event_name":"SensoryStone","floor":38,"gold_loss":0}],"is_beta":false,"boss_relics":[{"not_picked":["Tiny House","Ectoplasm"],"picked":"Philosopher\u0027s Stone"},{"not_picked":["Calling Bell","Eternal Feather"],"picked":"Black Star"}],"items_purged_floors":[],"is_endless":false,"potions_floor_spawned":[4,6,13,16,25,30,35],"killed_by":"Spire Growth","ascension_level":0}