{"gold_per_floor":[111,186,33,45,45,88,100,132,168,200,225,237,280,304,316,427,439,462,82,99,99,118,118,80,80,150,167,195,195,209,238,238,343,343,361,160,160,179,190,190,218,232,232,232],"floor_reached":44,"playtime":3213,"items_purged":["Strike_R","Regret"],"score":592,"play_id":"f128821c-83be-452b-a3a2-9ef98265dd68","local_time":"20190703000126","is_ascension_mode":true,"campfire_choices":[{"data":"Bludgeon","floor":7,"key":"SMITH"},{"data":"Uppercut","floor":12,"key":"SMITH"},{"data":"Clothesline","floor":15,"key":"SMITH"},{"data":"Offering","floor":23,"key":"SMITH"},{"data":"Metallicize","floor":25,"key":"SMITH"},{"data":"Armaments","floor":32,"key":"SMITH"},{"data":"Barricade","floor":40,"key":"SMITH"}],"neow_cost":"NONE","seed_source_timestamp":1202274058256329,"circlet_count":0,"master_deck":["Strike_R","Strike_R","Strike_R","Strike_R","Defend_R","Defend_R","Defend_R","Defend_R","Bash","Feel No Pain+1","Pummel","Bludgeon+1","Uppercut+1","Clothesline+1","Shrug It Off","Headbutt","Burning Pact","Offering+1","Pommel Strike+1","Carnage+1","True Grit","Metallicize+1","True Grit","Shrug It Off","Exhume","Disarm","Armaments+1","Barricade+1","Uppercut+1","Metallicize+1","Shrug It Off+1","Inflame+1","Juggernaut"],"relics":["Burning Blood","NeowsBlessing","MawBank","StoneCalendar","Bronze Scales","Meat on the Bone","Mark of Pain","Dead Branch","Kunai","Vajra","Lantern","Coffee Dripper","DollysMirror","Question Card","Prayer Wheel"],"potions_floor_usage":[14,33,33,44,44,44],"damage_taken":[{"damage":0,"enemies":"Jaw Worm","floor":1,"turns":1},{"damage":0,"enemies":"Small Slimes","floor":4,"turns":1},{"damage":2,"enemies":"Gremlin Nob","floor":6,"turns":2},{"damage":9,"enemies":"2 Louse","floor":8,"turns":3},{"damage":15,"enemies":"Looter","floor":10,"turns":2},{"damage":18,"enemies":"3 Louse","floor":11,"turns":3},{"damage":17,"enemies":"Lagavulin","floor":13,"turns":6},{"damage":32,"enemies":"Lots of Slimes","floor":14,"turns":5},{"damage":28,"enemies":"Hexaghost","floor":16,"turns":9},{"damage":22,"enemies":"3 Byrds","floor":18,"turns":3},{"damage":12,"enemies":"Shell Parasite","floor":20,"turns":3},{"damage":20,"enemies":"Centurion and Healer","floor":22,"turns":5},{"damage":25,"enemies":"Snake Plant","floor":27,"turns":2},{"damage":31,"enemies":"Slavers","floor":28,"turns":4},{"damage":12,"enemies":"Cultist and Chosen","floor":30,"turns":3},{"damage":15,"enemies":"Book of Stabbing","floor":31,"turns":5},{"damage":54,"enemies":"Collector","floor":33,"turns":12},{"damage":4,"enemies":"3 Shapes","floor":35,"turns":4},{"damage":2,"enemies":"Orb Walker","floor":38,"turns":3},{"damage":44,"enemies":"Transient","floor":39,"turns":5},{"damage":5,"enemies":"Nemesis","floor":41,"turns":7},{"damage":13,"enemies":"Sphere and 2 Shapes","floor":42,"turns":6},{"damage":70,"enemies":"Reptomancer","floor":44,"turns":3}],"seed_played":"-6841076801882138899","potions_obtained":[{"floor":1,"key":"LiquidBronze"},{"floor":6,"key":"FearPotion"},{"floor":8,"key":"Regen Potion"},{"floor":13,"key":"Regen Potion"},{"floor":27,"key":"FairyPotion"},{"floor":31,"key":"BloodPotion"},{"floor":33,"key":"Swift Potion"},{"floor":39,"key":"Block Potion"},{"floor":42,"key":"BloodPotion"}],"is_trial":false,"path_per_floor":["M","?","$","M","?","E","R","M","T","M","M","R","E","M","R","B",null,"M","$","M","?","M","R","$","R","T","M","E","?","M","E","R","B",null,"M","$","?","M","M","R","E","M","T","E"],"character_chosen":"IRONCLAD","items_purchased":["Feel No Pain","Dead Branch","Metallicize","DollysMirror"],"campfire_rested":0,"item_purchase_floors":[3,19,24,36],"current_hp_per_floor":[80,69,69,75,75,79,79,76,76,67,55,55,44,44,44,34,80,64,64,58,58,56,56,56,56,56,49,36,36,42,45,45,44,80,80,80,80,80,54,54,55,48,48,0],"gold":232,"neow_bonus":"THREE_ENEMY_KILL","is_prod":false,"is_daily":false,"chose_seed":false,"campfire_upgraded":7,"win_rate":0,"timestamp":1562137286,"path_taken":["M","?","$","M","?","E","R","M","T","M","M","R","E","M","R","BOSS","M","$","M","?","M","R","$","R","T","M","E","?","M","E","R","BOSS","M","$","?","M","?","R","E","M","T","E"],"build_version":"2019-07-01","purchased_purges":2,"victory":false,"max_hp_per_floor":[80,80,80,80,80,80,80,80,80,80,80,80,80,80,80,80,80,80,80,80,80,80,80,80,80,80,80,80,80,80,80,80,80,80,80,80,80,80,80,80,80,80,80,80],"card_choices":[{"not_picked":["Combust","Iron Wave","Rage"],"picked":"SKIP","floor":1},{"not_picked":["Body Slam","Combust"],"picked":"Pummel","floor":4},{"not_picked":["Havoc","Thunderclap"],"picked":"Bludgeon","floor":6},{"not_picked":["Seeing Red","Iron Wave"],"picked":"Uppercut","floor":8},{"not_picked":["Blood for Blood","Anger"],"picked":"Clothesline","floor":10},{"not_picked":["Armaments","Flex"],"picked":"Shrug It Off","floor":11},{"not_picked":["Fire Breathing","Twin Strike"],"picked":"Headbutt","floor":13},{"not_picked":["Feed","Flex"],"picked":"Burning Pact","floor":14},{"not_picked":["Brutality","Immolate"],"picked":"Offering","floor":16},{"not_picked":["Twin Strike","Body Slam"],"picked":"Pommel Strike+1","floor":18},{"not_picked":["Thunderclap","Sword Boomerang"],"picked":"Carnage+1","floor":20},{"not_picked":["Anger","Sword Boomerang"],"picked":"True Grit","floor":22},{"not_picked":["Whirlwind","Rage"],"picked":"True Grit","floor":27},{"not_picked":["Sever Soul","Hemokinesis"],"picked":"Shrug It Off","floor":28},{"not_picked":["Clothesline","Second Wind"],"picked":"Disarm","floor":30},{"not_picked":["Evolve","Limit Break"],"picked":"Armaments","floor":31},{"not_picked":["Brutality","Immolate"],"picked":"Barricade","floor":33},{"not_picked":["Dual Wield+1","Warcry"],"picked":"Uppercut+1","floor":35},{"not_picked":["Armaments","Warcry"],"picked":"Shrug It Off+1","floor":38},{"not_picked":["Wild Strike","Warcry+1","Rage+1"],"picked":"SKIP","floor":39},{"not_picked":["Perfected Strike","Sword Boomerang"],"picked":"Inflame+1","floor":41},{"not_picked":["Flex","Warcry+1","Ghostly Armor+1"],"picked":"Juggernaut","floor":42}],"player_experience":231991,"relics_obtained":[{"floor":6,"key":"StoneCalendar"},{"floor":9,"key":"Bronze Scales"},{"floor":13,"key":"Meat on the Bone"},{"floor":26,"key":"Kunai"},{"floor":28,"key":"Vajra"},{"floor":31,"key":"Lantern"},{"floor":41,"key":"Question Card"},{"floor":43,"key":"Prayer Wheel"}],"event_choices":[{"damage_healed":0,"gold_gain":75,"player_choice":"Gather Gold","damage_taken":11,"max_hp_gain":0,"max_hp_loss":0,"event_name":"World of Goop","floor":2,"gold_loss":0},{"damage_healed":0,"gold_gain":0,"player_choice":"Box","damage_taken":0,"relics_obtained":["MawBank"],"max_hp_gain":0,"max_hp_loss":0,"event_name":"Big Fish","floor":5,"gold_loss":0,"cards_obtained":["Regret"]},{"damage_healed":0,"gold_gain":0,"player_choice":"Ignored","damage_taken":0,"max_hp_gain":0,"max_hp_loss":0,"event_name":"Vampires","floor":21,"gold_loss":0},{"damage_healed":0,"gold_gain":0,"player_choice":"Read","damage_taken":0,"max_hp_gain":0,"max_hp_loss":0,"event_name":"The Library","floor":29,"gold_loss":0,"cards_obtained":["Exhume"]},{"damage_healed":0,"gold_gain":0,"player_choice":"Upgraded","damage_taken":0,"max_hp_gain":0,"max_hp_loss":0,"event_name":"Upgrade Shrine","floor":37,"gold_loss":0,"cards_upgraded":["Feel No Pain"]}],"is_beta":false,"boss_relics":[{"not_picked":["Pandora\u0027s Box","Lizard Tail"],"picked":"Mark of Pain"},{"not_picked":["Orrery","White Beast Statue"],"picked":"Coffee Dripper"}],"items_purged_floors":[3,19],"is_endless":false,"potions_floor_spawned":[1,6,8,13,27,31,33,39,42],"killed_by":"Reptomancer","ascension_level":3}