{"gold_per_floor":[109,119,119,137,43,43,69,82,82,82,99,125,135,235,235,309,309,328,338,16,16,16,48,228,258,283,283,303,303,66,66,66,142,142,155,0,0,14,34,62,62,79,127,127,138,138,149,174,174,174,174,174,36,36],"floor_reached":54,"playtime":5367,"items_purged":["Bite"],"score":1366,"play_id":"0158f053-425e-4115-ba4c-aad9e9229c52","local_time":"20190616183439","is_ascension_mode":true,"campfire_choices":[{"data":"Footwork","floor":6.0,"key":"SMITH"},{"data":"Well Laid Plans","floor":10.0,"key":"SMITH"},{"data":"Glass Knife","floor":15.0,"key":"SMITH"},{"data":"1","floor":27.0,"key":"LIFT"},{"data":"2","floor":29.0,"key":"LIFT"},{"data":"3","floor":32.0,"key":"LIFT"},{"floor":41,"key":"RECALL"},{"floor":46,"key":"DIG"},{"floor":49,"key":"DIG"},{"floor":52,"key":"DIG"}],"neow_cost":"PERCENT_DAMAGE","seed_source_timestamp":0,"circlet_count":0,"master_deck":["AscendersBane","Defend_G+1","Defend_G+1","Defend_G+1","Defend_G+1","Defend_G+1","Survivor","Neutralize","Dash","Noxious Fumes","Footwork+1","Well Laid Plans+1","Dodge and Roll","PiercingWail","Glass Knife+1","Leg Sweep","Malaise","Deflect","Bite","Bite","Bite","Bite","Acrobatics","Dodge and Roll","Deflect","Corpse Explosion","PiercingWail","Escape Plan+1","Flechettes+1","Pain","Escape Plan"],"special_seed":0,"relics":["Ring of the Snake","Shovel","Blue Candle","Letter Opener","Mummified Hand","Fusion Hammer","Paper Crane","Girya","Lantern","PreservedInsect","Bronze Scales","Red Mask","Art of War","WarpedTongs","Anchor","Regal Pillow","Pen Nib","Dodecahedron"],"potions_floor_usage":[40,40,50,54],"damage_taken":[{"damage":5.0,"enemies":"Jaw Worm","floor":1.0,"turns":6.0},{"damage":4.0,"enemies":"2 Louse","floor":2.0,"turns":5.0},{"damage":1.0,"enemies":"Cultist","floor":4.0,"turns":4.0},{"damage":12.0,"enemies":"3 Sentries","floor":7.0,"turns":11.0},{"damage":2.0,"enemies":"2 Fungi Beasts","floor":8.0,"turns":5.0},{"damage":0.0,"enemies":"Looter","floor":11.0,"turns":5.0},{"damage":13.0,"enemies":"Lagavulin","floor":12.0,"turns":11.0},{"damage":4.0,"enemies":"Exordium Thugs","floor":13.0,"turns":7.0},{"damage":12.0,"enemies":"The Guardian","floor":16.0,"turns":14.0},{"damage":0.0,"enemies":"Spheric Guardian","floor":18.0,"turns":7.0},{"damage":1.0,"enemies":"Chosen","floor":19.0,"turns":6.0},{"damage":3.0,"enemies":"Book of Stabbing","floor":23.0,"turns":8.0},{"damage":25.0,"enemies":"Gremlin Leader","floor":25.0,"turns":13.0},{"damage":0.0,"enemies":"Sentry and Sphere","floor":28.0,"turns":8.0},{"damage":16.0,"enemies":"Champ","floor":33.0,"turns":23.0},{"damage":5,"enemies":"3 Shapes","floor":35,"turns":4},{"damage":5,"enemies":"Orb Walker","floor":38,"turns":4},{"damage":0,"enemies":"Maw","floor":39,"turns":10},{"damage":8,"enemies":"Reptomancer","floor":40,"turns":5},{"damage":4,"enemies":"Transient","floor":42,"turns":5},{"damage":13,"enemies":"Writhing Mass","floor":45,"turns":9},{"damage":0,"enemies":"Jaw Worm Horde","floor":47,"turns":2},{"damage":1,"enemies":"Nemesis","floor":48,"turns":7},{"damage":4,"enemies":"Time Eater","floor":50,"turns":13},{"damage":45,"enemies":"Shield and Spear","floor":54,"turns":2}],"seed_played":"2657360688307197091","potions_obtained":[{"floor":1.0,"key":"SpeedPotion"},{"floor":7.0,"key":"Strength Potion"},{"floor":13.0,"key":"Poison Potion"},{"floor":19.0,"key":"Poison Potion"},{"floor":23.0,"key":"Strength Potion"},{"floor":28.0,"key":"GhostInAJar"},{"floor":35,"key":"PowerPotion"},{"floor":45,"key":"Swift Potion"},{"floor":47,"key":"SpeedPotion"}],"is_trial":false,"path_per_floor":["M","M","?","M","$","R","E","M","T","R","M","E","M","?","R","B",null,"M","M","$","?","?","E","?","E","T","R","M","R","$","?","R","B",null,"M","?","?","M","M","E","R","M","T","?","M","R","M","E","R","B",null,"R","$","E"],"character_chosen":"THE_SILENT","items_purchased":["Well Laid Plans","Dodge and Roll","Paper Crane","Deflect","Bronze Scales","LiquidBronze","SteroidPotion"],"campfire_rested":0,"item_purchase_floors":[5,5,20,20,30,53,53],"current_hp_per_floor":[39,35,57,56,56,56,44,42,42,42,42,29,25,25,25,13,53,53,52,52,46,46,46,28,27,27,27,41,41,41,41,41,39,44,41,41,41,39,44,40,40,40,40,40,41,41,43,44,44,43,44,44,44,0],"gold":36,"neow_bonus":"ONE_RARE_RELIC","is_prod":false,"is_daily":false,"chose_seed":false,"campfire_upgraded":3,"win_rate":0,"timestamp":1560735279,"path_taken":["M","M","?","M","$","R","E","M","T","R","M","E","M","?","R","BOSS","M","M","$","?","?","E","?","E","T","R","?","R","$","?","R","BOSS","M","?","?","M","M","E","R","M","T","?","M","R","?","E","R","BOSS","R","$","E"],"build_version":"2019-01-23","purchased_purges":1,"victory":false,"max_hp_per_floor":[66,66,66,66,66,66,66,66,66,66,66,66,66,66,66,66,66,66,66,66,46,46,46,46,46,46,46,46,46,46,46,46,46,46,46,46,44,44,44,44,44,44,44,44,44,44,44,44,44,44,44,44,44,44],"card_choices":[{"not_picked":["Deflect","Quick Slash"],"picked":"Dash","floor":1.0},{"not_picked":["All Out Attack","Deflect"],"picked":"Noxious Fumes","floor":2.0},{"not_picked":["Sucker Punch","Poisoned Stab"],"picked":"Footwork","floor":4.0},{"not_picked":["Catalyst","Deadly Poison"],"picked":"PiercingWail","floor":8.0},{"not_picked":["Bouncing Flask","Caltrops"],"picked":"Glass Knife","floor":11.0},{"not_picked":["Poisoned Stab","Deflect"],"picked":"Leg Sweep","floor":12.0},{"not_picked":["Bane","Underhanded Strike","Slice"],"picked":"SKIP","floor":13.0},{"not_picked":["Bane","Underhanded Strike","Slice"],"picked":"SKIP","floor":13.0},{"not_picked":["Burst","Unload"],"picked":"Malaise","floor":16.0},{"not_picked":["Endless Agony","Blade Dance","Deadly Poison"],"picked":"SKIP","floor":18.0},{"not_picked":["Riddle With Holes","Blade Dance","Endless Agony+1"],"picked":"SKIP","floor":19.0},{"not_picked":["Slice","Dagger Throw"],"picked":"Dodge and Roll","floor":23.0},{"not_picked":["Predator","Finisher"],"picked":"Deflect","floor":25.0},{"not_picked":["Flying Knee","Outmaneuver","Eviscerate"],"picked":"SKIP","floor":28.0},{"not_picked":["Phantasmal Killer","Glass Knife"],"picked":"Corpse Explosion","floor":33.0},{"not_picked":["Predator","Distraction"],"picked":"PiercingWail","floor":35},{"not_picked":["Bane+1","Deadly Poison","Leg Sweep"],"picked":"SKIP","floor":38},{"not_picked":["Blade Dance","PiercingWail+1","Deadly Poison"],"picked":"SKIP","floor":39},{"not_picked":["Sucker Punch","Well Laid Plans"],"picked":"Escape Plan+1","floor":40},{"not_picked":["Distraction+1","Well Laid Plans"],"picked":"Flechettes+1","floor":42},{"not_picked":["Dagger Throw","Concentrate","Prepared"],"picked":"SKIP","floor":45},{"not_picked":["Underhanded Strike","Sucker Punch","Prepared+1"],"picked":"SKIP","floor":47},{"not_picked":["Cloak And Dagger","Blur"],"picked":"Escape Plan","floor":48}],"player_experience":1254382,"relics_obtained":[{"floor":7.0,"key":"Blue Candle"},{"floor":9.0,"key":"Letter Opener"},{"floor":12.0,"key":"Mummified Hand"},{"floor":23.0,"key":"Girya"},{"floor":25.0,"key":"Lantern"},{"floor":26.0,"key":"PreservedInsect"},{"floor":40,"key":"Art of War"},{"floor":46,"key":"Anchor"},{"floor":48,"key":"Regal Pillow"},{"floor":49,"key":"Pen Nib"},{"floor":52,"key":"Dodecahedron"}],"event_choices":[{"damage_healed":22.0,"max_hp_gain":0.0,"max_hp_loss":0.0,"gold_gain":0.0,"event_name":"Big Fish","player_choice":"Banana","floor":3.0,"gold_loss":0.0,"damage_taken":0.0},{"damage_healed":0.0,"max_hp_gain":0.0,"max_hp_loss":0.0,"gold_gain":100.0,"event_name":"Wheel of Change","player_choice":"Gold","floor":14.0,"gold_loss":0.0,"damage_taken":0.0},{"damage_healed":0.0,"max_hp_gain":0.0,"max_hp_loss":20.0,"gold_gain":0.0,"event_name":"Vampires","player_choice":"Became a vampire","floor":21.0,"gold_loss":0.0,"damage_taken":0.0,"cards_obtained":["Bite","Bite","Bite","Bite","Bite"]},{"damage_healed":0.0,"max_hp_gain":0.0,"max_hp_loss":0.0,"gold_gain":0.0,"event_name":"The Library","player_choice":"Read","floor":22.0,"gold_loss":0.0,"damage_taken":0.0,"cards_obtained":["Acrobatics"]},{"damage_healed":0.0,"max_hp_gain":0.0,"max_hp_loss":0.0,"gold_gain":180.0,"event_name":"Knowing Skull","player_choice":"GOLD GOLD ","floor":24.0,"potions_obtained":[],"gold_loss":0.0,"damage_taken":18.0,"cards_obtained":[]},{"damage_healed":0.0,"max_hp_gain":0.0,"max_hp_loss":0.0,"gold_gain":0.0,"event_name":"Back to Basics","player_choice":"Simplicity","floor":31.0,"gold_loss":0.0,"damage_taken":0.0,"cards_upgraded":["Defend_G","Defend_G","Defend_G","Defend_G","Defend_G"]},{"damage_healed":0,"gold_gain":0,"player_choice":"Paid","damage_taken":0,"relics_obtained":["Red Mask"],"max_hp_gain":0,"max_hp_loss":0,"event_name":"Tomb of Lord Red Mask","floor":36,"gold_loss":155},{"damage_healed":0,"gold_gain":0,"player_choice":"Max HP","damage_taken":0,"max_hp_gain":0,"max_hp_loss":2,"event_name":"Winding Halls","floor":37,"gold_loss":0},{"damage_healed":0,"gold_gain":0,"player_choice":"Rummage","damage_taken":0,"relics_obtained":["WarpedTongs"],"max_hp_gain":0,"max_hp_loss":0,"event_name":"Accursed Blacksmith","floor":44,"gold_loss":0,"cards_obtained":["Pain"]}],"is_beta":false,"boss_relics":[{"not_picked":["Runic Dome","White Beast Statue"],"picked":"Fusion Hammer"},{"not_picked":["WristBlade","HoveringKite","Velvet Choker"]}],"items_purged_floors":[30],"is_endless":false,"potions_floor_spawned":[1,7,13,19,23,25,28,35,45,47,48],"killed_by":"Shield and Spear","ascension_level":16}