{"gold_per_floor":[11,27,40,40,40,40,60,60,60,79,79,79,104,51,51,128,128,141,141,125,125,144,144,156,167,220,24,40,51,51,62,62,62],"floor_reached":33,"playtime":2085,"items_purged":[],"score":461,"play_id":"01e0e0ec-c780-4725-b623-3cf1eda87d23","local_time":"20181229172126","is_ascension_mode":true,"campfire_choices":[{"data":"Inflame","floor":6,"key":"SMITH"},{"floor":11,"key":"REST"},{"data":"Shrug It Off","floor":15,"key":"SMITH"},{"data":"J.A.X.","floor":23,"key":"SMITH"},{"floor":30,"key":"REST"},{"floor":32,"key":"REST"}],"neow_cost":"NO_GOLD","seed_source_timestamp":260783904378709,"circlet_count":0,"master_deck":["AscendersBane","Strike_R","Defend_R","Defend_R","Defend_R","Defend_R","Bash","Clothesline","Feed","Iron Wave","Inflame+1","Pummel","Second Wind","Shrug It Off+1","Brutality","Body Slam","J.A.X.+1","Shrug It Off","Cleave","Whirlwind","Panacea"],"relics":["Burning Blood","Odd Mushroom","Orichalcum","Pen Nib","Mark of Pain","MawBank"],"potions_floor_usage":[7,16,20,22,28,29,29],"damage_taken":[{"damage":8,"enemies":"2 Louse","floor":1,"turns":3},{"damage":0,"enemies":"Cultist","floor":2,"turns":3},{"damage":20,"enemies":"Jaw Worm","floor":3,"turns":6},{"damage":22,"enemies":"The Mushroom Lair","floor":7,"turns":4},{"damage":48,"enemies":"Gremlin Gang","floor":10,"turns":4},{"damage":22,"enemies":"3 Sentries","floor":13,"turns":9},{"damage":41,"enemies":"The Guardian","floor":16,"turns":12},{"damage":22,"enemies":"Chosen","floor":18,"turns":7},{"damage":6,"enemies":"2 Thieves","floor":20,"turns":4},{"damage":19,"enemies":"Shelled Parasite and Fungi","floor":22,"turns":4},{"damage":28,"enemies":"3 Cultists","floor":24,"turns":6},{"damage":20,"enemies":"Snake Plant","floor":25,"turns":4},{"damage":8,"enemies":"Sentry and Sphere","floor":28,"turns":3},{"damage":28,"enemies":"3 Cultists","floor":29,"turns":5},{"damage":33,"enemies":"Centurion and Healer","floor":31,"turns":4},{"damage":66,"enemies":"Automaton","floor":33,"turns":6}],"seed_played":"8378211161007474710","potions_obtained":[{"floor":3,"key":"AttackPotion"},{"floor":13,"key":"BloodPotion"},{"floor":18,"key":"Regen Potion"},{"floor":20,"key":"AttackPotion"},{"floor":25,"key":"BloodPotion"},{"floor":28,"key":"GamblersBrew"}],"is_trial":false,"path_per_floor":["M","M","M","?","$","R","?","$","T","M","R","$","E","$","R","B",null,"M","?","M","?","M","R","M","M","T","$","M","M","R","M","R","B"],"character_chosen":"IRONCLAD","items_purchased":["Shrug It Off","Whirlwind","Panacea","SteroidPotion"],"campfire_rested":3,"item_purchase_floors":[14,27,27,27],"current_hp_per_floor":[73,82,71,71,71,71,58,58,58,19,47,47,34,34,34,8,76,60,60,77,77,67,67,48,37,37,37,35,27,60,33,66,0],"gold":62,"neow_bonus":"TRANSFORM_TWO_CARDS","is_prod":false,"is_daily":false,"chose_seed":false,"campfire_upgraded":3,"win_rate":0,"timestamp":1546132886,"path_taken":["M","M","M","?","?","R","?","?","T","?","R","$","E","$","R","BOSS","M","?","?","?","M","R","M","M","T","$","M","M","R","M","R","BOSS"],"build_version":"2018-12-20","purchased_purges":0,"victory":false,"max_hp_per_floor":[83,86,89,89,89,89,92,92,92,95,95,95,98,98,98,98,98,98,98,101,101,104,104,107,110,110,110,110,113,113,113,113,113],"card_choices":[{"not_picked":["Clothesline","Wild Strike"],"picked":"Iron Wave","floor":1},{"not_picked":["Cleave","Clothesline"],"picked":"Inflame","floor":2},{"not_picked":["Dropkick","Thunderclap"],"picked":"Pummel","floor":3},{"not_picked":["Wild Strike","Flex","Perfected Strike"],"picked":"SKIP","floor":10},{"not_picked":["Dropkick","Heavy Blade"],"picked":"Second Wind","floor":13},{"not_picked":["Offering","Barricade"],"picked":"Brutality","floor":16},{"not_picked":["Wild Strike","Heavy Blade","Warcry"],"picked":"SKIP","floor":18},{"not_picked":["Rupture","Anger","Intimidate"],"picked":"SKIP","floor":20},{"not_picked":["Clash","Anger"],"picked":"Shrug It Off","floor":22},{"not_picked":["Thunderclap","Searing Blow","Warcry"],"picked":"SKIP","floor":24},{"not_picked":["Flex","Havoc"],"picked":"Cleave","floor":25},{"not_picked":["Headbutt","Armaments","Thunderclap"],"picked":"SKIP","floor":28},{"not_picked":["Headbutt","Dark Embrace","Fire Breathing+1"],"picked":"SKIP","floor":29},{"not_picked":["True Grit","Headbutt","Shrug It Off"],"picked":"SKIP","floor":31}],"player_experience":651154,"relics_obtained":[{"floor":7,"key":"Odd Mushroom"},{"floor":9,"key":"Orichalcum"},{"floor":13,"key":"Pen Nib"},{"floor":26,"key":"MawBank"}],"event_choices":[{"cards_removed":["Strike_R"],"damage_healed":0,"gold_gain":0,"player_choice":"Purged","damage_taken":0,"max_hp_gain":0,"max_hp_loss":0,"event_name":"Purifier","floor":4,"gold_loss":0},{"damage_healed":0,"gold_gain":0,"player_choice":"Fought Mushrooms","damage_taken":0,"max_hp_gain":0,"max_hp_loss":0,"event_name":"Mushrooms","floor":7,"gold_loss":0},{"damage_healed":0,"gold_gain":0,"cards_transformed":["Strike_R"],"player_choice":"Transformed","damage_taken":0,"max_hp_gain":0,"max_hp_loss":0,"event_name":"Transmorgrifier","floor":19,"gold_loss":0,"cards_obtained":["Body Slam"]},{"damage_healed":0,"gold_gain":0,"player_choice":"Obtain J.A.X.","damage_taken":0,"max_hp_gain":0,"max_hp_loss":0,"event_name":"Drug Dealer","floor":21,"gold_loss":0,"cards_obtained":["J.A.X."]}],"is_beta":false,"boss_relics":[{"not_picked":["Tiny House","Philosopher\u0027s Stone"],"picked":"Mark of Pain"}],"items_purged_floors":[],"is_endless":false,"potions_floor_spawned":[3,13,18,20,25,28],"killed_by":"Automaton","ascension_level":13}