{"gold_per_floor":[118,135,135,151,171,171,201,213,213,66,84,6,6,6],"floor_reached":14,"playtime":744,"items_purged":["Strike_R"],"score":97,"play_id":"5a16135f-9e41-454d-aa10-a54ac82854b8","local_time":"20190317170326","is_ascension_mode":true,"campfire_choices":[{"data":"Shockwave","floor":6,"key":"SMITH"}],"neow_cost":"NONE","seed_source_timestamp":232535874785517,"circlet_count":0,"master_deck":["Strike_R","Strike_R","Strike_R","Strike_R","Defend_R","Defend_R","Defend_R","Defend_R","Bash+1","Pommel Strike+1","Heavy Blade","Shockwave+1","Burning Pact","Heavy Blade","Blood for Blood","Inflame+1","Spot Weakness","Inflame"],"relics":["Burning Blood","Oddly Smooth Stone","Gambling Chip"],"potions_floor_usage":[11,14],"damage_taken":[{"damage":6,"enemies":"Jaw Worm","floor":1,"turns":3},{"damage":0,"enemies":"Cultist","floor":2,"turns":2},{"damage":14,"enemies":"2 Louse","floor":4,"turns":3},{"damage":5,"enemies":"2 Fungi Beasts","floor":5,"turns":3},{"damage":44,"enemies":"Lagavulin","floor":7,"turns":7},{"damage":33,"enemies":"Large Slime","floor":8,"turns":6},{"damage":6,"enemies":"Looter","floor":11,"turns":3},{"damage":12,"enemies":"Blue Slaver","floor":14,"turns":3}],"seed_played":"1780239549339407053","potions_obtained":[{"floor":1,"key":"Dexterity Potion"},{"floor":5,"key":"Dexterity Potion"},{"floor":11,"key":"PowerPotion"}],"is_trial":false,"path_per_floor":["M","M","?","M","M","R","E","M","T","$","M","$","?","M"],"character_chosen":"IRONCLAD","items_purchased":["Inflame","Inflame"],"campfire_rested":0,"item_purchase_floors":[10,12],"current_hp_per_floor":[80,80,80,72,73,73,35,8,8,8,8,8,8,0],"gold":6,"neow_bonus":"UPGRADE_CARD","is_prod":false,"is_daily":false,"chose_seed":false,"campfire_upgraded":1,"win_rate":0,"timestamp":1552867406,"path_taken":["M","M","?","?","M","R","E","M","T","$","M","$","?","?"],"build_version":"2019-01-23","purchased_purges":1,"victory":false,"max_hp_per_floor":[80,80,80,80,80,80,80,80,80,80,80,80,80,80],"card_choices":[{"not_picked":["Anger","Heavy Blade"],"picked":"Pommel Strike","floor":1},{"not_picked":["Flex","Body Slam"],"picked":"Heavy Blade","floor":2},{"not_picked":["Sentinel","Armaments"],"picked":"Shockwave","floor":4},{"not_picked":["Shrug It Off","Clothesline"],"picked":"Burning Pact","floor":5},{"not_picked":["Body Slam","Pommel Strike"],"picked":"Heavy Blade","floor":7},{"not_picked":["Clash","Reckless Charge"],"picked":"Blood for Blood","floor":8},{"not_picked":["Flex","Shrug It Off"],"picked":"Spot Weakness","floor":11}],"player_experience":102572,"relics_obtained":[{"floor":7,"key":"Oddly Smooth Stone"},{"floor":9,"key":"Gambling Chip"}],"event_choices":[{"damage_healed":0,"gold_gain":0,"player_choice":"Forge","damage_taken":0,"max_hp_gain":0,"max_hp_loss":0,"event_name":"Accursed Blacksmith","floor":3,"gold_loss":0,"cards_upgraded":["Pommel Strike"]},{"damage_healed":0,"gold_gain":0,"player_choice":"Upgraded","damage_taken":0,"max_hp_gain":0,"max_hp_loss":0,"event_name":"Upgrade Shrine","floor":13,"gold_loss":0,"cards_upgraded":["Inflame"]}],"is_beta":false,"boss_relics":[],"items_purged_floors":[10],"is_endless":false,"potions_floor_spawned":[1,5,11],"killed_by":"Blue Slaver","ascension_level":1}