{"gold_per_floor":[119,119,133,133,149,149,174,174,174,174,206,224,224,238,238,311,311,328,328,13,0,0,0,31,31,83,97,128,145,156,176,176,253,253,269,544,559,577,629,629,662,662,662,697,715,369,369,369,369,369,369,369,3,29,29],"floor_reached":56,"playtime":5684,"items_purged":["Regret"],"score":2451,"play_id":"edb6f8b5-0864-411e-994c-6ae184152c00","local_time":"20190704104139","is_ascension_mode":true,"campfire_choices":[{"data":"Neutralize","floor":6.0,"key":"SMITH"},{"floor":8.0,"key":"REST"},{"floor":15.0,"key":"REST"},{"floor":23.0,"key":"REST"},{"data":"1","floor":25.0,"key":"LIFT"},{"data":"2","floor":32.0,"key":"LIFT"},{"data":"3","floor":40.0,"key":"LIFT"},{"floor":47.0,"key":"RECALL"},{"floor":49.0,"key":"REST"},{"floor":52,"key":"REST"}],"neow_cost":"NONE","seed_source_timestamp":0,"circlet_count":0,"master_deck":["AscendersBane","Strike_G+1","Strike_G+1","Strike_G+1","Strike_G+1","Defend_G+1","Defend_G+1","Defend_G+1","Defend_G+1","Defend_G+1","Survivor","Neutralize+1","Dash","Flying Knee","Infinite Blades+1","Skewer+1","Deadly Poison+1","Flying Knee","After Image","Cloak And Dagger+1","Dodge and Roll+1","Well Laid Plans","Leg Sweep+1","Adrenaline+1","Backflip+1","Cloak And Dagger+1","Wraith Form v2","Dodge and Roll+1","Caltrops+1","Calculated Gamble+1","Backflip+1","Dark Shackles+1","Dodge and Roll+1"],"special_seed":0,"relics":["Ring of the Snake","Ornamental Fan","Toxic Egg 2","Paper Crane","Potion Belt","Fusion Hammer","Enchiridion","Kunai","Girya","Lantern","Ninja Scroll","WristBlade","FossilizedHelix","The Courier","Pear","Chemical X","Happy Flower","Anchor","Art of War"],"potions_floor_usage":[54,55,55,55],"damage_taken":[{"damage":2.0,"enemies":"2 Louse","floor":1.0,"turns":5.0},{"damage":7.0,"enemies":"Small Slimes","floor":3.0,"turns":3.0},{"damage":0.0,"enemies":"Jaw Worm","floor":5.0,"turns":3.0},{"damage":23.0,"enemies":"Lagavulin","floor":7.0,"turns":7.0},{"damage":14.0,"enemies":"Gremlin Nob","floor":11.0,"turns":4.0},{"damage":2.0,"enemies":"Exordium Wildlife","floor":12.0,"turns":5.0},{"damage":0.0,"enemies":"Looter","floor":14.0,"turns":4.0},{"damage":26.0,"enemies":"Hexaghost","floor":16.0,"turns":10.0},{"damage":2.0,"enemies":"3 Byrds","floor":18.0,"turns":5.0},{"damage":0.0,"enemies":"Gremlin Leader","floor":24.0,"turns":6.0},{"damage":0.0,"enemies":"Shell Parasite","floor":27.0,"turns":4.0},{"damage":20.0,"enemies":"Book of Stabbing","floor":28.0,"turns":6.0},{"damage":0.0,"enemies":"3 Cultists","floor":29.0,"turns":5.0},{"damage":0.0,"enemies":"Centurion and Healer","floor":30.0,"turns":3.0},{"damage":0.0,"enemies":"Shelled Parasite and Fungi","floor":31.0,"turns":4.0},{"damage":0.0,"enemies":"Automaton","floor":33.0,"turns":13.0},{"damage":0.0,"enemies":"Orb Walker","floor":35.0,"turns":3.0},{"damage":1.0,"enemies":"3 Shapes","floor":37.0,"turns":4.0},{"damage":1.0,"enemies":"Writhing Mass","floor":38.0,"turns":7.0},{"damage":5.0,"enemies":"2 Orb Walkers","floor":39.0,"turns":6.0},{"damage":2.0,"enemies":"Giant Head","floor":41.0,"turns":11.0},{"damage":8.0,"enemies":"Nemesis","floor":44.0,"turns":9.0},{"damage":0.0,"enemies":"Sphere and 2 Shapes","floor":45.0,"turns":4.0},{"damage":0,"enemies":"Awakened One","floor":50,"turns":19},{"damage":0,"enemies":"Shield and Spear","floor":54,"turns":11},{"damage":16,"enemies":"The Heart","floor":55,"turns":10}],"seed_played":"7137730165379580009","potions_obtained":[{"floor":5.0,"key":"Strength Potion"},{"floor":12.0,"key":"LiquidBronze"},{"floor":16.0,"key":"SpeedPotion"},{"floor":24.0,"key":"SpeedPotion"},{"floor":27.0,"key":"Poison Potion"},{"floor":28.0,"key":"Block Potion"},{"floor":29.0,"key":"Strength Potion"},{"floor":33.0,"key":"Swift Potion"}],"is_trial":false,"path_per_floor":["M","?","M","?","M","R","E","R","T","?","E","M","?","M","R","B",null,"M","?","$","?","?","R","E","R","T","M","E","M","M","M","R","B",null,"M","?","M","M","?","R","E","?","T","E","M","$","R","?","R","B",null,"R","$","E","B",null],"character_chosen":"THE_SILENT","items_purchased":["Kunai","Cloak And Dagger+1","Chemical X","Ancient Potion","SpeedPotion","Dark Shackles+1","Happy Flower","Anchor","Dodge and Roll+1"],"campfire_rested":5,"item_purchase_floors":[20,20,46,46,46,53,53,53,53],"current_hp_per_floor":[63,58,51,44,44,44,21,42,42,66,52,50,28,28,49,23,60,58,37,37,37,37,58,58,58,58,58,38,38,38,38,38,38,64,64,64,63,62,57,57,55,55,55,57,57,57,57,57,81,81,82,82,82,82,66],"gold":29,"neow_bonus":"TEN_PERCENT_HP_BONUS","is_prod":false,"is_daily":false,"chose_seed":false,"campfire_upgraded":1,"win_rate":0,"timestamp":1562262099,"path_taken":["M","?","M","?","?","R","E","R","T","?","E","M","?","M","R","BOSS","M","?","$","?","?","R","E","R","T","M","E","M","?","?","R","BOSS","M","?","M","?","?","R","E","?","T","E","?","$","R","?","R","BOSS","R","$","E","BOSS"],"build_version":"2019-07-01","purchased_purges":1,"victory":true,"max_hp_per_floor":[72,72,72,72,72,72,72,72,72,72,72,72,72,72,72,72,72,72,72,72,72,72,72,72,72,72,72,72,72,72,72,72,72,72,72,72,72,72,72,72,72,72,72,82,82,82,82,82,82,82,82,82,82,82,82],"card_choices":[{"not_picked":["Quick Slash","Deadly Poison"],"picked":"Dash","floor":1.0},{"not_picked":["Acrobatics","Sucker Punch"],"picked":"Flying Knee","floor":3.0},{"not_picked":["PiercingWail","Setup"],"picked":"Infinite Blades","floor":5.0},{"not_picked":["Predator","Dagger Throw"],"picked":"Skewer","floor":7.0},{"not_picked":["Finisher","Concentrate+1"],"picked":"Deadly Poison+1","floor":11.0},{"not_picked":["Bane","Quick Slash"],"picked":"Flying Knee","floor":12.0},{"not_picked":["Predator","Grand Finale","Deadly Poison+1"],"picked":"SKIP","floor":14.0},{"not_picked":["Storm of Steel+1","Glass Knife"],"picked":"After Image","floor":16.0},{"not_picked":["Quick Slash","Slice+1","Flechettes"],"picked":"SKIP","floor":18.0},{"not_picked":["Sucker Punch","All Out Attack"],"picked":"Dodge and Roll+1","floor":24.0},{"not_picked":["Eviscerate","Endless Agony+1"],"picked":"Well Laid Plans","floor":27.0},{"not_picked":["Poisoned Stab","Deadly Poison+1"],"picked":"Leg Sweep+1","floor":28.0},{"not_picked":["Setup+1","Blade Dance+1"],"picked":"Adrenaline+1","floor":29.0},{"not_picked":["Noxious Fumes","Well Laid Plans"],"picked":"Backflip+1","floor":30.0},{"not_picked":["Quick Slash","Tactician+1"],"picked":"Cloak And Dagger+1","floor":31.0},{"not_picked":["Storm of Steel+1","Glass Knife"],"picked":"Wraith Form v2","floor":33.0},{"not_picked":["Dash","Bane+1"],"picked":"Dodge and Roll+1","floor":35.0},{"not_picked":["Setup+1","Reflex+1"],"picked":"Caltrops+1","floor":37.0},{"not_picked":["Reflex+1","Leg Sweep+1","Sucker Punch"],"picked":"SKIP","floor":38.0},{"not_picked":["Dagger Spray","Wraith Form v2","Reflex+1"],"picked":"SKIP","floor":41.0},{"not_picked":["Dagger Throw+1","Acrobatics+1"],"picked":"Calculated Gamble+1","floor":44.0},{"not_picked":["Calculated Gamble+1","Choke"],"picked":"Backflip+1","floor":45.0},{"not_picked":["Distraction+1","Prepared+1","Poisoned Stab"],"picked":"SKIP","floor":54}],"player_experience":1391663,"relics_obtained":[{"floor":7.0,"key":"Toxic Egg 2"},{"floor":9.0,"key":"Paper Crane"},{"floor":11.0,"key":"Potion Belt"},{"floor":19.0,"key":"Enchiridion"},{"floor":24.0,"key":"Girya"},{"floor":26.0,"key":"Lantern"},{"floor":28.0,"key":"Ninja Scroll"},{"floor":39.0,"key":"FossilizedHelix"},{"floor":41.0,"key":"The Courier"},{"floor":44.0,"key":"Pear"},{"floor":54,"key":"Art of War"}],"event_choices":[{"damage_healed":0.0,"max_hp_gain":0.0,"max_hp_loss":0.0,"gold_gain":0.0,"event_name":"Scrap Ooze","player_choice":"Success","floor":2.0,"gold_loss":0.0,"damage_taken":5.0,"relics_obtained":["Ornamental Fan"]},{"cards_removed":["Strike_G"],"damage_healed":0.0,"max_hp_gain":0.0,"max_hp_loss":0.0,"gold_gain":0.0,"event_name":"Golden Wing","player_choice":"Card Removal","floor":4.0,"gold_loss":0.0,"damage_taken":7.0},{"damage_healed":24.0,"max_hp_gain":0.0,"max_hp_loss":0.0,"gold_gain":0.0,"event_name":"Big Fish","player_choice":"Banana","floor":10.0,"gold_loss":0.0,"damage_taken":0.0},{"damage_healed":0.0,"max_hp_gain":0.0,"max_hp_loss":0.0,"gold_gain":0.0,"event_name":"Shining Light","player_choice":"Entered Light","floor":13.0,"gold_loss":0.0,"damage_taken":22.0,"cards_upgraded":["Strike_G","Skewer"]},{"damage_healed":0.0,"max_hp_gain":0.0,"max_hp_loss":0.0,"gold_gain":0.0,"event_name":"Cursed Tome","player_choice":"Obtained Book","floor":19.0,"gold_loss":0.0,"damage_taken":21.0},{"damage_healed":0.0,"max_hp_gain":0.0,"max_hp_loss":0.0,"gold_gain":0.0,"event_name":"Masked Bandits","player_choice":"Paid Fearfully","floor":21.0,"gold_loss":13.0,"damage_taken":0.0},{"damage_healed":0.0,"max_hp_gain":0.0,"max_hp_loss":0.0,"gold_gain":0.0,"event_name":"Back to Basics","player_choice":"Simplicity","floor":22.0,"gold_loss":0.0,"damage_taken":0.0,"cards_upgraded":["Strike_G","Strike_G","Strike_G","Defend_G","Defend_G","Defend_G","Defend_G","Defend_G"]},{"damage_healed":0.0,"max_hp_gain":0.0,"max_hp_loss":0.0,"gold_gain":275.0,"event_name":"Golden Shrine","player_choice":"Desecrate","floor":36.0,"gold_loss":0.0,"damage_taken":0.0,"cards_obtained":["Regret"]},{"damage_healed":0.0,"max_hp_gain":0.0,"max_hp_loss":0.0,"gold_gain":0.0,"event_name":"Mysterious Sphere","player_choice":"Fight","floor":39.0,"gold_loss":0.0,"damage_taken":0.0},{"damage_healed":0.0,"max_hp_gain":0.0,"max_hp_loss":0.0,"gold_gain":0.0,"event_name":"Upgrade Shrine","player_choice":"Upgraded","floor":42.0,"gold_loss":0.0,"damage_taken":0.0,"cards_upgraded":["Infinite Blades"]},{"damage_healed":0.0,"max_hp_gain":0.0,"max_hp_loss":0.0,"gold_gain":0.0,"event_name":"Lab","player_choice":"Got Potions","floor":48.0,"gold_loss":0.0,"damage_taken":0.0}],"is_beta":false,"boss_relics":[{"not_picked":["Busted Crown","White Beast Statue"],"picked":"Fusion Hammer"},{"not_picked":["Sozu","Astrolabe"],"picked":"WristBlade"}],"items_purged_floors":[46],"is_endless":false,"potions_floor_spawned":[5,12,16,24,27,28,29,33,39,41],"ascension_level":19}