{"gold_per_floor":[115,132,107,107,55,55,82,82,82,112,147,147,161,180,180,283,283,295,311,331,606,616,30,30],"floor_reached":24,"playtime":2147,"items_purged":[],"score":206,"play_id":"9beb5e15-37be-4e01-b6d8-5694ac45654c","local_time":"20190609010226","is_ascension_mode":false,"campfire_choices":[{"data":"Twin Strike","floor":6,"key":"SMITH"},{"data":"Pommel Strike","floor":8,"key":"SMITH"},{"floor":15,"key":"REST"}],"neow_cost":"NONE","seed_source_timestamp":38069198977283,"circlet_count":0,"master_deck":["Strike_R","Strike_R","Strike_R","Strike_R","Strike_R","Defend_R","Defend_R","Defend_R","Defend_R","Bash","Armaments+1","Twin Strike+1","Shrug It Off","Shrug It Off","Pommel Strike+1","Rage+1","Anger","Metallicize","Immolate","Cleave","Flex","Cleave","Regret","Armaments","Metallicize"],"relics":["Black Blood","Bottled Lightning","Dodecahedron","Mummified Hand","Lantern","MealTicket","Dream Catcher"],"potions_floor_usage":[16,22],"damage_taken":[{"damage":10,"enemies":"Jaw Worm","floor":1,"turns":4},{"damage":6,"enemies":"2 Louse","floor":2,"turns":5},{"damage":16,"enemies":"3 Sentries","floor":7,"turns":10},{"damage":59,"enemies":"Gremlin Nob","floor":11,"turns":6},{"damage":0,"enemies":"Cultist","floor":13,"turns":3},{"damage":2,"enemies":"Large Slime","floor":14,"turns":5},{"damage":31,"enemies":"Slime Boss","floor":16,"turns":16},{"damage":19,"enemies":"2 Thieves","floor":18,"turns":5},{"damage":14,"enemies":"Spheric Guardian","floor":19,"turns":5},{"damage":12,"enemies":"Centurion and Healer","floor":20,"turns":7},{"damage":35,"enemies":"Shelled Parasite and Fungi","floor":22,"turns":7},{"damage":16,"enemies":"Colosseum Slavers","floor":24,"turns":3},{"damage":56,"enemies":"Colosseum Nobs","floor":24,"turns":5}],"seed_played":"-4629833141984277454","potions_obtained":[{"floor":2,"key":"Explosive Potion"},{"floor":18,"key":"FearPotion"},{"floor":19,"key":"Fruit Juice"}],"is_trial":false,"path_per_floor":["M","M","$","?","$","R","E","R","T","?","E","?","M","M","R","B",null,"M","M","M","?","M","$","?"],"character_chosen":"IRONCLAD","items_purchased":["Shrug It Off","Shrug It Off","Lantern","MealTicket","Dream Catcher","Metallicize"],"campfire_rested":1,"item_purchase_floors":[3,5,23,23,23,23],"current_hp_per_floor":[84,84,84,84,84,84,74,74,74,74,21,21,27,31,57,32,88,79,75,73,73,53,53,0],"gold":30,"neow_bonus":"TEN_PERCENT_HP_BONUS","is_prod":false,"is_daily":false,"chose_seed":false,"campfire_upgraded":2,"win_rate":0.0,"timestamp":1560060146,"path_taken":["M","M","$","?","$","R","E","R","T","?","E","?","?","M","R","BOSS","M","M","M","?","?","$","?"],"build_version":"2019-01-23","purchased_purges":0,"victory":false,"max_hp_per_floor":[88,88,88,88,88,88,88,88,88,88,88,88,88,88,88,88,88,88,88,88,88,93,93,93],"card_choices":[{"not_picked":["Iron Wave","Carnage"],"picked":"Armaments","floor":1},{"not_picked":["Disarm","True Grit"],"picked":"Twin Strike","floor":2},{"not_picked":["Evolve","Iron Wave"],"picked":"Pommel Strike","floor":7},{"not_picked":["Offering","Fire Breathing"],"picked":"Rage","floor":11},{"not_picked":["Shrug It Off","Headbutt"],"picked":"Anger","floor":13},{"not_picked":["Entrench","Rampage"],"picked":"Metallicize","floor":14},{"not_picked":["Feed","Brutality"],"picked":"Immolate","floor":16},{"not_picked":["Infernal Blade","Anger+1"],"picked":"Cleave","floor":18},{"not_picked":["Disarm","Rampage"],"picked":"Flex","floor":19},{"not_picked":["Spot Weakness","Entrench"],"picked":"Cleave","floor":20},{"not_picked":["Shockwave","Sword Boomerang"],"picked":"Armaments","floor":22}],"player_experience":87439,"relics_obtained":[{"floor":7,"key":"Bottled Lightning"},{"floor":9,"key":"Dodecahedron"},{"floor":11,"key":"Mummified Hand"}],"event_choices":[{"damage_healed":0,"gold_gain":0,"player_choice":"Grow","damage_taken":0,"max_hp_gain":0,"max_hp_loss":0,"event_name":"Living Wall","floor":4,"gold_loss":0,"cards_upgraded":["Armaments"]},{"damage_healed":0,"gold_gain":30,"player_choice":"Searched \u00271\u0027 times","damage_taken":0,"max_hp_gain":0,"max_hp_loss":0,"event_name":"Dead Adventurer","floor":10,"gold_loss":0},{"damage_healed":0,"gold_gain":0,"player_choice":"Upgraded","damage_taken":0,"max_hp_gain":0,"max_hp_loss":0,"event_name":"Upgrade Shrine","floor":12,"gold_loss":0,"cards_upgraded":["Rage"]},{"damage_healed":0,"gold_gain":275,"player_choice":"Desecrate","damage_taken":0,"max_hp_gain":0,"max_hp_loss":0,"event_name":"Golden Shrine","floor":21,"gold_loss":0,"cards_obtained":["Regret"]},{"damage_healed":0,"gold_gain":0,"player_choice":"Fight","damage_taken":0,"max_hp_gain":0,"max_hp_loss":0,"event_name":"Colosseum","floor":24,"gold_loss":0},{"damage_healed":0,"gold_gain":0,"player_choice":"Fought Nobs","damage_taken":0,"max_hp_gain":0,"max_hp_loss":0,"event_name":"Colosseum","floor":24,"gold_loss":0}],"is_beta":false,"boss_relics":[{"not_picked":["Fusion Hammer","Calling Bell"],"picked":"Black Blood"}],"items_purged_floors":[],"is_endless":false,"potions_floor_spawned":[2,18,19,24],"killed_by":"Colosseum Nobs","ascension_level":0}