{"gold_per_floor":[110,385,78,98,118,118,130,145,227,302,302,82,114,124,124,201,201,214,214,214,225,225,225,240,274,353,353,380,397,421,456,456,456],"floor_reached":33,"playtime":1832,"items_purged":["Regret","Clumsy"],"score":559,"play_id":"74006285-137f-4b60-adcd-3a6c6f76ab9b","local_time":"20190704151440","is_ascension_mode":true,"campfire_choices":[{"data":"Zap","floor":6,"key":"SMITH"},{"data":"Dualcast","floor":11,"key":"SMITH"},{"data":"Redo","floor":15,"key":"SMITH"},{"data":"Hologram","floor":23,"key":"SMITH"},{"data":"Hologram","floor":27,"key":"SMITH"},{"data":"All For One","floor":32,"key":"SMITH"}],"neow_cost":"CURSE","seed_source_timestamp":591586155908375,"circlet_count":0,"master_deck":["AscendersBane","Defend_B","Defend_B","Defend_B","Defend_B","Zap+1","Dualcast+1","Ball Lightning","All For One+1","Compile Driver","Hologram+1","Hologram+1","Beam Cell","Redo+1","Self Repair","Biased Cognition","Ball Lightning","Necronomicurse","Bite","Bite","Bite","Bite","Bite","Genetic Algorithm","Compile Driver","Skim"],"relics":["Cracked Core","Ginger","Orichalcum","Singing Bowl","FossilizedHelix","Snecko Eye","Necronomicon","Letter Opener","Dream Catcher","Tiny Chest","Symbiotic Virus","PreservedInsect","Happy Flower"],"potions_floor_usage":[13,25,28,33],"damage_taken":[{"damage":6,"enemies":"2 Louse","floor":1,"turns":2},{"damage":0,"enemies":"Cultist","floor":4,"turns":3},{"damage":4,"enemies":"Small Slimes","floor":5,"turns":2},{"damage":5,"enemies":"Blue Slaver","floor":7,"turns":3},{"damage":5,"enemies":"Looter","floor":8,"turns":2},{"damage":12,"enemies":"Gremlin Nob","floor":13,"turns":4},{"damage":0,"enemies":"2 Fungi Beasts","floor":14,"turns":3},{"damage":9,"enemies":"Slime Boss","floor":16,"turns":8},{"damage":16,"enemies":"Spheric Guardian","floor":18,"turns":5},{"damage":4,"enemies":"3 Byrds","floor":21,"turns":3},{"damage":0,"enemies":"Snecko","floor":24,"turns":3},{"damage":45,"enemies":"Gremlin Leader","floor":25,"turns":6},{"damage":21,"enemies":"Slavers","floor":28,"turns":3},{"damage":0,"enemies":"Cultist and Chosen","floor":29,"turns":3},{"damage":6,"enemies":"Gremlin Leader","floor":31,"turns":3},{"damage":90,"enemies":"Automaton","floor":33,"turns":6}],"seed_played":"7814863132938930320","potions_obtained":[{"floor":1,"key":"Ancient Potion"},{"floor":8,"key":"GamblersBrew"},{"floor":13,"key":"Regen Potion"},{"floor":16,"key":"Explosive Potion"},{"floor":29,"key":"GamblersBrew"}],"is_trial":false,"path_per_floor":["M","?","$","M","M","R","M","M","T","?","R","$","E","M","R","B",null,"M","?","?","M","T","R","M","E","T","R","E","M","T","E","R","B"],"character_chosen":"DEFECT","items_purchased":["Orichalcum","All For One","Redo","Self Repair"],"campfire_rested":0,"item_purchase_floors":[3,3,12,12],"current_hp_per_floor":[58,58,58,58,54,54,49,44,44,33,33,33,30,32,32,30,64,55,34,34,36,36,36,49,21,21,21,25,31,31,36,36,0],"gold":456,"neow_bonus":"ONE_RARE_RELIC","is_prod":false,"is_daily":false,"chose_seed":false,"campfire_upgraded":6,"win_rate":0,"timestamp":1562278480,"path_taken":["M","?","$","M","M","R","M","?","T","?","R","$","E","M","R","BOSS","M","?","?","M","?","R","M","E","T","R","E","M","?","E","R","BOSS"],"build_version":"2019-07-01","purchased_purges":2,"victory":false,"max_hp_per_floor":[71,71,71,71,71,71,71,71,71,71,71,71,73,75,75,75,75,75,75,52,54,54,54,54,54,54,54,56,58,58,58,58,58],"card_choices":[{"not_picked":["Conserve Battery","Gash"],"picked":"Ball Lightning","floor":1},{"not_picked":["Heatsinks","Leap"],"picked":"Compile Driver","floor":4},{"not_picked":["Ball Lightning","Aggregate"],"picked":"Hologram","floor":5},{"not_picked":["Heatsinks","Barrage"],"picked":"Hologram","floor":7},{"not_picked":["Leap","Rebound"],"picked":"Beam Cell","floor":8},{"not_picked":["Rainbow","Chaos","Double Energy"],"picked":"Singing Bowl","floor":13},{"not_picked":["Sunder","Chaos","Blizzard"],"picked":"Singing Bowl","floor":14},{"not_picked":["Rainbow","Multi-Cast"],"picked":"Biased Cognition","floor":16},{"not_picked":["Chaos","Rebound"],"picked":"Ball Lightning","floor":18},{"not_picked":["Conserve Battery","Chill","Rip and Tear"],"picked":"Singing Bowl","floor":21},{"not_picked":["Conserve Battery","Ball Lightning"],"picked":"Genetic Algorithm","floor":24},{"not_picked":["Fusion","Aggregate"],"picked":"Compile Driver","floor":25},{"not_picked":["Tempest","Steam","Cold Snap"],"picked":"Singing Bowl","floor":28},{"not_picked":["Self Repair","Coolheaded","Steam Power"],"picked":"Singing Bowl","floor":29},{"not_picked":["Hello World+1","BootSequence+1"],"picked":"Skim","floor":31}],"player_experience":1408654,"relics_obtained":[{"floor":9,"key":"Singing Bowl"},{"floor":13,"key":"FossilizedHelix"},{"floor":19,"key":"Necronomicon"},{"floor":22,"key":"Letter Opener"},{"floor":25,"key":"Dream Catcher"},{"floor":26,"key":"Tiny Chest"},{"floor":28,"key":"Symbiotic Virus"},{"floor":30,"key":"PreservedInsect"},{"floor":31,"key":"Happy Flower"}],"event_choices":[{"damage_healed":0,"gold_gain":275,"player_choice":"Desecrate","damage_taken":0,"max_hp_gain":0,"max_hp_loss":0,"event_name":"Golden Shrine","floor":2,"gold_loss":0,"cards_obtained":["Regret"]},{"damage_healed":0,"gold_gain":75,"player_choice":"Gather Gold","damage_taken":11,"max_hp_gain":0,"max_hp_loss":0,"event_name":"World of Goop","floor":10,"gold_loss":0},{"damage_healed":0,"gold_gain":0,"player_choice":"Obtained Book","damage_taken":21,"max_hp_gain":0,"max_hp_loss":0,"event_name":"Cursed Tome","floor":19,"gold_loss":0},{"damage_healed":0,"gold_gain":0,"player_choice":"Became a vampire","damage_taken":0,"max_hp_gain":0,"max_hp_loss":23,"event_name":"Vampires","floor":20,"gold_loss":0,"cards_obtained":["Bite","Bite","Bite","Bite","Bite"]}],"is_beta":false,"boss_relics":[{"not_picked":["FrozenCore","Busted Crown"],"picked":"Snecko Eye"}],"items_purged_floors":[3,12],"is_endless":false,"potions_floor_spawned":[1,8,13,16,24,29],"killed_by":"Automaton","ascension_level":15}