{"gold_per_floor":[112,128,128,128,128,128,171,171,171,171,171,184,134,104,104,235,235,250,286,299,299,399,399,442,461,461,532,532,572,572,586,586,711,711,736,111,167,500,513,513,189,189,189,189,218,231,231,256,256,256,256,256,159,191,191],"floor_reached":55,"playtime":6503,"items_purged":["Strike_G","Strike_G+1"],"score":864,"play_id":"dcea49e0-7a24-45e6-96b4-493d90a2b006","local_time":"20190705023548","is_ascension_mode":true,"campfire_choices":[{"floor":6,"key":"RECALL"},{"data":"Noxious Fumes","floor":15,"key":"SMITH"},{"data":"After Image","floor":23,"key":"SMITH"},{"floor":28,"key":"REST"},{"floor":30,"key":"REST"},{"data":"Crippling Poison","floor":32,"key":"SMITH"},{"floor":40,"key":"REST"},{"data":"Noxious Fumes","floor":44,"key":"SMITH"},{"floor":49,"key":"REST"},{"data":"Night Terror","floor":52,"key":"SMITH"}],"neow_cost":"NONE","seed_source_timestamp":1445290688324466,"circlet_count":0,"master_deck":["Defend_G","Defend_G","Defend_G","Defend_G","Defend_G","Survivor+1","Neutralize","Crippling Poison+1","Noxious Fumes+1","Backstab","Crippling Poison","After Image+1","Deadly Poison+1","Backflip+1","Night Terror+1","Noxious Fumes+1","Backflip","Blur","Bane","Adrenaline"],"relics":["Ring of the Snake","NeowsBlessing","Question Card","Kunai","Busted Crown","Red Mask","Matryoshka","Tingsha","Ancient Tea Set","Meat on the Bone","Tiny Chest","Smiling Mask","Runic Pyramid","Sundial","Vajra","Du-Vu Doll","Happy Flower","Bronze Scales","Gremlin Horn","Pear","Mummified Hand","Ornamental Fan"],"potions_floor_usage":[12,14,19,20,27,33,33,45,48,48,50,55,55,55],"damage_taken":[{"damage":0,"enemies":"Small Slimes","floor":1,"turns":1},{"damage":0,"enemies":"Jaw Worm","floor":2,"turns":1},{"damage":0,"enemies":"3 Sentries","floor":7,"turns":1},{"damage":0,"enemies":"2 Louse","floor":12,"turns":3},{"damage":0,"enemies":"Looter","floor":14,"turns":4},{"damage":30,"enemies":"Hexaghost","floor":16,"turns":11},{"damage":0,"enemies":"3 Byrds","floor":18,"turns":3},{"damage":15,"enemies":"Masked Bandits","floor":19,"turns":4},{"damage":2,"enemies":"Spheric Guardian","floor":20,"turns":4},{"damage":13,"enemies":"Slavers","floor":24,"turns":8},{"damage":7,"enemies":"Chosen and Byrds","floor":25,"turns":6},{"damage":5,"enemies":"Book of Stabbing","floor":27,"turns":6},{"damage":3,"enemies":"Gremlin Leader","floor":29,"turns":6},{"damage":5,"enemies":"Cultist and Chosen","floor":31,"turns":6},{"damage":15,"enemies":"Automaton","floor":33,"turns":12},{"damage":3,"enemies":"3 Shapes","floor":35,"turns":5},{"damage":46,"enemies":"2 Orb Walkers","floor":37,"turns":6},{"damage":13,"enemies":"Orb Walker","floor":39,"turns":6},{"damage":18,"enemies":"Nemesis","floor":45,"turns":9},{"damage":13,"enemies":"3 Darklings","floor":46,"turns":5},{"damage":0,"enemies":"Giant Head","floor":48,"turns":9},{"damage":18,"enemies":"Awakened One","floor":50,"turns":17},{"damage":11,"enemies":"Shield and Spear","floor":54,"turns":6},{"damage":73,"enemies":"The Heart","floor":55,"turns":9}],"seed_played":"-7912215910084105392","potions_obtained":[{"floor":1,"key":"Block Potion"},{"floor":12,"key":"Regen Potion"},{"floor":16,"key":"AttackPotion"},{"floor":19,"key":"Dexterity Potion"},{"floor":24,"key":"Fire Potion"},{"floor":27,"key":"Block Potion"},{"floor":29,"key":"PowerPotion"},{"floor":37,"key":"Fire Potion"},{"floor":39,"key":"Block Potion"},{"floor":45,"key":"Swift Potion"},{"floor":48,"key":"Explosive Potion"}],"is_trial":false,"path_per_floor":["M","M","?","?","?","R","E","?","T","$","?","M","?","M","R","B",null,"M","?","M","?","?","R","E","M","T","E","R","E","R","M","R","B",null,"M","$","?","?","M","R","$","?","T","R","E","M","T","E","R","B",null,"R","$","E","B"],"character_chosen":"THE_SILENT","items_purchased":["Noxious Fumes","Sundial","Vajra","Backflip","Blur","Bane","Happy Flower","Regen Potion","Poison Potion","Energy Potion"],"campfire_rested":4,"item_purchase_floors":[36,36,36,36,36,41,41,41,53,53],"current_hp_per_floor":[70,70,75,69,55,55,55,48,48,48,48,48,48,57,57,27,69,69,54,52,52,52,52,39,32,32,39,59,56,69,64,64,49,69,66,66,32,32,31,51,51,51,51,51,48,35,45,45,68,50,79,79,79,68,0],"gold":191,"neow_bonus":"THREE_ENEMY_KILL","is_prod":false,"is_daily":false,"chose_seed":false,"campfire_upgraded":5,"win_rate":0,"timestamp":1562312148,"path_taken":["M","M","?","?","?","R","E","?","T","$","?","M","?","?","R","BOSS","M","?","M","?","?","R","E","?","T","E","R","E","R","M","R","BOSS","M","$","?","?","M","R","$","?","T","R","E","?","?","E","R","BOSS","R","$","E","BOSS"],"build_version":"2019-07-01","purchased_purges":2,"victory":false,"max_hp_per_floor":[70,70,75,69,69,69,69,69,69,69,69,69,69,69,69,69,69,69,69,69,69,69,69,69,69,69,69,69,69,69,69,69,69,69,69,69,69,69,69,69,69,69,69,69,69,69,79,79,79,79,79,79,79,79,79],"card_choices":[{"not_picked":["Expertise","Acrobatics"],"picked":"Crippling Poison","floor":1},{"not_picked":["Dagger Spray","Poisoned Stab"],"picked":"Noxious Fumes","floor":2},{"not_picked":["Underhanded Strike","Slice","PiercingWail"],"picked":"SKIP","floor":7},{"not_picked":["Reflex","PiercingWail","Dagger Spray"],"picked":"Backstab","floor":12},{"not_picked":["Underhanded Strike","Backstab","Bane"],"picked":"Crippling Poison","floor":14},{"not_picked":["Die Die Die","Bullet Time","Glass Knife"],"picked":"After Image","floor":16},{"not_picked":["Eviscerate","Cloak And Dagger"],"picked":"SKIP","floor":18},{"not_picked":["Underhanded Strike"],"picked":"Deadly Poison+1","floor":19},{"not_picked":["Skewer","Outmaneuver"],"picked":"SKIP","floor":20},{"not_picked":["Acrobatics","Distraction"],"picked":"SKIP","floor":24},{"not_picked":["Choke+1"],"picked":"Backflip+1","floor":25},{"not_picked":["Reflex","Dagger Spray+1"],"picked":"SKIP","floor":27},{"not_picked":["Underhanded Strike","Distraction"],"picked":"SKIP","floor":29},{"not_picked":["Choke+1","Dodge and Roll"],"picked":"SKIP","floor":31},{"not_picked":["Die Die Die"],"picked":"Night Terror","floor":33},{"not_picked":["Underhanded Strike+1","PiercingWail+1"],"picked":"SKIP","floor":35},{"not_picked":["Quick Slash","Slice"],"picked":"SKIP","floor":39},{"not_picked":["Quick Slash+1","Slice+1"],"picked":"SKIP","floor":45},{"not_picked":["Escape Plan+1","Backflip"],"picked":"SKIP","floor":46},{"not_picked":["Bullet Time","Backflip"],"picked":"SKIP","floor":48},{"not_picked":["Prepared+1"],"picked":"Adrenaline","floor":54}],"player_experience":251163,"relics_obtained":[{"floor":7,"key":"Question Card"},{"floor":9,"key":"Kunai"},{"floor":19,"key":"Red Mask"},{"floor":24,"key":"Tingsha"},{"floor":26,"key":"Ancient Tea Set"},{"floor":26,"key":"Meat on the Bone"},{"floor":27,"key":"Tiny Chest"},{"floor":29,"key":"Smiling Mask"},{"floor":37,"key":"Du-Vu Doll"},{"floor":43,"key":"Bronze Scales"},{"floor":45,"key":"Gremlin Horn"},{"floor":47,"key":"Pear"},{"floor":48,"key":"Mummified Hand"},{"floor":54,"key":"Ornamental Fan"}],"event_choices":[{"damage_healed":0,"gold_gain":0,"player_choice":"Donut","damage_taken":0,"max_hp_gain":5,"max_hp_loss":0,"event_name":"Big Fish","floor":3,"gold_loss":0},{"damage_healed":0,"gold_gain":0,"player_choice":"Lose Max HP","damage_taken":0,"relics_obtained":["Golden Idol"],"max_hp_gain":0,"max_hp_loss":6,"event_name":"Golden Idol","floor":4,"gold_loss":0},{"damage_healed":0,"gold_gain":0,"player_choice":"Entered Light","damage_taken":14,"max_hp_gain":0,"max_hp_loss":0,"event_name":"Shining Light","floor":5,"gold_loss":0,"cards_upgraded":["Strike_G","Survivor"]},{"cards_removed":["Strike_G"],"damage_healed":0,"gold_gain":0,"player_choice":"Card Removal","damage_taken":7,"max_hp_gain":0,"max_hp_loss":0,"event_name":"Golden Wing","floor":8,"gold_loss":0},{"damage_healed":0,"gold_gain":0,"cards_transformed":["Strike_G"],"player_choice":"Change","damage_taken":0,"max_hp_gain":0,"max_hp_loss":0,"event_name":"Living Wall","floor":11,"gold_loss":0,"cards_obtained":["Prepared"]},{"cards_removed":["Strike_G"],"damage_healed":0,"gold_gain":0,"player_choice":"Card Removal","damage_taken":0,"max_hp_gain":0,"max_hp_loss":0,"event_name":"The Cleric","floor":13,"gold_loss":50},{"damage_healed":0,"gold_gain":0,"player_choice":"Fought Bandits","damage_taken":0,"max_hp_gain":0,"max_hp_loss":0,"event_name":"Masked Bandits","floor":19,"gold_loss":0},{"damage_healed":0,"gold_gain":0,"player_choice":"Opened","damage_taken":0,"relics_obtained":["Matryoshka"],"max_hp_gain":0,"max_hp_loss":0,"event_name":"The Mausoleum","floor":21,"gold_loss":0},{"damage_healed":0,"gold_gain":100,"player_choice":"Pray","damage_taken":0,"max_hp_gain":0,"max_hp_loss":0,"event_name":"Golden Shrine","floor":22,"gold_loss":0},{"damage_healed":0,"gold_gain":0,"player_choice":"Fight","damage_taken":0,"max_hp_gain":0,"max_hp_loss":0,"event_name":"Mysterious Sphere","floor":37,"gold_loss":0},{"damage_healed":0,"gold_gain":333,"player_choice":"Gave Idol","damage_taken":0,"max_hp_gain":0,"max_hp_loss":0,"event_name":"The Moai Head","floor":38,"relics_lost":["Golden Idol"],"gold_loss":0},{"cards_removed":["Prepared"],"damage_healed":0,"gold_gain":0,"player_choice":"Purged","damage_taken":0,"max_hp_gain":0,"max_hp_loss":0,"event_name":"Purifier","floor":42,"gold_loss":0}],"is_beta":false,"boss_relics":[{"not_picked":["Ectoplasm","Eternal Feather"],"picked":"Busted Crown"},{"not_picked":["WristBlade","Cursed Key"],"picked":"Runic Pyramid"}],"items_purged_floors":[36,41],"is_endless":false,"potions_floor_spawned":[1,12,16,19,24,27,29,37,39,45,48],"killed_by":"The Heart","ascension_level":1}