{"gold_per_floor":[113,113,113,124,144,169,187,136,162,182,213,226,238,249,249,249],"floor_reached":16,"playtime":1100,"items_purged":[],"score":128,"play_id":"6f9b2054-7f8c-4d65-9e86-148f1009993a","local_time":"20190704185034","is_ascension_mode":true,"campfire_choices":[{"floor":15,"key":"RECALL"}],"neow_cost":"NONE","seed_source_timestamp":1422772586019919,"circlet_count":0,"master_deck":["Strike_R","Strike_R","Strike_R","Strike_R","Strike_R","Defend_R","Defend_R","Defend_R","Defend_R","Bash","Cleave+1","Pommel Strike","Anger","Flex","Immolate","Armaments","Flex"],"relics":["Burning Blood","Regal Pillow","Omamori","Juzu Bracelet","Strawberry"],"potions_floor_usage":[6,16,16],"damage_taken":[{"damage":4,"enemies":"Small Slimes","floor":1,"turns":5},{"damage":8,"enemies":"2 Louse","floor":4,"turns":2},{"damage":1,"enemies":"Cultist","floor":5,"turns":4},{"damage":6,"enemies":"Gremlin Nob","floor":6,"turns":3},{"damage":18,"enemies":"Lots of Slimes","floor":7,"turns":3},{"damage":12,"enemies":"Looter","floor":10,"turns":3},{"damage":30,"enemies":"Lagavulin","floor":11,"turns":7},{"damage":12,"enemies":"Exordium Wildlife","floor":12,"turns":3},{"damage":10,"enemies":"2 Fungi Beasts","floor":13,"turns":3},{"damage":0,"enemies":"Large Slime","floor":14,"turns":4},{"damage":41,"enemies":"The Guardian","floor":16,"turns":13}],"seed_played":"8229560356850091855","potions_obtained":[{"floor":3,"key":"Fire Potion"},{"floor":3,"key":"Strength Potion"},{"floor":3,"key":"Fire Potion"},{"floor":6,"key":"AttackPotion"}],"is_trial":false,"path_per_floor":["M","?","?","M","M","E","M","$","T","M","E","M","M","M","R","B"],"character_chosen":"IRONCLAD","items_purchased":["Anger"],"campfire_rested":0,"item_purchase_floors":[8],"current_hp_per_floor":[80,80,80,78,80,80,68,68,68,62,45,39,35,41,41,0],"gold":249,"neow_bonus":"RANDOM_COMMON_RELIC","is_prod":false,"is_daily":false,"chose_seed":false,"campfire_upgraded":0,"win_rate":0,"timestamp":1562284234,"path_taken":["M","?","?","M","?","E","M","?","T","M","E","M","M","M","R","BOSS"],"build_version":"2019-07-01","purchased_purges":0,"victory":false,"max_hp_per_floor":[80,80,80,80,80,80,80,80,80,80,87,87,87,87,87,87],"card_choices":[{"not_picked":["Twin Strike","Headbutt"],"picked":"Cleave","floor":1},{"not_picked":["Warcry","Whirlwind","Havoc"],"picked":"SKIP","floor":4},{"not_picked":["Rupture","Power Through"],"picked":"Pommel Strike","floor":5},{"not_picked":["Pummel","Wild Strike","Brutality"],"picked":"SKIP","floor":6},{"not_picked":["Uppercut","Havoc","Power Through"],"picked":"SKIP","floor":7},{"not_picked":["Wild Strike","Reckless Charge"],"picked":"Flex","floor":10},{"not_picked":["Infernal Blade","Anger"],"picked":"Immolate","floor":11},{"not_picked":["Clothesline","Whirlwind"],"picked":"Armaments","floor":12},{"not_picked":["True Grit","Thunderclap"],"picked":"Flex","floor":13},{"not_picked":["Dropkick","Battle Trance","Wild Strike"],"picked":"SKIP","floor":14}],"player_experience":235093,"relics_obtained":[{"floor":6,"key":"Omamori"},{"floor":9,"key":"Juzu Bracelet"},{"floor":11,"key":"Strawberry"}],"event_choices":[{"damage_healed":0,"gold_gain":0,"player_choice":"Grow","damage_taken":0,"max_hp_gain":0,"max_hp_loss":0,"event_name":"Living Wall","floor":2,"gold_loss":0,"cards_upgraded":["Cleave"]},{"damage_healed":0,"gold_gain":0,"player_choice":"Got Potions","damage_taken":0,"max_hp_gain":0,"max_hp_loss":0,"event_name":"Lab","floor":3,"gold_loss":0}],"is_beta":false,"boss_relics":[],"items_purged_floors":[],"is_endless":false,"potions_floor_spawned":[5,6,7,12,13],"killed_by":"The Guardian","ascension_level":2}