{"gold_per_floor":[113,132,152,105,25,52,52,67,67,82,95,95,108,127,127,127],"floor_reached":16,"playtime":1480,"items_purged":[],"score":117,"play_id":"0803e3aa-48c5-4c85-812c-a666a05ade95","local_time":"20190704200620","is_ascension_mode":true,"campfire_choices":[{"data":"Bludgeon","floor":7,"key":"SMITH"},{"data":"Defend_R","floor":12,"key":"SMITH"},{"data":"Immolate","floor":15,"key":"SMITH"}],"neow_cost":"NONE","seed_source_timestamp":1426938626540409,"circlet_count":0,"master_deck":["Strike_R","Strike_R","Strike_R","Strike_R","Strike_R","Defend_R+1","Defend_R","Defend_R","Defend_R","Bash","Bludgeon+1","Reckless Charge","Anger","Cleave","Headbutt","Thunderclap","Rage","Power Through","Flex","Immolate+1","Headbutt","Iron Wave"],"relics":["Burning Blood","Dead Branch","Pantograph"],"potions_floor_usage":[16,16,16],"damage_taken":[{"damage":7,"enemies":"Small Slimes","floor":1,"turns":4},{"damage":12,"enemies":"Jaw Worm","floor":2,"turns":2},{"damage":1,"enemies":"Cultist","floor":3,"turns":3},{"damage":44,"enemies":"3 Sentries","floor":6,"turns":8},{"damage":8,"enemies":"Blue Slaver","floor":8,"turns":2},{"damage":7,"enemies":"Looter","floor":10,"turns":3},{"damage":6,"enemies":"Lots of Slimes","floor":11,"turns":2},{"damage":0,"enemies":"Large Slime","floor":13,"turns":4},{"damage":0,"enemies":"Exordium Wildlife","floor":14,"turns":1},{"damage":76,"enemies":"Hexaghost","floor":16,"turns":7}],"seed_played":"6842348290664977144","potions_obtained":[{"floor":2,"key":"PowerPotion"},{"floor":8,"key":"SkillPotion"},{"floor":10,"key":"Poison Potion"}],"is_trial":false,"path_per_floor":["M","M","M","?","$","E","R","M","T","M","M","R","M","M","R","B"],"character_chosen":"IRONCLAD","items_purchased":["Headbutt","Thunderclap"],"campfire_rested":0,"item_purchase_floors":[5,5],"current_hp_per_floor":[79,73,78,78,78,40,40,38,38,37,37,37,43,49,49,0],"gold":127,"neow_bonus":"ONE_RANDOM_RARE_CARD","is_prod":false,"is_daily":false,"chose_seed":false,"campfire_upgraded":3,"win_rate":0,"timestamp":1562288780,"path_taken":["M","M","M","?","$","E","R","M","T","M","M","R","M","M","R","BOSS"],"build_version":"2019-07-01","purchased_purges":0,"victory":false,"max_hp_per_floor":[80,80,80,80,80,80,80,80,80,80,80,80,80,80,80,80],"card_choices":[{"not_picked":["Armaments","Second Wind"],"picked":"Reckless Charge","floor":1},{"not_picked":["Sword Boomerang","Warcry"],"picked":"Anger","floor":2},{"not_picked":["Juggernaut","Anger"],"picked":"Cleave","floor":3},{"not_picked":["Sword Boomerang","Evolve"],"picked":"Rage","floor":6},{"not_picked":["Cleave","Evolve"],"picked":"Power Through","floor":8},{"not_picked":["Anger","Fire Breathing"],"picked":"Flex","floor":10},{"not_picked":["Thunderclap","Pommel Strike"],"picked":"Immolate","floor":11},{"not_picked":["Flex","True Grit"],"picked":"Headbutt","floor":13},{"not_picked":["Anger","Armaments"],"picked":"Iron Wave","floor":14}],"player_experience":239169,"relics_obtained":[{"floor":6,"key":"Dead Branch"},{"floor":9,"key":"Pantograph"}],"event_choices":[{"damage_healed":0,"gold_gain":0,"player_choice":"Left Gold","damage_taken":0,"max_hp_gain":0,"max_hp_loss":0,"event_name":"World of Goop","floor":4,"gold_loss":47}],"is_beta":false,"boss_relics":[],"items_purged_floors":[],"is_endless":false,"potions_floor_spawned":[2,8,10],"killed_by":"Hexaghost","ascension_level":2}