{"gold_per_floor":[214,230,247,259,15,48,48,73,99,124,134,134,146,156,156,257,257,272,272,197,197,215,240,240,268,349,364,425,436,436,436,436,531,531,547,547,461,475,492,523,535,535,535,535],"floor_reached":44,"playtime":5688,"items_purged":[],"score":627,"play_id":"6beabedb-61f5-4020-a8a7-3c9c1340ec3f","local_time":"20190710154229","is_ascension_mode":true,"campfire_choices":[{"data":"Skewer","floor":7,"key":"SMITH"},{"floor":12,"key":"REST"},{"data":"Neutralize","floor":15,"key":"SMITH"},{"data":"After Image","floor":24,"key":"SMITH"},{"data":"PiercingWail","floor":30,"key":"SMITH"},{"data":"Bouncing Flask","floor":32,"key":"SMITH"},{"data":"Acrobatics","floor":42,"key":"SMITH"}],"neow_cost":"NONE","seed_source_timestamp":446715969896596,"circlet_count":0,"master_deck":["Defend_G+1","Defend_G+1","Defend_G","Defend_G","Defend_G","Survivor","Neutralize+1","Dagger Spray","Crippling Poison","Noxious Fumes","PiercingWail+1","Skewer+1","Bane","Well Laid Plans","Bouncing Flask+1","After Image+1","Endless Agony+1","Bite","Bite","Bite","Noxious Fumes+1","Blur+1","Backflip","Dodge and Roll","Catalyst","Acrobatics+1","Backflip+1","Predator+1"],"relics":["Ring of the Snake","Omamori","War Paint","Strawberry","Oddly Smooth Stone","Bronze Scales","Coffee Dripper","Blood Vial","Gambling Chip","Letter Opener","Tiny Chest","HoveringKite","Art of War"],"potions_floor_usage":[6,8,8,16,23,23,25,25,35,40,44],"damage_taken":[{"damage":0,"enemies":"Small Slimes","floor":1,"turns":5},{"damage":1,"enemies":"Jaw Worm","floor":2,"turns":3},{"damage":2,"enemies":"Cultist","floor":3,"turns":4},{"damage":2,"enemies":"3 Louse","floor":4,"turns":4},{"damage":9,"enemies":"3 Sentries","floor":6,"turns":7},{"damage":9,"enemies":"Lagavulin","floor":8,"turns":6},{"damage":44,"enemies":"Gremlin Nob","floor":10,"turns":6},{"damage":0,"enemies":"Large Slime","floor":11,"turns":4},{"damage":0,"enemies":"Exordium Wildlife","floor":13,"turns":2},{"damage":5,"enemies":"Blue Slaver","floor":14,"turns":4},{"damage":4,"enemies":"Hexaghost","floor":16,"turns":8},{"damage":0,"enemies":"Shell Parasite","floor":18,"turns":5},{"damage":4,"enemies":"Chosen","floor":22,"turns":4},{"damage":20,"enemies":"Slavers","floor":23,"turns":4},{"damage":15,"enemies":"Book of Stabbing","floor":25,"turns":6},{"damage":0,"enemies":"Shelled Parasite and Fungi","floor":27,"turns":7},{"damage":0,"enemies":"Gremlin Leader","floor":28,"turns":6},{"damage":0,"enemies":"Centurion and Healer","floor":29,"turns":5},{"damage":4,"enemies":"Automaton","floor":33,"turns":9},{"damage":12,"enemies":"3 Darklings","floor":35,"turns":4},{"damage":0,"enemies":"Orb Walker","floor":38,"turns":4},{"damage":15,"enemies":"Sphere and 2 Shapes","floor":39,"turns":6},{"damage":37,"enemies":"Reptomancer","floor":40,"turns":7},{"damage":1,"enemies":"3 Darklings","floor":41,"turns":4},{"damage":30,"enemies":"Giant Head","floor":44,"turns":7}],"seed_played":"-8918117681192944873","potions_obtained":[{"floor":2,"key":"Fire Potion"},{"floor":3,"key":"PowerPotion"},{"floor":6,"key":"Swift Potion"},{"floor":11,"key":"LiquidBronze"},{"floor":14,"key":"AttackPotion"},{"floor":22,"key":"EntropicBrew"},{"floor":25,"key":"Strength Potion"},{"floor":29,"key":"Ancient Potion"},{"floor":39,"key":"EssenceOfSteel"},{"floor":40,"key":"Explosive Potion"}],"is_trial":false,"path_per_floor":["M","M","M","M","$","E","R","E","T","E","M","R","M","M","R","B",null,"M","?","?","?","M","E","R","E","T","M","E","M","R","?","R","B",null,"M","?","$","M","M","E","M","R","T","E"],"character_chosen":"THE_SILENT","items_purchased":["PiercingWail","Omamori","Skewer","Catalyst","Acrobatics"],"campfire_rested":1,"item_purchase_floors":[5,5,5,37,37],"current_hp_per_floor":[70,69,67,65,65,56,56,54,54,10,10,33,33,28,28,24,77,77,53,53,53,51,35,35,34,34,48,53,53,53,53,53,53,53,43,43,43,49,40,15,18,18,18,0],"gold":535,"neow_bonus":"HUNDRED_GOLD","is_prod":false,"is_daily":false,"chose_seed":false,"campfire_upgraded":6,"win_rate":0,"timestamp":1562787749,"path_taken":["M","M","M","M","$","E","R","E","T","E","M","R","M","M","R","BOSS","M","?","?","?","M","E","R","E","T","?","E","M","R","?","R","BOSS","M","?","$","M","M","E","M","R","T","E"],"build_version":"2019-07-05","purchased_purges":0,"victory":false,"max_hp_per_floor":[70,70,70,70,70,70,70,77,77,77,77,77,77,77,77,77,77,77,53,53,53,53,53,53,53,53,53,53,53,53,53,53,53,53,53,53,53,53,53,53,53,53,53,53],"card_choices":[{"not_picked":["Slice","Catalyst"],"picked":"Dagger Spray","floor":1},{"not_picked":["Outmaneuver","Distraction"],"picked":"Crippling Poison","floor":2},{"not_picked":["All Out Attack","Heel Hook","Quick Slash"],"picked":"SKIP","floor":3},{"not_picked":["Sucker Punch","Bane"],"picked":"Noxious Fumes","floor":4},{"not_picked":["Backflip","Underhanded Strike","Masterful Stab"],"picked":"SKIP","floor":6},{"not_picked":["Eviscerate","Riddle With Holes"],"picked":"Bane","floor":8},{"not_picked":["Choke","Blade Dance","Dagger Spray"],"picked":"SKIP","floor":10},{"not_picked":["Reflex","Infinite Blades","Slice"],"picked":"SKIP","floor":11},{"not_picked":["Dagger Throw","Eviscerate"],"picked":"Well Laid Plans","floor":13},{"not_picked":["Storm of Steel","Deadly Poison"],"picked":"Bouncing Flask","floor":14},{"not_picked":["Die Die Die","A Thousand Cuts"],"picked":"After Image","floor":16},{"not_picked":["Finisher","Terror"],"picked":"Endless Agony+1","floor":18},{"not_picked":["Outmaneuver","Slice"],"picked":"Noxious Fumes+1","floor":22},{"not_picked":["Flechettes","Outmaneuver","Glass Knife"],"picked":"SKIP","floor":23},{"not_picked":["Crippling Poison","Well Laid Plans"],"picked":"Blur+1","floor":25},{"not_picked":["Well Laid Plans","Bane"],"picked":"Backflip","floor":27},{"not_picked":["Cloak And Dagger","All Out Attack","Deadly Poison"],"picked":"SKIP","floor":28},{"not_picked":["Tactician+1","Deflect","Poisoned Stab"],"picked":"SKIP","floor":29},{"not_picked":["All Out Attack+1","Cloak And Dagger+1"],"picked":"Dodge and Roll","floor":35},{"not_picked":["Cloak And Dagger+1","Accuracy"],"picked":"Backflip+1","floor":38},{"not_picked":["Outmaneuver","All Out Attack"],"picked":"Predator+1","floor":39},{"not_picked":["Slice+1","Calculated Gamble+1","Deadly Poison+1"],"picked":"SKIP","floor":40},{"not_picked":["Unload","Slice","Deadly Poison+1"],"picked":"SKIP","floor":41}],"player_experience":246633,"relics_obtained":[{"floor":6,"key":"War Paint"},{"floor":8,"key":"Strawberry"},{"floor":9,"key":"Oddly Smooth Stone"},{"floor":10,"key":"Bronze Scales"},{"floor":23,"key":"Blood Vial"},{"floor":25,"key":"Gambling Chip"},{"floor":26,"key":"Letter Opener"},{"floor":28,"key":"Tiny Chest"},{"floor":40,"key":"Art of War"}],"event_choices":[{"damage_healed":0,"gold_gain":0,"player_choice":"Became a vampire","damage_taken":0,"max_hp_gain":0,"max_hp_loss":24,"event_name":"Vampires","floor":19,"gold_loss":0,"cards_obtained":["Bite","Bite","Bite","Bite","Bite"]},{"cards_removed":["Bite"],"damage_healed":0,"gold_gain":0,"player_choice":"Gave Gold","damage_taken":0,"max_hp_gain":0,"max_hp_loss":0,"event_name":"Beggar","floor":20,"gold_loss":75},{"damage_healed":0,"gold_gain":0,"player_choice":"0 cards matched","damage_taken":0,"max_hp_gain":0,"max_hp_loss":0,"event_name":"Match and Keep!","floor":21,"gold_loss":0,"cards_obtained":[]},{"cards_removed":["Bite"],"damage_healed":0,"gold_gain":0,"player_choice":"Elegance","damage_taken":0,"max_hp_gain":0,"max_hp_loss":0,"event_name":"Back to Basics","floor":31,"gold_loss":0},{"damage_healed":0,"gold_gain":0,"player_choice":"Memory 1","damage_taken":0,"max_hp_gain":0,"max_hp_loss":0,"event_name":"SensoryStone","floor":36,"gold_loss":0}],"is_beta":false,"boss_relics":[{"not_picked":["Empty Cage","Philosopher\u0027s Stone"],"picked":"Coffee Dripper"},{"not_picked":["Orrery","Ring of the Serpent"],"picked":"HoveringKite"}],"items_purged_floors":[],"is_endless":false,"potions_floor_spawned":[2,3,6,11,14,22,25,29,39,40],"killed_by":"Giant Head","ascension_level":3}