{"gold_per_floor":[119,135,135,135,156,156,57,57,57,57,72,91,116,141,141,266,266,286,300,315,315,315,315],"floor_reached":23,"playtime":1373,"items_purged":["Injury"],"score":187,"play_id":"b3d407d1-b037-4f9e-b970-e6c03c16d467","local_time":"20190708024134","is_ascension_mode":false,"campfire_choices":[{"floor":6,"key":"RECALL"},{"data":"Leap","floor":8,"key":"SMITH"},{"data":"Redo","floor":10,"key":"SMITH"},{"floor":15,"key":"REST"}],"neow_cost":"NONE","seed_source_timestamp":1709961514813708,"circlet_count":0,"master_deck":["Strike_B","Strike_B","Strike_B","Strike_B","Defend_B","Defend_B","Defend_B","Defend_B","Zap","Dualcast","Leap+1","Redo+1","Conserve Battery","Storm","Redo","Sweeping Beam"],"relics":["Cracked Core","Happy Flower","Golden Idol","White Beast Statue"],"potions_floor_usage":[12,16,21,21],"damage_taken":[{"damage":0,"enemies":"Small Slimes","floor":1,"turns":3},{"damage":5,"enemies":"2 Louse","floor":2,"turns":3},{"damage":4,"enemies":"Jaw Worm","floor":5,"turns":3},{"damage":12,"enemies":"Gremlin Gang","floor":11,"turns":5},{"damage":15,"enemies":"Lots of Slimes","floor":12,"turns":4},{"damage":0,"enemies":"Looter","floor":13,"turns":3},{"damage":10,"enemies":"Large Slime","floor":14,"turns":6},{"damage":28,"enemies":"The Guardian","floor":16,"turns":8},{"damage":36,"enemies":"Chosen","floor":18,"turns":7},{"damage":3,"enemies":"3 Byrds","floor":19,"turns":6},{"damage":25,"enemies":"Snake Plant","floor":20,"turns":6},{"damage":8,"enemies":"Snecko","floor":21,"turns":6},{"damage":7,"enemies":"Slavers","floor":23,"turns":1}],"seed_played":"9038930466129114658","potions_obtained":[{"floor":5,"key":"LiquidBronze"},{"floor":13,"key":"PowerPotion"},{"floor":18,"key":"Strength Potion"},{"floor":19,"key":"SmokeBomb"},{"floor":20,"key":"Energy Potion"}],"is_trial":false,"path_per_floor":["M","M","?","?","M","R","$","R","T","R","M","M","M","M","R","B",null,"M","M","M","M","?","E"],"character_chosen":"DEFECT","items_purchased":["Redo"],"campfire_rested":1,"item_purchase_floors":[7],"current_hp_per_floor":[75,70,70,70,66,66,66,66,66,66,54,39,39,29,51,23,75,39,36,11,3,3,0],"gold":315,"neow_bonus":"RANDOM_COMMON_RELIC","is_prod":false,"is_daily":false,"chose_seed":false,"campfire_upgraded":2,"win_rate":0,"timestamp":1562571694,"path_taken":["M","M","?","?","M","R","?","R","T","R","M","?","M","M","R","BOSS","M","M","?","?","?","E"],"build_version":"2019-07-05","purchased_purges":1,"victory":false,"max_hp_per_floor":[75,75,75,75,75,75,75,75,75,75,75,75,75,75,75,75,75,75,75,75,75,75,75],"card_choices":[{"not_picked":["Hologram","Steam","Beam Cell"],"picked":"SKIP","floor":1},{"not_picked":["Beam Cell","Seek"],"picked":"Leap","floor":2},{"not_picked":["Hologram","Go for the Eyes","Stack"],"picked":"SKIP","floor":5},{"not_picked":["Glacier","Turbo","Double Energy"],"picked":"SKIP","floor":11},{"not_picked":["Heatsinks","Chill"],"picked":"Conserve Battery","floor":12},{"not_picked":["Ball Lightning","White Noise"],"picked":"Storm","floor":13},{"not_picked":["Skim","Hologram","Go for the Eyes"],"picked":"SKIP","floor":14},{"not_picked":["Cold Snap","Go for the Eyes"],"picked":"Redo","floor":18},{"not_picked":["Undo+1","Steam"],"picked":"Sweeping Beam","floor":19},{"not_picked":["Beam Cell","Glacier","Consume"],"picked":"SKIP","floor":20}],"player_experience":275661,"relics_obtained":[],"event_choices":[{"damage_healed":0,"gold_gain":0,"player_choice":"Take Wound","damage_taken":0,"relics_obtained":["Golden Idol"],"max_hp_gain":0,"max_hp_loss":0,"event_name":"Golden Idol","floor":3,"gold_loss":0,"cards_obtained":["Injury"]},{"damage_healed":0,"gold_gain":0,"player_choice":"Leave","damage_taken":0,"max_hp_gain":0,"max_hp_loss":0,"event_name":"The Cleric","floor":4,"gold_loss":0},{"damage_healed":0,"gold_gain":0,"player_choice":"Ignored","damage_taken":0,"max_hp_gain":0,"max_hp_loss":0,"event_name":"Vampires","floor":22,"gold_loss":0}],"is_beta":false,"boss_relics":[{"not_picked":["Philosopher\u0027s Stone","Fusion Hammer"],"picked":"White Beast Statue"}],"items_purged_floors":[7],"is_endless":false,"potions_floor_spawned":[5,13,18,19,20,21],"killed_by":"Slavers","ascension_level":0}