{"gold_per_floor":[110,126,136,155,155,155,173,173,173,185,229,241,270,294,306,423,435,467,492,523,460,483,495,527,552,589,40,40,40,50,62,62,62],"floor_reached":33,"playtime":5302,"items_purged":["Strike_R"],"score":280,"play_id":"f1c8e235-3b85-43c2-b15d-42e1fd1f0672","local_time":"20190710033716","is_ascension_mode":false,"campfire_choices":[{"data":"Rage","floor":6,"key":"SMITH"},{"data":"Pommel Strike","floor":8,"key":"SMITH"},{"data":"Barricade","floor":12,"key":"SMITH"},{"data":"Headbutt","floor":15,"key":"SMITH"},{"data":"Double Tap","floor":23,"key":"SMITH"},{"data":"Pommel Strike","floor":32,"key":"SMITH"}],"neow_cost":"NONE","seed_source_timestamp":1882180366920925,"circlet_count":0,"master_deck":["Strike_R","Strike_R","Defend_R","Defend_R","Defend_R","Defend_R","Bash","Shrug It Off+1","Pommel Strike+1","Rage+1","Headbutt+1","Barricade+1","Headbutt","Headbutt","Double Tap+1","Perfected Strike","Iron Wave","Clothesline","Headbutt","Clash","Impervious","Flex+1","Pommel Strike+1","Iron Wave","Metallicize","Rage","Shrug It Off","Flex"],"relics":["Burning Blood","Matryoshka","MawBank","Dead Branch","Thread and Needle","Orrery","Potion Belt","Smiling Mask","Bag of Preparation","Bottled Tornado","Dream Catcher"],"potions_floor_usage":[16,20,20,22,25,33],"damage_taken":[{"damage":5,"enemies":"Small Slimes","floor":1,"turns":5},{"damage":4,"enemies":"Cultist","floor":2,"turns":5},{"damage":0,"enemies":"Jaw Worm","floor":3,"turns":3},{"damage":12,"enemies":"2 Fungi Beasts","floor":4,"turns":3},{"damage":0,"enemies":"Blue Slaver","floor":7,"turns":5},{"damage":29,"enemies":"3 Sentries","floor":11,"turns":9},{"damage":6,"enemies":"Large Slime","floor":13,"turns":7},{"damage":0,"enemies":"Looter","floor":14,"turns":3},{"damage":26,"enemies":"Slime Boss","floor":16,"turns":12},{"damage":4,"enemies":"Shell Parasite","floor":18,"turns":8},{"damage":0,"enemies":"Spheric Guardian","floor":19,"turns":4},{"damage":17,"enemies":"Snake Plant","floor":20,"turns":7},{"damage":0,"enemies":"Centurion and Healer","floor":22,"turns":11},{"damage":10,"enemies":"Shelled Parasite and Fungi","floor":24,"turns":7},{"damage":1,"enemies":"Cultist and Chosen","floor":25,"turns":4},{"damage":0,"enemies":"Sentry and Sphere","floor":30,"turns":7},{"damage":0,"enemies":"Snake Plant","floor":31,"turns":7},{"damage":101,"enemies":"Collector","floor":33,"turns":15}],"seed_played":"-8036154348770577735","potions_obtained":[{"floor":2,"key":"GamblersBrew"},{"floor":13,"key":"SkillPotion"},{"floor":14,"key":"AttackPotion"},{"floor":18,"key":"AttackPotion"},{"floor":22,"key":"PowerPotion"},{"floor":25,"key":"PowerPotion"},{"floor":31,"key":"Poison Potion"}],"is_trial":false,"path_per_floor":["M","M","M","M","?","R","M","R","T","?","E","R","M","M","R","B",null,"M","M","M","?","M","R","M","M","T","$","?","T","M","M","R","B"],"character_chosen":"IRONCLAD","items_purchased":["Metallicize","Rage","Bag of Preparation","Bottled Tornado"],"campfire_rested":0,"item_purchase_floors":[27,27,27,27],"current_hp_per_floor":[80,80,80,74,71,71,77,77,77,77,54,54,54,60,60,40,80,80,80,69,69,75,75,71,76,76,76,76,76,80,80,80,0],"gold":62,"neow_bonus":"REMOVE_CARD","is_prod":false,"is_daily":false,"chose_seed":false,"campfire_upgraded":6,"win_rate":0,"timestamp":1562747836,"path_taken":["M","M","M","M","?","R","M","R","T","?","E","R","?","M","R","BOSS","M","M","?","?","M","R","M","M","T","$","?","?","M","M","R","BOSS"],"build_version":"2019-07-05","purchased_purges":1,"victory":false,"max_hp_per_floor":[80,80,80,80,80,80,80,80,80,80,80,80,80,80,80,80,80,80,80,80,80,80,80,80,80,80,80,80,80,80,80,80,80],"card_choices":[{"not_picked":["Cleave","Havoc"],"picked":"Shrug It Off","floor":1},{"not_picked":["Rupture","Thunderclap"],"picked":"Pommel Strike","floor":2},{"not_picked":["Iron Wave","Body Slam","Shockwave"],"picked":"SKIP","floor":3},{"not_picked":["Havoc","Flame Barrier"],"picked":"Rage","floor":4},{"not_picked":["True Grit","Pommel Strike"],"picked":"Headbutt","floor":7},{"not_picked":["Warcry","True Grit"],"picked":"Barricade","floor":11},{"not_picked":["Rampage","Perfected Strike"],"picked":"Headbutt","floor":13},{"not_picked":["Twin Strike","Body Slam"],"picked":"Headbutt","floor":14},{"not_picked":["Fiend Fire","Limit Break"],"picked":"Double Tap","floor":16},{"not_picked":["Dual Wield","Armaments"],"picked":"Perfected Strike","floor":17},{"not_picked":["Havoc","Shockwave"],"picked":"Iron Wave","floor":17},{"not_picked":["Perfected Strike","Rupture"],"picked":"Clothesline","floor":17},{"not_picked":["True Grit","Clothesline"],"picked":"Headbutt","floor":17},{"not_picked":["Corruption","Iron Wave"],"picked":"Clash","floor":17},{"not_picked":["Armaments+1","Headbutt"],"picked":"Impervious","floor":18},{"not_picked":["Power Through","Clothesline+1"],"picked":"Flex+1","floor":19},{"not_picked":["Spot Weakness","Dual Wield","Rupture"],"picked":"SKIP","floor":20},{"not_picked":["Twin Strike","Flex"],"picked":"Pommel Strike","floor":22},{"not_picked":["Blood for Blood","Carnage","Clothesline"],"picked":"SKIP","floor":24},{"not_picked":["Armaments","Dual Wield"],"picked":"Iron Wave","floor":25},{"not_picked":["Perfected Strike","Headbutt"],"picked":"Shrug It Off","floor":30},{"not_picked":["Anger","Clothesline"],"picked":"Flex","floor":31}],"player_experience":323344,"relics_obtained":[{"floor":9,"key":"MawBank"},{"floor":9,"key":"Dead Branch"},{"floor":11,"key":"Thread and Needle"},{"floor":26,"key":"Potion Belt"},{"floor":26,"key":"Smiling Mask"},{"floor":29,"key":"Dream Catcher"}],"event_choices":[{"damage_healed":0,"gold_gain":0,"player_choice":"Success","damage_taken":3,"relics_obtained":["Matryoshka"],"max_hp_gain":0,"max_hp_loss":0,"event_name":"Scrap Ooze","floor":5,"gold_loss":0},{"damage_healed":0,"gold_gain":0,"player_choice":"Forge","damage_taken":0,"max_hp_gain":0,"max_hp_loss":0,"event_name":"Accursed Blacksmith","floor":10,"gold_loss":0,"cards_upgraded":["Shrug It Off"]},{"cards_removed":["Strike_R"],"damage_healed":0,"gold_gain":0,"player_choice":"Gave Gold","damage_taken":0,"max_hp_gain":0,"max_hp_loss":0,"event_name":"Beggar","floor":21,"gold_loss":75},{"damage_healed":0,"gold_gain":0,"player_choice":"Ignored","damage_taken":0,"max_hp_gain":0,"max_hp_loss":0,"event_name":"Ghosts","floor":28,"gold_loss":0}],"is_beta":false,"boss_relics":[{"not_picked":["Empty Cage","Cursed Key"],"picked":"Orrery"}],"items_purged_floors":[27],"is_endless":false,"potions_floor_spawned":[2,13,14,18,19,22,25,31],"killed_by":"Collector","ascension_level":0}