{"gold_per_floor":[116,116,116,135,135,166,166,198,198,49,62,62,62,92,92,187,187,206,206,224,324,324,324,356,372,398,398,398,426,443,289,289,387,387,402,413,218,218,236,263,263,117,117,137,154,154,166,191,203,215],"floor_reached":50,"playtime":4859,"items_purged":["Writhe"],"score":577,"play_id":"c4924338-631f-4ed3-8165-438ae014992b","local_time":"20190622212851","is_ascension_mode":true,"campfire_choices":[{"data":"Cleave","floor":7,"key":"SMITH"},{"data":"1","floor":12,"key":"LIFT"},{"data":"2","floor":15,"key":"LIFT"},{"floor":23,"key":"REST"},{"data":"3","floor":28,"key":"LIFT"},{"floor":32,"key":"REST"},{"floor":46,"key":"DIG"},{"floor":49,"key":"REST"}],"neow_cost":"NONE","seed_source_timestamp":391705378680584,"circlet_count":0,"master_deck":["Strike_R+1","Strike_R+1","Strike_R+1","Strike_R+1","Strike_R+1","Defend_R+1","Defend_R+1","Defend_R+1","Bash","Cleave+1","Parasite","Flex+1","Immolate","Inflame","Armaments+1","Metallicize","Inflame","Shrug It Off","Anger+1","Immolate","Cleave","Twin Strike+1","Anger","Anger","Barricade","Inflame","Twin Strike+1","Clash","Bash","Anger+1"],"relics":["Burning Blood","Orichalcum","Girya","Oddly Smooth Stone","Unceasing Top","Anchor","Paper Frog","Lizard Tail","Gambling Chip","Self Forming Clay","Magic Flower","War Paint","Centennial Puzzle","Happy Flower","Orrery","Red Skull","Shovel","Shuriken","MawBank"],"potions_floor_usage":[16,21,33,33,33,39,40,50,50,50],"damage_taken":[{"damage":11,"enemies":"Jaw Worm","floor":1,"turns":5},{"damage":0,"enemies":"2 Louse","floor":4,"turns":2},{"damage":36,"enemies":"Lagavulin","floor":6,"turns":6},{"damage":15,"enemies":"Gremlin Nob","floor":8,"turns":4},{"damage":0,"enemies":"Small Slimes","floor":11,"turns":2},{"damage":18,"enemies":"3 Sentries","floor":14,"turns":6},{"damage":18,"enemies":"Slime Boss","floor":16,"turns":12},{"damage":20,"enemies":"Shell Parasite","floor":18,"turns":5},{"damage":14,"enemies":"2 Thieves","floor":20,"turns":3},{"damage":22,"enemies":"Colosseum Slavers","floor":21,"turns":4},{"damage":35,"enemies":"Colosseum Nobs","floor":21,"turns":5},{"damage":2,"enemies":"Gremlin Leader","floor":24,"turns":4},{"damage":13,"enemies":"Snecko","floor":25,"turns":4},{"damage":25,"enemies":"Slavers","floor":29,"turns":4},{"damage":36,"enemies":"Shelled Parasite and Fungi","floor":30,"turns":5},{"damage":80,"enemies":"Automaton","floor":33,"turns":10},{"damage":5,"enemies":"3 Shapes","floor":35,"turns":3},{"damage":15,"enemies":"Orb Walker","floor":36,"turns":4},{"damage":34,"enemies":"Spire Growth","floor":39,"turns":4},{"damage":36,"enemies":"Reptomancer","floor":40,"turns":5},{"damage":4,"enemies":"3 Darklings","floor":44,"turns":4},{"damage":0,"enemies":"Sphere and 2 Shapes","floor":45,"turns":1},{"damage":4,"enemies":"Jaw Worm Horde","floor":48,"turns":2},{"damage":101,"enemies":"Time Eater","floor":50,"turns":7}],"seed_played":"3841213297392955553","potions_obtained":[{"floor":6,"key":"Dexterity Potion"},{"floor":8,"key":"LiquidBronze"},{"floor":11,"key":"Ancient Potion"},{"floor":14,"key":"AttackPotion"},{"floor":16,"key":"PowerPotion"},{"floor":21,"key":"Ancient Potion"},{"floor":24,"key":"BloodPotion"},{"floor":33,"key":"Weak Potion"},{"floor":36,"key":"Poison Potion"},{"floor":40,"key":"SkillPotion"},{"floor":44,"key":"BloodPotion"}],"is_trial":false,"path_per_floor":["M","?","?","M","?","E","R","E","T","$","M","R","?","E","R","B",null,"M","?","M","?","?","R","E","M","T","?","R","E","M","$","R","B",null,"M","M","$","?","M","E","?","$","T","M","M","R","?","M","R","B"],"character_chosen":"IRONCLAD","items_purchased":["Anchor","Happy Flower","Red Skull","Fire Potion","Inflame"],"campfire_rested":3,"item_purchase_floors":[10,31,37,37,42],"current_hp_per_floor":[75,75,75,80,85,55,55,46,46,46,52,52,73,61,61,49,85,71,71,63,18,46,71,75,71,71,71,71,55,28,28,53,57,85,85,79,79,79,54,27,48,48,48,53,62,62,62,67,85,0],"gold":215,"neow_bonus":"RANDOM_COMMON_RELIC","is_prod":false,"is_daily":false,"chose_seed":false,"campfire_upgraded":1,"win_rate":0,"timestamp":1561256931,"path_taken":["M","?","?","M","?","E","R","E","T","$","M","R","?","E","R","BOSS","M","?","M","?","?","R","E","M","T","?","R","E","M","$","R","BOSS","M","M","$","?","M","E","?","$","T","M","M","R","?","M","R","BOSS"],"build_version":"2019-01-23","purchased_purges":1,"victory":false,"max_hp_per_floor":[80,80,80,80,85,85,85,85,85,85,85,85,85,85,85,85,85,85,85,85,85,85,85,85,85,85,85,85,85,85,85,85,85,85,85,85,85,85,85,85,85,85,85,85,85,85,85,85,85,85],"card_choices":[{"not_picked":["Headbutt","Perfected Strike"],"picked":"Cleave","floor":1},{"not_picked":["Spot Weakness","Clash","Corruption"],"picked":"SKIP","floor":4},{"not_picked":["Reckless Charge","Shockwave","Warcry"],"picked":"SKIP","floor":6},{"not_picked":["Limit Break","Feel No Pain","Perfected Strike"],"picked":"SKIP","floor":8},{"not_picked":["Second Wind","Perfected Strike","Wild Strike"],"picked":"SKIP","floor":11},{"not_picked":["Warcry","Thunderclap"],"picked":"Flex","floor":14},{"not_picked":["Brutality","Dark Embrace"],"picked":"Immolate","floor":16},{"not_picked":["Shrug It Off","Reckless Charge"],"picked":"Inflame","floor":18},{"not_picked":["Heavy Blade","Second Wind"],"picked":"Armaments+1","floor":20},{"not_picked":["Brutality","Warcry+1"],"picked":"Metallicize","floor":24},{"not_picked":["Heavy Blade","Headbutt"],"picked":"Inflame","floor":25},{"not_picked":["Exhume","Flex"],"picked":"Shrug It Off","floor":29},{"not_picked":["Heavy Blade","Sever Soul"],"picked":"Anger+1","floor":30},{"not_picked":["Feed","Double Tap"],"picked":"Immolate","floor":33},{"not_picked":["Twin Strike","Flex"],"picked":"Cleave","floor":34},{"not_picked":["Brutality","Combust"],"picked":"Twin Strike+1","floor":35},{"not_picked":["Flex+1","Wild Strike"],"picked":"Anger","floor":36},{"not_picked":["Havoc+1","Perfected Strike"],"picked":"Anger","floor":39},{"not_picked":["Ghostly Armor","True Grit+1"],"picked":"Barricade","floor":40},{"not_picked":["Second Wind+1","True Grit","Pummel+1"],"picked":"SKIP","floor":44},{"not_picked":["Blood for Blood+1","Iron Wave+1"],"picked":"Twin Strike+1","floor":45},{"not_picked":["Rupture+1","True Grit"],"picked":"Anger+1","floor":48}],"player_experience":142361,"relics_obtained":[{"floor":6,"key":"Girya"},{"floor":8,"key":"Oddly Smooth Stone"},{"floor":9,"key":"Unceasing Top"},{"floor":14,"key":"Paper Frog"},{"floor":21,"key":"Gambling Chip"},{"floor":21,"key":"Self Forming Clay"},{"floor":24,"key":"Magic Flower"},{"floor":26,"key":"War Paint"},{"floor":29,"key":"Centennial Puzzle"},{"floor":40,"key":"Shovel"},{"floor":43,"key":"Shuriken"},{"floor":46,"key":"MawBank"}],"event_choices":[{"damage_healed":0,"gold_gain":0,"player_choice":"Ignored","damage_taken":0,"max_hp_gain":0,"max_hp_loss":0,"event_name":"Golden Wing","floor":2,"gold_loss":0},{"damage_healed":0,"gold_gain":0,"player_choice":"Ignored","damage_taken":0,"max_hp_gain":0,"max_hp_loss":0,"event_name":"Shining Light","floor":3,"gold_loss":0},{"damage_healed":0,"gold_gain":0,"player_choice":"Donut","damage_taken":0,"max_hp_gain":5,"max_hp_loss":0,"event_name":"Big Fish","floor":5,"gold_loss":0},{"damage_healed":21,"gold_gain":0,"player_choice":"Healed and dodged fight","damage_taken":0,"max_hp_gain":0,"max_hp_loss":0,"event_name":"Mushrooms","floor":13,"gold_loss":0,"cards_obtained":["Parasite"]},{"damage_healed":0,"gold_gain":0,"player_choice":"Ignored","damage_taken":0,"max_hp_gain":0,"max_hp_loss":0,"event_name":"Vampires","floor":19,"gold_loss":0},{"damage_healed":0,"gold_gain":0,"player_choice":"Fight","damage_taken":0,"max_hp_gain":0,"max_hp_loss":0,"event_name":"Colosseum","floor":21,"gold_loss":0},{"damage_healed":0,"gold_gain":0,"player_choice":"Fought Nobs","damage_taken":0,"max_hp_gain":0,"max_hp_loss":0,"event_name":"Colosseum","floor":21,"gold_loss":0},{"damage_healed":28,"gold_gain":0,"player_choice":"Heal","damage_taken":0,"max_hp_gain":0,"max_hp_loss":0,"event_name":"The Library","floor":22,"gold_loss":0},{"damage_healed":0,"gold_gain":0,"player_choice":"Simplicity","damage_taken":0,"max_hp_gain":0,"max_hp_loss":0,"event_name":"Back to Basics","floor":27,"gold_loss":0,"cards_upgraded":["Strike_R","Strike_R","Strike_R","Strike_R","Strike_R","Defend_R","Defend_R","Defend_R"]},{"cards_removed":["Defend_R"],"damage_healed":0,"gold_gain":0,"player_choice":"Removed Skill","damage_taken":0,"max_hp_gain":0,"max_hp_loss":0,"event_name":"Falling","floor":38,"gold_loss":0},{"damage_healed":21,"gold_gain":0,"player_choice":"Writhe","damage_taken":0,"max_hp_gain":0,"max_hp_loss":0,"event_name":"Winding Halls","floor":41,"gold_loss":0,"cards_obtained":["Writhe"]},{"damage_healed":0,"gold_gain":0,"player_choice":"2 cards matched","damage_taken":0,"max_hp_gain":0,"max_hp_loss":0,"event_name":"Match and Keep!","floor":47,"gold_loss":0,"cards_obtained":["Clash","Bash"]}],"is_beta":false,"boss_relics":[{"not_picked":["Eternal Feather","Cursed Key"],"picked":"Lizard Tail"},{"not_picked":["Coffee Dripper","Snecko Eye"],"picked":"Orrery"}],"items_purged_floors":[42],"is_endless":false,"potions_floor_spawned":[6,8,11,14,16,21,24,29,30,33,36,40,44],"killed_by":"Time Eater","ascension_level":1}