{"gold_per_floor":[111,122,122,137,149,174,174,200,200,53,53,69,95,108,108,108],"floor_reached":16,"playtime":951,"items_purged":[],"score":134,"play_id":"8954d26f-864b-4285-985f-6a4d418459a2","local_time":"20190701200827","is_ascension_mode":true,"campfire_choices":[{"data":"Bash","floor":7,"key":"SMITH"},{"floor":15,"key":"REST"}],"neow_cost":"TEN_PERCENT_HP_LOSS","seed_source_timestamp":1382175307446100,"circlet_count":0,"master_deck":["Strike_R","Strike_R","Strike_R","Strike_R","Strike_R","Defend_R","Defend_R","Defend_R","Defend_R","Bash+1","Finesse","Panacea","Searing Blow+1","Cleave","Rampage","Reckless Charge","Shockwave","Offering","Shrug It Off"],"relics":["Burning Blood","Singing Bowl","Lantern","Shuriken","Bronze Scales","Omamori"],"potions_floor_usage":[6,8],"damage_taken":[{"damage":0,"enemies":"2 Louse","floor":1,"turns":2},{"damage":4,"enemies":"Cultist","floor":2,"turns":3},{"damage":7,"enemies":"Jaw Worm","floor":4,"turns":3},{"damage":16,"enemies":"Blue Slaver","floor":5,"turns":4},{"damage":33,"enemies":"3 Sentries","floor":6,"turns":7},{"damage":33,"enemies":"Lagavulin","floor":8,"turns":6},{"damage":11,"enemies":"3 Louse","floor":12,"turns":2},{"damage":6,"enemies":"Looter","floor":14,"turns":2},{"damage":72,"enemies":"Slime Boss","floor":16,"turns":10}],"seed_played":"7629626844410120025","potions_obtained":[{"floor":1,"key":"SpeedPotion"},{"floor":4,"key":"Regen Potion"},{"floor":5,"key":"FearPotion"}],"is_trial":false,"path_per_floor":["M","M","?","M","M","E","R","E","T","$","?","M","T","M","R","B"],"character_chosen":"IRONCLAD","items_purchased":["Bronze Scales"],"campfire_rested":1,"item_purchase_floors":[10],"current_hp_per_floor":[72,72,72,71,61,49,49,22,22,22,46,41,41,43,65,0],"gold":108,"neow_bonus":"RANDOM_COLORLESS_2","is_prod":false,"is_daily":false,"chose_seed":false,"campfire_upgraded":1,"win_rate":0,"timestamp":1562036907,"path_taken":["M","M","?","M","?","E","R","E","T","$","?","M","?","M","R","BOSS"],"build_version":"2019-07-01","purchased_purges":0,"victory":false,"max_hp_per_floor":[72,72,72,72,72,72,72,72,72,72,72,72,72,74,74,74],"card_choices":[{"not_picked":["Body Slam","Pummel"],"picked":"Searing Blow","floor":1},{"not_picked":["Carnage","Whirlwind"],"picked":"Cleave","floor":2},{"not_picked":["Fire Breathing","Sever Soul"],"picked":"Rampage","floor":4},{"not_picked":["Wild Strike","Clash"],"picked":"Reckless Charge","floor":5},{"not_picked":["Warcry","Pommel Strike"],"picked":"Shockwave","floor":6},{"not_picked":["Perfected Strike","Flex"],"picked":"Offering","floor":8},{"not_picked":["Perfected Strike","Heavy Blade"],"picked":"Shrug It Off","floor":12},{"not_picked":["Twin Strike","Uppercut","Cleave"],"picked":"Singing Bowl","floor":14}],"player_experience":595697,"relics_obtained":[{"floor":6,"key":"Singing Bowl"},{"floor":8,"key":"Lantern"},{"floor":9,"key":"Shuriken"},{"floor":13,"key":"Omamori"}],"event_choices":[{"damage_healed":0,"gold_gain":0,"player_choice":"Upgraded","damage_taken":0,"max_hp_gain":0,"max_hp_loss":0,"event_name":"Upgrade Shrine","floor":3,"gold_loss":0,"cards_upgraded":["Searing Blow"]},{"damage_healed":24,"gold_gain":0,"player_choice":"Banana","damage_taken":0,"max_hp_gain":0,"max_hp_loss":0,"event_name":"Big Fish","floor":11,"gold_loss":0}],"is_beta":false,"boss_relics":[],"items_purged_floors":[],"is_endless":false,"potions_floor_spawned":[1,4,5],"killed_by":"Slime Boss","ascension_level":4}