{"gold_per_floor":[117,131,151,226,239,239,302,314,314,314,314],"floor_reached":11,"playtime":809,"items_purged":[],"score":86,"play_id":"cc2b2375-46d0-48f0-9e8e-b0e82cc2648a","local_time":"20190710161342","is_ascension_mode":true,"campfire_choices":[{"data":"Neutralize","floor":6,"key":"SMITH"}],"neow_cost":"NONE","seed_source_timestamp":453494499828271,"circlet_count":0,"master_deck":["Strike_G","Strike_G","Strike_G","Strike_G","Strike_G","Defend_G","Defend_G","Defend_G","Defend_G","Survivor","Neutralize+1","Endless Agony","Dagger Spray","Wraith Form v2","Dagger Throw"],"relics":["Ring of the Snake","NeowsBlessing","Tiny Chest","Matryoshka"],"potions_floor_usage":[7],"damage_taken":[{"damage":0,"enemies":"Small Slimes","floor":1,"turns":1},{"damage":0,"enemies":"Cultist","floor":2,"turns":1},{"damage":0,"enemies":"2 Louse","floor":3,"turns":1},{"damage":4,"enemies":"Blue Slaver","floor":5,"turns":6},{"damage":34,"enemies":"Gremlin Nob","floor":7,"turns":6},{"damage":0,"enemies":"3 Louse","floor":8,"turns":3},{"damage":22,"enemies":"Lagavulin","floor":11,"turns":5}],"seed_played":"-6064371424602483324","potions_obtained":[{"floor":5,"key":"SpeedPotion"}],"is_trial":false,"path_per_floor":["M","M","M","?","M","R","E","M","T","?","E"],"character_chosen":"THE_SILENT","items_purchased":[],"campfire_rested":0,"item_purchase_floors":[],"current_hp_per_floor":[70,70,70,59,55,55,21,21,21,21,0],"gold":314,"neow_bonus":"THREE_ENEMY_KILL","is_prod":false,"is_daily":false,"chose_seed":false,"campfire_upgraded":1,"win_rate":0,"timestamp":1562789622,"path_taken":["M","M","M","?","M","R","E","M","T","?","E"],"build_version":"2019-07-05","purchased_purges":0,"victory":false,"max_hp_per_floor":[70,70,70,70,70,70,70,70,70,70,70],"card_choices":[{"not_picked":["Blade Dance","Bane","Escape Plan"],"picked":"SKIP","floor":1},{"not_picked":["Backflip","Caltrops"],"picked":"Endless Agony","floor":2},{"not_picked":["Blur","Blade Dance"],"picked":"Dagger Spray","floor":3},{"not_picked":["Quick Slash","Flying Knee","Dagger Throw"],"picked":"SKIP","floor":5},{"not_picked":["Accuracy","Sucker Punch"],"picked":"Wraith Form v2","floor":7},{"not_picked":["Blur","Footwork"],"picked":"Dagger Throw","floor":8}],"player_experience":253018,"relics_obtained":[{"floor":7,"key":"Tiny Chest"},{"floor":9,"key":"Matryoshka"}],"event_choices":[{"damage_healed":0,"gold_gain":75,"player_choice":"Gather Gold","damage_taken":11,"max_hp_gain":0,"max_hp_loss":0,"event_name":"World of Goop","floor":4,"gold_loss":0},{"cards_removed":["Defend_G"],"damage_healed":0,"gold_gain":0,"player_choice":"Purged","damage_taken":0,"max_hp_gain":0,"max_hp_loss":0,"event_name":"Purifier","floor":10,"gold_loss":0}],"is_beta":false,"boss_relics":[],"items_purged_floors":[],"is_endless":false,"potions_floor_spawned":[5],"killed_by":"Lagavulin","ascension_level":3}