{"gold_per_floor":[168,184,196,71,83,116,173,173,173,173,208,226,226,226,226,322,322,335,370,390,390,390,401,413,423,723,738,738,738,752,765,765,869,869,888,888,330,343,363,363,383,286,286,299,309,309,309,322,322,322],"floor_reached":50,"playtime":4917,"items_purged":["Strike_B","Decay"],"score":560,"play_id":"ace2d764-f4de-4715-aa63-8a6b2ef7478d","local_time":"20190709002049","is_ascension_mode":false,"campfire_choices":[{"data":"Defragment","floor":15.0,"key":"SMITH"},{"floor":28.0,"key":"REST"},{"floor":32.0,"key":"REST"},{"data":"Buffer","floor":46,"key":"SMITH"},{"floor":49,"key":"REST"}],"neow_cost":"NONE","seed_source_timestamp":0,"circlet_count":0,"master_deck":["Defend_B","Defend_B","Defend_B+1","Defend_B+1","Zap","Dualcast","Sweeping Beam","Ball Lightning","Reinforced Body+1","Loop","Leap","Sunder","Defragment+1","Leap","Reboot","Tempest","Machine Learning","Skim","Reinforced Body","Redo+1","RitualDagger","Steam","Go for the Eyes+1","Conserve Battery+1","Melter","Buffer+1","Double Energy+1","Multi-Cast+1","Reprogram+1","Leap+1","Stack+1","Redo+1","Defragment+1","Mind Blast","Tempest+1","Leap+1","Storm+1","Parasite","Self Repair+1","Rebound","Undo+1"],"special_seed":0,"relics":["Tiny House","Anchor","Thread and Needle","Shuriken","Unceasing Top","Sozu","Red Mask","Old Coin","Toxic Egg 2","Astrolabe","Torii","Du-Vu Doll","Pocketwatch"],"potions_floor_usage":[],"damage_taken":[{"damage":10.0,"enemies":"Jaw Worm","floor":1.0,"turns":4.0},{"damage":0.0,"enemies":"2 Louse","floor":2.0,"turns":2.0},{"damage":0.0,"enemies":"Small Slimes","floor":3.0,"turns":2.0},{"damage":0.0,"enemies":"3 Louse","floor":5.0,"turns":3.0},{"damage":11.0,"enemies":"3 Sentries","floor":6.0,"turns":5.0},{"damage":11.0,"enemies":"3 Sentries","floor":7.0,"turns":6.0},{"damage":9.0,"enemies":"Lagavulin","floor":11.0,"turns":7.0},{"damage":0.0,"enemies":"Looter","floor":12.0,"turns":4.0},{"damage":9.0,"enemies":"Hexaghost","floor":16.0,"turns":9.0},{"damage":4.0,"enemies":"3 Byrds","floor":18.0,"turns":5.0},{"damage":60.0,"enemies":"Masked Bandits","floor":19.0,"turns":5.0},{"damage":7.0,"enemies":"Shell Parasite","floor":20.0,"turns":5.0},{"damage":11.0,"enemies":"Snecko","floor":23.0,"turns":5.0},{"damage":23.0,"enemies":"Shelled Parasite and Fungi","floor":24.0,"turns":6.0},{"damage":0.0,"enemies":"Centurion and Healer","floor":25.0,"turns":5.0},{"damage":0.0,"enemies":"3 Cultists","floor":27.0,"turns":5.0},{"damage":0.0,"enemies":"Sentry and Sphere","floor":30.0,"turns":5.0},{"damage":0.0,"enemies":"Snake Plant","floor":31.0,"turns":4.0},{"damage":44.0,"enemies":"Champ","floor":33.0,"turns":16.0},{"damage":28,"enemies":"3 Darklings","floor":35,"turns":5},{"damage":0,"enemies":"3 Shapes","floor":38,"turns":4},{"damage":7,"enemies":"Transient","floor":39,"turns":5},{"damage":17,"enemies":"3 Darklings","floor":41,"turns":8},{"damage":1,"enemies":"Writhing Mass","floor":44,"turns":5},{"damage":13,"enemies":"Spire Growth","floor":45,"turns":6},{"damage":1,"enemies":"Jaw Worm Horde","floor":48,"turns":4},{"damage":58,"enemies":"Time Eater","floor":50,"turns":7}],"seed_played":"2575967061022922531","potions_obtained":[{"floor":0.0,"key":"Swift Potion"},{"floor":2.0,"key":"Block Potion"},{"floor":5.0,"key":"Fruit Juice"},{"floor":6.0,"key":"SpeedPotion"}],"is_trial":false,"path_per_floor":["M","M","M","$","M","E","?","?","T","?","E","M","?","?","R","B",null,"M","?","M","?","?","M","M","M","T","M","R","T","M","M","R","B",null,"M","?","$","M","M","?","M","?","T","M","M","R","?","M","R","B"],"character_chosen":"DEFECT","items_purchased":["Leap","Torii","Defragment","Mind Blast"],"campfire_rested":3,"item_purchase_floors":[4,37,37,37],"current_hp_per_floor":[70,70,70,70,75,64,53,36,36,36,27,27,27,55,55,46,85,81,21,14,42,36,25,2,2,2,2,27,27,27,27,52,8,85,57,57,57,57,50,50,33,33,33,32,29,29,29,28,53,0],"gold":322,"neow_bonus":"BOSS_RELIC","is_prod":false,"is_daily":false,"chose_seed":false,"campfire_upgraded":2,"win_rate":0.0,"timestamp":1562599249,"path_taken":["M","M","M","$","M","E","?","?","T","?","E","M","?","?","R","BOSS","M","?","M","?","?","M","M","M","T","M","R","?","?","M","R","BOSS","M","?","$","?","?","?","M","?","T","?","M","R","?","M","R","BOSS"],"build_version":"2019-07-05","purchased_purges":2,"victory":false,"max_hp_per_floor":[80,80,80,80,85,85,85,85,85,85,85,85,85,85,85,85,85,85,85,85,85,85,85,85,85,85,85,85,85,85,85,85,85,85,85,85,85,85,85,85,85,85,85,85,85,85,85,85,85,85],"card_choices":[{"not_picked":["Leap","Cold Snap"],"picked":"Sweeping Beam","floor":0.0},{"not_picked":["Leap","Scrape"],"picked":"Ball Lightning","floor":1.0},{"not_picked":["Turbo","Beam Cell"],"picked":"Reinforced Body","floor":2.0},{"not_picked":["Consume","Barrage"],"picked":"Loop","floor":3.0},{"not_picked":["Chill","Hologram"],"picked":"Sunder","floor":5.0},{"not_picked":["Barrage","Biased Cognition"],"picked":"Defragment","floor":6.0},{"not_picked":["Gash","Streamline"],"picked":"Leap","floor":7.0},{"not_picked":["Heatsinks","Conserve Battery"],"picked":"Reboot","floor":11.0},{"not_picked":["Coolheaded","Gash"],"picked":"Tempest","floor":12.0},{"not_picked":["Reboot","Amplify"],"picked":"Machine Learning","floor":16.0},{"not_picked":["Doom and Gloom","Leap+1"],"picked":"Skim","floor":18.0},{"not_picked":["Lockon","Redo"],"picked":"Reinforced Body","floor":19.0},{"not_picked":["Aggregate","Rebound"],"picked":"Redo+1","floor":20.0},{"not_picked":["Static Discharge+1","Cold Snap+1"],"picked":"Steam","floor":23.0},{"not_picked":["Redo","Hologram"],"picked":"Go for the Eyes+1","floor":24.0},{"not_picked":["Redo","Coolheaded+1"],"picked":"Conserve Battery+1","floor":25.0},{"not_picked":["Compile Driver","Coolheaded"],"picked":"Melter","floor":27.0},{"not_picked":["Cold Snap","Auto Shields+1"],"picked":"Buffer","floor":30.0},{"not_picked":["Storm","Streamline"],"picked":"Double Energy+1","floor":31.0},{"not_picked":["Echo Form","All For One"],"picked":"Multi-Cast+1","floor":33.0},{"not_picked":["Cold Snap","Ball Lightning"],"picked":"Redo+1","floor":35},{"not_picked":["Coolheaded+1","Streamline"],"picked":"Tempest+1","floor":38},{"not_picked":["Capacitor+1","Darkness+1"],"picked":"Leap+1","floor":39},{"not_picked":["Fusion+1","Sweeping Beam+1"],"picked":"Storm+1","floor":41},{"not_picked":["Ball Lightning+1","Reprogram+1"],"picked":"Self Repair+1","floor":44},{"not_picked":["Gash+1","Compile Driver"],"picked":"Rebound","floor":45},{"not_picked":["Rebound","Streamline"],"picked":"Undo+1","floor":48}],"player_experience":57684,"relics_obtained":[{"floor":6.0,"key":"Anchor"},{"floor":9.0,"key":"Shuriken"},{"floor":11.0,"key":"Unceasing Top"},{"floor":19.0,"key":"Red Mask"},{"floor":26.0,"key":"Old Coin"},{"floor":29.0,"key":"Toxic Egg 2"},{"floor":43,"key":"Pocketwatch"}],"event_choices":[{"damage_healed":0.0,"max_hp_gain":0.0,"max_hp_loss":0.0,"gold_gain":0.0,"event_name":"Dead Adventurer","player_choice":"Searched \u00272\u0027 times","floor":7.0,"gold_loss":0.0,"damage_taken":0.0,"relics_obtained":["Thread and Needle"]},{"damage_healed":0.0,"max_hp_gain":0.0,"max_hp_loss":0.0,"gold_gain":0.0,"event_name":"Shining Light","player_choice":"Entered Light","floor":8.0,"gold_loss":0.0,"damage_taken":17.0,"cards_upgraded":["Reinforced Body","Defend_B"]},{"damage_healed":0.0,"max_hp_gain":0.0,"max_hp_loss":0.0,"gold_gain":0.0,"event_name":"Liars Game","player_choice":"Ignored","floor":10.0,"gold_loss":0.0,"damage_taken":0.0},{"damage_healed":0.0,"max_hp_gain":0.0,"max_hp_loss":0.0,"gold_gain":0.0,"event_name":"Golden Idol","player_choice":"Ignored","floor":13.0,"gold_loss":0.0,"damage_taken":0.0},{"damage_healed":28.0,"max_hp_gain":0.0,"max_hp_loss":0.0,"gold_gain":0.0,"event_name":"Big Fish","player_choice":"Banana","floor":14.0,"gold_loss":0.0,"damage_taken":0.0},{"damage_healed":0.0,"max_hp_gain":0.0,"max_hp_loss":0.0,"gold_gain":0.0,"event_name":"Masked Bandits","player_choice":"Fought Bandits","floor":19.0,"gold_loss":0.0,"damage_taken":0.0},{"damage_healed":28.0,"max_hp_gain":0.0,"max_hp_loss":0.0,"gold_gain":0.0,"event_name":"The Library","player_choice":"Heal","floor":21.0,"gold_loss":0.0,"damage_taken":0.0},{"damage_healed":0.0,"max_hp_gain":0.0,"max_hp_loss":0.0,"gold_gain":0.0,"event_name":"Nest","player_choice":"Joined the Cult","floor":22.0,"gold_loss":0.0,"damage_taken":6.0,"cards_obtained":["RitualDagger"]},{"damage_healed":0,"gold_gain":0,"player_choice":"Cursed","damage_taken":0,"max_hp_gain":0,"max_hp_loss":0,"event_name":"Wheel of Change","floor":36,"gold_loss":0,"cards_obtained":["Decay"]},{"damage_healed":0,"gold_gain":0,"player_choice":"Ignored","damage_taken":0,"max_hp_gain":0,"max_hp_loss":0,"event_name":"Mysterious Sphere","floor":40,"gold_loss":0},{"damage_healed":0,"gold_gain":0,"player_choice":"Paid Gold","damage_taken":0,"relics_obtained":["Du-Vu Doll"],"max_hp_gain":0,"max_hp_loss":0,"event_name":"WeMeetAgain","floor":42,"gold_loss":97},{"damage_healed":0,"gold_gain":0,"player_choice":"Forge","damage_taken":0,"max_hp_gain":0,"max_hp_loss":0,"event_name":"Accursed Blacksmith","floor":47,"gold_loss":0,"cards_upgraded":["Defragment"]}],"is_beta":false,"boss_relics":[{"not_picked":["Inserter","Orrery"],"picked":"Sozu"},{"not_picked":["Lizard Tail","Velvet Choker"],"picked":"Astrolabe"}],"items_purged_floors":[4,37],"is_endless":false,"potions_floor_spawned":[2,5,6,7,20,24,27,30,31,39,41,45],"killed_by":"Time Eater","ascension_level":0}