{"gold_per_floor":[116,132,150,161,13,13,43,43,43,43,54,54,67,91,91,192,192,211,11,29,29,29],"floor_reached":22,"playtime":866,"items_purged":["Strike_B"],"score":195,"play_id":"dbb50ee3-7f28-450c-b165-3ba1a295e0dc","local_time":"20190406194704","is_ascension_mode":true,"campfire_choices":[{"data":"Sunder","floor":6,"key":"SMITH"},{"data":"Ball Lightning","floor":8,"key":"SMITH"},{"data":"Defragment","floor":10,"key":"SMITH"},{"data":"Ball Lightning","floor":12,"key":"SMITH"},{"floor":15,"key":"REST"}],"neow_cost":"NONE","seed_source_timestamp":55196604237389,"circlet_count":0,"master_deck":["Strike_B","Strike_B","Strike_B","Defend_B","Defend_B","Defend_B","Defend_B","Zap","Dualcast","Sunder+1","Reinforced Body","Capacitor","Static Discharge","Defragment+1","Ball Lightning+1","Ball Lightning+1","Echo Form","Thunder Strike","Melter"],"relics":["Cracked Core","Ornamental Fan","Blue Candle","Odd Mushroom","Runic Pyramid","Membership Card","Singing Bowl"],"potions_floor_usage":[],"damage_taken":[{"damage":0,"enemies":"Small Slimes","floor":1,"turns":2},{"damage":0,"enemies":"2 Louse","floor":2,"turns":1},{"damage":0,"enemies":"Cultist","floor":3,"turns":3},{"damage":6,"enemies":"Exordium Thugs","floor":4,"turns":4},{"damage":14,"enemies":"Gremlin Nob","floor":7,"turns":5},{"damage":11,"enemies":"Exordium Wildlife","floor":11,"turns":4},{"damage":6,"enemies":"Large Slime","floor":13,"turns":4},{"damage":18,"enemies":"The Mushroom Lair","floor":14,"turns":4},{"damage":39,"enemies":"The Guardian","floor":16,"turns":6},{"damage":30,"enemies":"2 Thieves","floor":18,"turns":3},{"damage":32,"enemies":"3 Byrds","floor":20,"turns":3},{"damage":17,"enemies":"Snake Plant","floor":22,"turns":1}],"seed_played":"8932337933548734135","potions_obtained":[{"floor":1,"key":"SkillPotion"},{"floor":7,"key":"FocusPotion"},{"floor":11,"key":"FocusPotion"},{"floor":13,"key":"Fire Potion"}],"is_trial":false,"path_per_floor":["M","M","M","M","$","R","E","R","T","R","M","R","M","?","R","B",null,"M","$","M","?","M"],"character_chosen":"DEFECT","items_purchased":["Defragment","Membership Card"],"campfire_rested":1,"item_purchase_floors":[5,19],"current_hp_per_floor":[75,75,75,69,69,69,55,55,55,55,44,44,38,20,42,3,75,45,45,13,13,0],"gold":29,"neow_bonus":"THREE_CARDS","is_prod":false,"is_daily":false,"chose_seed":false,"campfire_upgraded":4,"win_rate":0,"timestamp":1554605224,"path_taken":["M","M","M","M","$","R","E","R","T","R","M","R","M","?","R","BOSS","M","$","M","?","?"],"build_version":"2019-01-23","purchased_purges":1,"victory":false,"max_hp_per_floor":[75,75,75,75,75,75,75,75,75,75,75,75,75,75,75,75,75,75,75,75,75,75],"card_choices":[{"not_picked":["Streamline","Ball Lightning"],"picked":"Sunder","floor":0},{"not_picked":["Skim","Stack"],"picked":"Reinforced Body","floor":1},{"not_picked":["Genetic Algorithm","Sweeping Beam"],"picked":"Capacitor","floor":2},{"not_picked":["Streamline","Cold Snap","Go for the Eyes"],"picked":"SKIP","floor":3},{"not_picked":["Chaos","Melter"],"picked":"Static Discharge","floor":4},{"not_picked":["Redo","Streamline"],"picked":"Ball Lightning","floor":7},{"not_picked":["Beam Cell","Gash"],"picked":"Ball Lightning","floor":11},{"not_picked":["Sweeping Beam","Stack","Cold Snap"],"picked":"SKIP","floor":13},{"not_picked":["Chill","Sweeping Beam"],"picked":"Echo Form","floor":14},{"not_picked":["Biased Cognition","Buffer"],"picked":"Thunder Strike","floor":16},{"not_picked":["Streamline","Lockon+1","Cold Snap"],"picked":"SKIP","floor":18},{"not_picked":["Ball Lightning+1","Chaos"],"picked":"Melter","floor":20}],"player_experience":163681,"relics_obtained":[{"floor":7,"key":"Ornamental Fan"},{"floor":9,"key":"Blue Candle"},{"floor":14,"key":"Odd Mushroom"}],"event_choices":[{"damage_healed":0,"gold_gain":0,"player_choice":"Fought Mushrooms","damage_taken":0,"max_hp_gain":0,"max_hp_loss":0,"event_name":"Mushrooms","floor":14,"gold_loss":0},{"damage_healed":0,"gold_gain":0,"player_choice":"Gave Potion","damage_taken":0,"relics_obtained":["Singing Bowl"],"max_hp_gain":0,"max_hp_loss":0,"event_name":"WeMeetAgain","floor":21,"gold_loss":0}],"is_beta":false,"boss_relics":[{"not_picked":["FrozenCore","Snecko Eye"],"picked":"Runic Pyramid"}],"items_purged_floors":[5],"is_endless":false,"potions_floor_spawned":[1,7,11,13,14,18],"killed_by":"Snake Plant","ascension_level":1}