{"gold_per_floor":[116,126,126,141,153,153,180,180,180,33,43,43,43,77,77,176,176,191,202,127,147,158,158,189,206,256,256],"floor_reached":27,"playtime":1198,"items_purged":["Strike_B"],"score":257,"play_id":"9fbc5905-6e37-4313-9ebf-759b148e4bfb","local_time":"20190408195206","is_ascension_mode":true,"campfire_choices":[{"data":"Ball Lightning","floor":6.0,"key":"SMITH"},{"floor":8.0,"key":"REST"},{"floor":13.0,"key":"REST"},{"floor":15.0,"key":"REST"},{"floor":23,"key":"REST"}],"neow_cost":"PERCENT_DAMAGE","seed_source_timestamp":0,"circlet_count":0,"master_deck":["Strike_B","Defend_B","Defend_B","Defend_B","Defend_B","Zap+1","Dualcast","Capacitor","Ball Lightning+1","Leap","Sunder+1","Consume","Force Field","Biased Cognition","Capacitor","Defragment","Static Discharge"],"special_seed":0,"relics":["Cracked Core","Girya","Blood Vial","Regal Pillow","Shuriken","Runic Pyramid","Centennial Puzzle","Potion Belt"],"potions_floor_usage":[27,27],"damage_taken":[{"damage":2.0,"enemies":"Small Slimes","floor":1.0,"turns":3.0},{"damage":7.0,"enemies":"Jaw Worm","floor":2.0,"turns":4.0},{"damage":1.0,"enemies":"Cultist","floor":4.0,"turns":3.0},{"damage":9.0,"enemies":"Blue Slaver","floor":5.0,"turns":3.0},{"damage":26.0,"enemies":"3 Sentries","floor":7.0,"turns":7.0},{"damage":1.0,"enemies":"Exordium Wildlife","floor":11.0,"turns":3.0},{"damage":21.0,"enemies":"Gremlin Nob","floor":14.0,"turns":4.0},{"damage":19.0,"enemies":"The Guardian","floor":16.0,"turns":8.0},{"damage":0.0,"enemies":"Chosen","floor":18.0,"turns":4.0},{"damage":27.0,"enemies":"2 Thieves","floor":19.0,"turns":4.0},{"damage":23.0,"enemies":"Cultist and Chosen","floor":21.0,"turns":6.0},{"damage":19,"enemies":"3 Cultists","floor":22,"turns":4},{"damage":37,"enemies":"Book of Stabbing","floor":24,"turns":6},{"damage":13,"enemies":"Shelled Parasite and Fungi","floor":25,"turns":4},{"damage":5,"enemies":"Chosen and Byrds","floor":27,"turns":1}],"seed_played":"-1752108675078928409","potions_obtained":[{"floor":2.0,"key":"SpeedPotion"},{"floor":4.0,"key":"Dexterity Potion"},{"floor":5.0,"key":"Swift Potion"},{"floor":16.0,"key":"Fire Potion"},{"floor":21,"key":"Swift Potion"},{"floor":24,"key":"Ancient Potion"}],"is_trial":false,"path_per_floor":["M","M","?","M","M","R","E","R","T","$","M","?","R","E","R","B",null,"M","M","?","M","M","R","E","M","T","M"],"character_chosen":"DEFECT","items_purchased":["Sunder"],"campfire_rested":4,"item_purchase_floors":[10],"current_hp_per_floor":[52,45,38,37,28,28,2,24,24,24,25,10,47,28,65,48,75,75,48,48,27,10,47,12,1,1,0],"gold":256,"neow_bonus":"ONE_RARE_RELIC","is_prod":false,"is_daily":false,"chose_seed":false,"campfire_upgraded":1,"win_rate":0,"timestamp":1554778326,"path_taken":["M","M","?","M","M","R","E","R","T","$","M","?","R","E","R","BOSS","M","M","?","M","M","R","E","M","T","M"],"build_version":"2019-01-23","purchased_purges":1,"victory":false,"max_hp_per_floor":[75,75,75,75,75,75,75,75,75,75,75,75,75,75,75,75,75,75,75,75,75,75,75,75,75,75,75],"card_choices":[{"not_picked":["Compile Driver","Conserve Battery"],"picked":"Capacitor","floor":1.0},{"not_picked":["Glacier","Cold Snap","Compile Driver"],"picked":"SKIP","floor":2.0},{"not_picked":["Gash","Conserve Battery","Compile Driver"],"picked":"SKIP","floor":4.0},{"not_picked":["FTL","Auto Shields"],"picked":"Ball Lightning","floor":5.0},{"not_picked":["Rebound","Recycle"],"picked":"Leap","floor":7.0},{"not_picked":["Streamline","Sunder"],"picked":"Consume","floor":11.0},{"not_picked":["Rebound","Sweeping Beam"],"picked":"Force Field","floor":14.0},{"not_picked":["Machine Learning","Rainbow"],"picked":"Biased Cognition","floor":16.0},{"not_picked":["Leap","Gash"],"picked":"Capacitor","floor":18.0},{"not_picked":["Chaos+1","Cold Snap"],"picked":"Defragment","floor":19.0},{"not_picked":["Hello World+1","Chaos","Steam+1"],"picked":"SKIP","floor":21},{"not_picked":["Redo","Gash","Turbo"],"picked":"SKIP","floor":22},{"not_picked":["Sunder","Hologram+1"],"picked":"Static Discharge","floor":24},{"not_picked":["Hologram","Darkness","Barrage+1"],"picked":"SKIP","floor":25}],"player_experience":164547,"relics_obtained":[{"floor":7.0,"key":"Blood Vial"},{"floor":9.0,"key":"Regal Pillow"},{"floor":14.0,"key":"Shuriken"},{"floor":24,"key":"Centennial Puzzle"},{"floor":26,"key":"Potion Belt"}],"event_choices":[{"cards_removed":["Strike_B"],"damage_healed":0.0,"max_hp_gain":0.0,"max_hp_loss":0.0,"gold_gain":0.0,"event_name":"Golden Wing","player_choice":"Card Removal","floor":3.0,"gold_loss":0.0,"damage_taken":7.0},{"damage_healed":0.0,"max_hp_gain":0.0,"max_hp_loss":0.0,"gold_gain":0.0,"event_name":"Shining Light","player_choice":"Entered Light","floor":12.0,"gold_loss":0.0,"damage_taken":15.0,"cards_upgraded":["Sunder","Zap"]},{"cards_removed":["Strike_B"],"damage_healed":0.0,"max_hp_gain":0.0,"max_hp_loss":0.0,"gold_gain":0.0,"event_name":"Beggar","player_choice":"Gave Gold","floor":20.0,"gold_loss":75.0,"damage_taken":0.0}],"is_beta":false,"boss_relics":[{"not_picked":["Eternal Feather","White Beast Statue"],"picked":"Runic Pyramid"}],"items_purged_floors":[10],"is_endless":false,"potions_floor_spawned":[2,4,5,16,21,24],"killed_by":"Chosen and Byrds","ascension_level":1}