{"gold_per_floor":[110,122,140,140,150,183,183,209,209,209,229,179,179,214,214,214],"floor_reached":16,"playtime":873,"items_purged":[],"score":198,"play_id":"23165390-eb24-4b6b-873d-4dd637b29c71","local_time":"20181229121848","is_ascension_mode":true,"campfire_choices":[{"data":"Whirlwind","floor":7,"key":"SMITH"},{"floor":15,"key":"REST"}],"neow_cost":"TEN_PERCENT_HP_LOSS","seed_source_timestamp":243839533700207,"circlet_count":0,"master_deck":["AscendersBane","Strike_R","Strike_R","Strike_R","Strike_R","Strike_R","Defend_R","Defend_R","Defend_R","Defend_R","Bash","Battle Trance+1","Cleave","Cleave","Thunderclap","Whirlwind+1","Demon Form"],"relics":["Burning Blood","Ice Cream","Regal Pillow","Bag of Marbles","Dream Catcher","Molten Egg 2"],"potions_floor_usage":[6,6,6,8],"damage_taken":[{"damage":11,"enemies":"Jaw Worm","floor":1,"turns":4},{"damage":6,"enemies":"Cultist","floor":2,"turns":3},{"damage":3,"enemies":"2 Louse","floor":3,"turns":3},{"damage":19,"enemies":"Large Slime","floor":5,"turns":4},{"damage":15,"enemies":"3 Sentries","floor":6,"turns":3},{"damage":40,"enemies":"Lagavulin","floor":8,"turns":5},{"damage":0,"enemies":"3 Louse","floor":11,"turns":1},{"damage":46,"enemies":"Gremlin Nob","floor":14,"turns":5},{"damage":47,"enemies":"Hexaghost","floor":16,"turns":9}],"seed_played":"-8798075777542200778","potions_obtained":[{"floor":1,"key":"EntropicBrew"},{"floor":3,"key":"PowerPotion"}],"is_trial":false,"path_per_floor":["M","M","M","?","M","E","R","E","T","?","M","?","?","E","R","B"],"character_chosen":"IRONCLAD","items_purchased":[],"campfire_rested":1,"item_purchase_floors":[],"current_hp_per_floor":[67,67,70,70,57,48,48,28,28,46,52,52,52,12,47,0],"gold":214,"neow_bonus":"ONE_RARE_RELIC","is_prod":false,"is_daily":false,"chose_seed":false,"campfire_upgraded":1,"win_rate":0,"timestamp":1546114728,"path_taken":["M","M","M","?","?","E","R","E","T","?","M","?","?","E","R","BOSS"],"build_version":"2018-12-20","purchased_purges":0,"victory":false,"max_hp_per_floor":[72,72,72,72,72,72,72,72,72,72,72,69,69,69,69,69],"card_choices":[{"not_picked":["Rampage","Twin Strike"],"picked":"Battle Trance","floor":1},{"not_picked":["Shockwave","Ghostly Armor"],"picked":"Cleave","floor":2},{"not_picked":["True Grit","Second Wind"],"picked":"Cleave","floor":3},{"not_picked":["Anger","Headbutt"],"picked":"Thunderclap","floor":5},{"not_picked":["Uppercut","Evolve"],"picked":"Whirlwind","floor":6},{"not_picked":["Infernal Blade","Thunderclap"],"picked":"Demon Form","floor":8},{"not_picked":["Rampage","Perfected Strike","True Grit"],"picked":"SKIP","floor":11},{"not_picked":["Shockwave","Entrench","Pommel Strike"],"picked":"SKIP","floor":14}],"player_experience":636133,"relics_obtained":[{"floor":6,"key":"Regal Pillow"},{"floor":8,"key":"Bag of Marbles"},{"floor":9,"key":"Dream Catcher"},{"floor":14,"key":"Molten Egg 2"}],"event_choices":[{"damage_healed":0,"gold_gain":0,"player_choice":"Upgraded","damage_taken":0,"max_hp_gain":0,"max_hp_loss":0,"event_name":"Upgrade Shrine","floor":4,"gold_loss":0,"cards_upgraded":["Battle Trance"]},{"damage_healed":18,"gold_gain":0,"player_choice":"Healed and dodged fight","damage_taken":0,"max_hp_gain":0,"max_hp_loss":0,"event_name":"Mushrooms","floor":10,"gold_loss":0,"cards_obtained":["Parasite"]},{"cards_removed":["Parasite"],"damage_healed":0,"gold_gain":0,"player_choice":"Card Removal","damage_taken":0,"max_hp_gain":0,"max_hp_loss":0,"event_name":"The Cleric","floor":12,"gold_loss":50},{"damage_healed":0,"gold_gain":0,"player_choice":"Searched \u00271\u0027 times","damage_taken":0,"max_hp_gain":0,"max_hp_loss":0,"event_name":"Dead Adventurer","floor":13,"gold_loss":0}],"is_beta":false,"boss_relics":[],"items_purged_floors":[],"is_endless":false,"potions_floor_spawned":[1,3,5],"killed_by":"Hexaghost","ascension_level":13}