{"gold_per_floor":[118,118,131,131,144,172,172,192,192,192,210,245,245,264,264,264],"floor_reached":16,"playtime":1040,"items_purged":[],"score":179,"play_id":"9e817788-80d6-4d19-b31d-231ff34cb726","local_time":"20181224161309","is_ascension_mode":true,"campfire_choices":[{"data":"Strike_R","floor":7,"key":"PURGE"},{"data":"Strike_R","floor":10,"key":"PURGE"},{"data":"Dark Embrace","floor":13,"key":"SMITH"},{"data":"Reckless Charge","floor":15,"key":"SMITH"}],"neow_cost":"NONE","seed_source_timestamp":98404226758323,"circlet_count":0,"master_deck":["AscendersBane","Strike_R","Strike_R","Strike_R","Defend_R","Defend_R","Defend_R","Defend_R","Bash","Intimidate","Wild Strike","Dark Embrace+1","Double Tap","Reckless Charge+1","Demon Form","Disarm"],"relics":["Burning Blood","NeowsBlessing","Peace Pipe","Bottled Tornado","Self Forming Clay"],"potions_floor_usage":[6,12,16],"damage_taken":[{"damage":0,"enemies":"2 Louse","floor":1,"turns":1},{"damage":0,"enemies":"Cultist","floor":3,"turns":1},{"damage":0,"enemies":"Jaw Worm","floor":5,"turns":1},{"damage":23,"enemies":"Gremlin Nob","floor":6,"turns":4},{"damage":10,"enemies":"2 Fungi Beasts","floor":8,"turns":5},{"damage":5,"enemies":"Exordium Wildlife","floor":11,"turns":4},{"damage":25,"enemies":"Lagavulin","floor":12,"turns":6},{"damage":0,"enemies":"Large Slime","floor":14,"turns":7},{"damage":39,"enemies":"The Guardian","floor":16,"turns":6}],"seed_played":"-8428454411937801833","potions_obtained":[{"floor":2,"key":"SneckoOil"},{"floor":2,"key":"Fire Potion"},{"floor":8,"key":"PowerPotion"}],"is_trial":false,"path_per_floor":["M","?","M","?","M","E","R","M","T","R","M","E","R","M","R","B"],"character_chosen":"IRONCLAD","items_purchased":[],"campfire_rested":0,"item_purchase_floors":[],"current_hp_per_floor":[78,78,80,80,80,63,63,59,59,59,60,41,41,47,47,8],"gold":264,"neow_bonus":"THREE_ENEMY_KILL","is_prod":false,"is_daily":false,"chose_seed":false,"campfire_upgraded":2,"win_rate":0,"timestamp":1545696789,"path_taken":["M","?","?","?","?","E","R","M","T","R","M","E","R","M","R","BOSS"],"build_version":"2018-12-20","purchased_purges":0,"victory":false,"max_hp_per_floor":[80,80,80,80,80,80,80,80,80,80,80,80,80,80,80,80],"card_choices":[{"not_picked":["Havoc","Sword Boomerang"],"picked":"Intimidate","floor":1},{"not_picked":["Perfected Strike","Burning Pact"],"picked":"Wild Strike","floor":3},{"not_picked":["Armaments","Clothesline"],"picked":"Dark Embrace","floor":5},{"not_picked":["Blood for Blood","Carnage"],"picked":"Double Tap","floor":6},{"not_picked":["Anger","Fire Breathing","Flex"],"picked":"SKIP","floor":8},{"not_picked":["Uppercut","Warcry"],"picked":"Reckless Charge","floor":11},{"not_picked":["Offering","Clothesline"],"picked":"Demon Form","floor":12},{"not_picked":["Iron Wave","Armaments"],"picked":"Disarm","floor":14}],"player_experience":529006,"relics_obtained":[{"floor":6,"key":"Peace Pipe"},{"floor":9,"key":"Bottled Tornado"},{"floor":12,"key":"Self Forming Clay"}],"event_choices":[{"damage_healed":0,"gold_gain":0,"player_choice":"Got Potions","damage_taken":0,"max_hp_gain":0,"max_hp_loss":0,"event_name":"Lab","floor":2,"gold_loss":0},{"damage_healed":0,"gold_gain":0,"player_choice":"Bought 0 Potions","damage_taken":0,"max_hp_gain":0,"max_hp_loss":0,"event_name":"The Woman in Blue","floor":4,"gold_loss":0}],"is_beta":false,"boss_relics":[],"items_purged_floors":[],"is_endless":false,"potions_floor_spawned":[3,8,11],"killed_by":"The Guardian","ascension_level":12}