{"gold_per_floor":[118,83,83,95,245,270,270,282,307,333,5,37,37,37,37,37],"floor_reached":16,"playtime":931,"items_purged":[],"score":282,"play_id":"35fc322e-9748-4f2f-8e9f-75a40f759f53","local_time":"20190706091406","is_ascension_mode":true,"campfire_choices":[{"data":"Neutralize","floor":7.0,"key":"SMITH"},{"data":"Well Laid Plans","floor":13.0,"key":"SMITH"},{"data":"Dagger Spray","floor":15.0,"key":"SMITH"}],"neow_cost":"NONE","seed_source_timestamp":0,"circlet_count":0,"master_deck":["AscendersBane","Strike_G","Strike_G","Strike_G","Strike_G","Strike_G","Defend_G","Defend_G","Defend_G+1","Defend_G","Defend_G","Survivor","Neutralize+1","PiercingWail+1","Flying Knee","Doubt","Well Laid Plans+1","Dagger Spray+1","Dagger Throw+1","PiercingWail"],"special_seed":0,"relics":["Ring of the Snake","NeowsBlessing","Bag of Marbles","Happy Flower","War Paint","Molten Egg 2","Incense Burner","Gambling Chip"],"potions_floor_usage":[],"damage_taken":[{"damage":0.0,"enemies":"Small Slimes","floor":1.0,"turns":1.0},{"damage":0.0,"enemies":"Cultist","floor":4.0,"turns":1.0},{"damage":0.0,"enemies":"3 Sentries","floor":6.0,"turns":1.0},{"damage":0.0,"enemies":"2 Louse","floor":8.0,"turns":3.0},{"damage":19.0,"enemies":"Gremlin Nob","floor":10.0,"turns":4.0},{"damage":21.0,"enemies":"3 Sentries","floor":12.0,"turns":9.0},{"damage":22,"enemies":"The Guardian","floor":16,"turns":12}],"seed_played":"-3573479306051089718","potions_obtained":[{"floor":4.0,"key":"Explosive Potion"},{"floor":6.0,"key":"Poison Potion"}],"is_trial":false,"path_per_floor":["M","?","?","M","?","E","R","M","T","E","$","E","R","$","R","B"],"character_chosen":"THE_SILENT","items_purchased":["Incense Burner"],"campfire_rested":0,"item_purchase_floors":[11],"current_hp_per_floor":[59,66,66,66,66,66,66,66,66,47,47,26,26,26,26,4],"gold":37,"neow_bonus":"THREE_ENEMY_KILL","is_prod":false,"is_daily":false,"chose_seed":false,"campfire_upgraded":3,"win_rate":0,"timestamp":1562429646,"path_taken":["M","?","?","?","?","E","R","M","T","E","$","E","R","?","R","BOSS"],"build_version":"2019-07-01","purchased_purges":0,"victory":false,"max_hp_per_floor":[66,66,66,66,66,66,66,66,66,66,66,66,66,66,66,66],"card_choices":[{"not_picked":["Blade Dance","Outmaneuver"],"picked":"PiercingWail","floor":1.0},{"not_picked":["Underhanded Strike","Backflip"],"picked":"Flying Knee","floor":4.0},{"not_picked":["Quick Slash","Prepared"],"picked":"Well Laid Plans","floor":6.0},{"not_picked":["Infinite Blades","PiercingWail"],"picked":"Dagger Spray","floor":8.0},{"not_picked":["Dodge and Roll","Acrobatics"],"picked":"Dagger Throw","floor":10.0},{"not_picked":["Escape Plan","Bane+1"],"picked":"PiercingWail","floor":12.0}],"player_experience":1417417,"relics_obtained":[{"floor":3.0,"key":"Bag of Marbles"},{"floor":6.0,"key":"Happy Flower"},{"floor":9.0,"key":"War Paint"},{"floor":10.0,"key":"Molten Egg 2"},{"floor":12.0,"key":"Gambling Chip"}],"event_choices":[{"damage_healed":16.0,"max_hp_gain":0.0,"max_hp_loss":0.0,"gold_gain":0.0,"event_name":"The Cleric","player_choice":"Healed","floor":2.0,"gold_loss":35.0,"damage_taken":0.0},{"damage_healed":0.0,"max_hp_gain":0.0,"max_hp_loss":0.0,"gold_gain":0.0,"event_name":"Wheel of Change","player_choice":"Relic","floor":3.0,"gold_loss":0.0,"damage_taken":0.0},{"damage_healed":0.0,"max_hp_gain":0.0,"max_hp_loss":0.0,"gold_gain":150.0,"event_name":"Liars Game","player_choice":"AGREE","floor":5.0,"gold_loss":0.0,"damage_taken":0.0,"cards_obtained":["Doubt"]}],"is_beta":false,"boss_relics":[],"items_purged_floors":[],"is_endless":false,"potions_floor_spawned":[4,6],"killed_by":"The Guardian","ascension_level":20}