{"gold_per_floor":[10,22,34,47,65,96,96,108,132,132,84,84,95,111,111,214,214,233,233,243,243,46,46,71,71,71,71,88,88,103,3,3,3],"floor_reached":33,"playtime":1889,"items_purged":["Defend_R","Defend_R"],"score":504,"play_id":"682e5e40-76d6-48fc-b145-0ff0c0fedf45","local_time":"20181109192439","is_ascension_mode":true,"campfire_choices":[{"floor":7,"key":"REST"},{"data":"Fiend Fire","floor":15,"key":"SMITH"},{"data":"Battle Trance","floor":23,"key":"SMITH"},{"floor":25,"key":"REST"},{"data":"Shrug It Off","floor":27,"key":"SMITH"},{"data":"Shrug It Off","floor":32,"key":"SMITH"}],"neow_cost":"NO_GOLD","seed_source_timestamp":23879393492000,"circlet_count":0,"master_deck":["AscendersBane","Strike_R","Strike_R","Strike_R","Strike_R","Strike_R","Defend_R","Defend_R","Bash","Fiend Fire+1","Flex","Twin Strike","Shrug It Off","Cleave","Flex","Shrug It Off+1","Battle Trance+1","Cleave","Shrug It Off+1","Shrug It Off+1"],"relics":["Burning Blood","Orichalcum","Red Skull","Runic Pyramid","Turnip","Tiny Chest","Dodecahedron","Toxic Egg 2"],"potions_floor_usage":[5,8,16,20,24,24,30],"damage_taken":[{"damage":11,"enemies":"2 Louse","floor":1,"turns":3},{"damage":7,"enemies":"Jaw Worm","floor":2,"turns":3},{"damage":18,"enemies":"Small Slimes","floor":3,"turns":3},{"damage":9,"enemies":"Exordium Wildlife","floor":4,"turns":3},{"damage":22,"enemies":"Exordium Thugs","floor":5,"turns":3},{"damage":32,"enemies":"Gremlin Nob","floor":6,"turns":4},{"damage":2,"enemies":"Lots of Slimes","floor":8,"turns":2},{"damage":7,"enemies":"Red Slaver","floor":13,"turns":3},{"damage":6,"enemies":"Exordium Wildlife","floor":14,"turns":3},{"damage":0,"enemies":"Slime Boss","floor":16,"turns":4},{"damage":0,"enemies":"Spheric Guardian","floor":18,"turns":3},{"damage":10,"enemies":"3 Byrds","floor":20,"turns":3},{"damage":51,"enemies":"Book of Stabbing","floor":24,"turns":5},{"damage":13,"enemies":"Snake Plant","floor":28,"turns":2},{"damage":5,"enemies":"Cultist and Chosen","floor":30,"turns":4},{"damage":35,"enemies":"Champ","floor":33,"turns":11}],"seed_played":"6310960862251559256","potions_obtained":[{"floor":4,"key":"Explosive Potion"},{"floor":5,"key":"Explosive Potion"},{"floor":13,"key":"Fire Potion"},{"floor":14,"key":"Swift Potion"},{"floor":16,"key":"Strength Potion"},{"floor":18,"key":"BloodPotion"},{"floor":20,"key":"SteroidPotion"},{"floor":28,"key":"Poison Potion"}],"is_trial":false,"path_per_floor":["M","M","M","M","M","E","R","M","T","?","$","?","M","M","R","B",null,"M","?","M","T","$","R","E","R","T","R","M","$","M","$","R","B"],"character_chosen":"IRONCLAD","items_purchased":["Shrug It Off","Tiny Chest"],"campfire_rested":2,"item_purchase_floors":[11,22],"current_hp_per_floor":[67,66,54,51,35,9,33,37,37,37,37,63,62,62,62,68,77,80,80,76,76,76,76,39,63,63,63,56,56,57,57,57,22],"gold":3,"neow_bonus":"THREE_RARE_CARDS","is_prod":false,"is_daily":false,"chose_seed":false,"campfire_upgraded":4,"win_rate":0,"timestamp":1541820279,"path_taken":["M","M","M","M","M","E","R","M","T","?","?","?","M","?","R","BOSS","M","?","M","?","?","R","E","R","T","R","?","?","M","$","R","BOSS"],"build_version":"2018-11-08","purchased_purges":2,"victory":false,"max_hp_per_floor":[80,80,80,80,80,80,80,80,80,80,80,80,80,80,80,80,80,80,80,80,80,80,80,80,80,80,80,80,80,80,80,80,80],"card_choices":[{"not_picked":["Barricade","Offering"],"picked":"Fiend Fire","floor":0},{"not_picked":["Clothesline","Anger","Intimidate"],"picked":"SKIP","floor":1},{"not_picked":["Armaments","True Grit"],"picked":"Flex","floor":2},{"not_picked":["Pommel Strike","Armaments"],"picked":"Twin Strike","floor":3},{"not_picked":["Fire Breathing","Hemokinesis"],"picked":"Shrug It Off","floor":4},{"not_picked":["Iron Wave","Wild Strike","Perfected Strike"],"picked":"SKIP","floor":5},{"not_picked":["Perfected Strike","Fire Breathing"],"picked":"Cleave","floor":6},{"not_picked":["Uppercut","Heavy Blade"],"picked":"Flex","floor":8},{"not_picked":["Warcry","Iron Wave"],"picked":"Battle Trance","floor":13},{"not_picked":["Shockwave","Dropkick"],"picked":"Cleave","floor":14},{"not_picked":["Anger","Flex"],"picked":"Shrug It Off","floor":18},{"not_picked":["Second Wind","Thunderclap+1","Twin Strike"],"picked":"SKIP","floor":20},{"not_picked":["Reckless Charge","Sword Boomerang","Battle Trance"],"picked":"SKIP","floor":24},{"not_picked":["Cleave+1","Whirlwind+1"],"picked":"Shrug It Off+1","floor":28},{"not_picked":["Sentinel+1","Heavy Blade","Armaments+1"],"picked":"SKIP","floor":30}],"player_experience":320519,"relics_obtained":[{"floor":6,"key":"Orichalcum"},{"floor":9,"key":"Red Skull"},{"floor":21,"key":"Turnip"},{"floor":24,"key":"Dodecahedron"},{"floor":26,"key":"Toxic Egg 2"}],"event_choices":[{"damage_healed":0,"gold_gain":0,"player_choice":"Searched \u00271\u0027 times","damage_taken":0,"max_hp_gain":0,"max_hp_loss":0,"event_name":"Dead Adventurer","floor":10,"gold_loss":0},{"damage_healed":26,"gold_gain":0,"player_choice":"Banana","damage_taken":0,"max_hp_gain":0,"max_hp_loss":0,"event_name":"Big Fish","floor":12,"gold_loss":0},{"damage_healed":0,"gold_gain":0,"player_choice":"Ignored","damage_taken":0,"max_hp_gain":0,"max_hp_loss":0,"event_name":"Cursed Tome","floor":19,"gold_loss":0}],"is_beta":false,"boss_relics":[{"not_picked":["Cursed Key","Sozu"],"picked":"Runic Pyramid"}],"items_purged_floors":[22,31],"is_endless":false,"potions_floor_spawned":[4,5,13,14,16,18,20,28],"killed_by":"Champ","ascension_level":10}