{"gold_per_floor":[114,124,124,144,13,41,41,6,6,6,36,36,62,72,72,149,149,163,24,24,37,49,49,49,49,127,161,171,49,49,74,74,149,149,163,163,174,174,174,174,33,48,48,48,48],"floor_reached":45,"playtime":3223,"items_purged":["Pain","Shame","Strike_R"],"score":812,"play_id":"c5465a9b-9aee-4b80-9b61-22d8b288df54","local_time":"20181229162325","is_ascension_mode":true,"campfire_choices":[{"data":"True Grit","floor":12.0,"key":"SMITH"},{"data":"True Grit","floor":15.0,"key":"SMITH"},{"floor":23.0,"key":"REST"},{"floor":30.0,"key":"REST"},{"data":"Rampage","floor":32.0,"key":"SMITH"},{"data":"Shrug It Off","floor":40,"key":"SMITH"},{"data":"Flash of Steel","floor":44,"key":"SMITH"}],"neow_cost":"NONE","seed_source_timestamp":0,"circlet_count":0,"master_deck":["AscendersBane","Strike_R+1","Strike_R+1","Strike_R","Strike_R","Defend_R","Defend_R","Defend_R","Defend_R","Bash","Rampage+1","True Grit+1","Shrug It Off+1","Flash of Steel+1","Headbutt","True Grit+1","Headbutt","Fiend Fire"],"special_seed":0,"relics":["Burning Blood","Whetstone","Sundial","The Courier","Bag of Preparation","WarpedTongs","Pocketwatch","Ginger","Black Star","Pen Nib","Singing Bowl","Question Card","Anchor","Incense Burner","Ancient Tea Set","White Beast Statue","Omamori","Oddly Smooth Stone"],"potions_floor_usage":[42,45],"damage_taken":[{"damage":1.0,"enemies":"Small Slimes","floor":1.0,"turns":3.0},{"damage":0.0,"enemies":"Cultist","floor":2.0,"turns":2.0},{"damage":0.0,"enemies":"2 Louse","floor":4.0,"turns":3.0},{"damage":18.0,"enemies":"Lagavulin","floor":6.0,"turns":7.0},{"damage":11.0,"enemies":"Gremlin Nob","floor":11.0,"turns":3.0},{"damage":23.0,"enemies":"Lagavulin","floor":13.0,"turns":5.0},{"damage":4.0,"enemies":"Blue Slaver","floor":14.0,"turns":3.0},{"damage":33.0,"enemies":"Slime Boss","floor":16.0,"turns":7.0},{"damage":29.0,"enemies":"2 Thieves","floor":18.0,"turns":4.0},{"damage":3.0,"enemies":"Chosen","floor":21.0,"turns":3.0},{"damage":33.0,"enemies":"Sentry and Sphere","floor":22.0,"turns":4.0},{"damage":43.0,"enemies":"Gremlin Leader","floor":27.0,"turns":6.0},{"damage":2.0,"enemies":"Snecko","floor":28.0,"turns":4.0},{"damage":6.0,"enemies":"Slavers","floor":31.0,"turns":5.0},{"damage":22.0,"enemies":"Automaton","floor":33.0,"turns":8.0},{"damage":56,"enemies":"3 Darklings","floor":35,"turns":6},{"damage":14,"enemies":"Orb Walker","floor":37,"turns":4},{"damage":27,"enemies":"Transient","floor":42,"turns":5},{"damage":60,"enemies":"4 Shapes","floor":45,"turns":4}],"seed_played":"7025034207502199397","potions_obtained":[{"floor":1.0,"key":"Regen Potion"},{"floor":2.0,"key":"Poison Potion"},{"floor":3.0,"key":"EntropicBrew"},{"floor":3.0,"key":"Energy Potion"},{"floor":6.0,"key":"FearPotion"},{"floor":11.0,"key":"BloodPotion"},{"floor":22.0,"key":"FearPotion"},{"floor":28.0,"key":"Energy Potion"},{"floor":31.0,"key":"SteroidPotion"},{"floor":35,"key":"EssenceOfSteel"},{"floor":37,"key":"LiquidBronze"},{"floor":42,"key":"EssenceOfSteel"}],"is_trial":false,"path_per_floor":["M","M","?","M","$","E","?","?","T","?","E","R","E","M","R","B",null,"M","$","?","M","M","R","?","$","T","E","M","$","R","E","R","B",null,"M","?","M","?","?","R","$","M","T","R","M"],"character_chosen":"IRONCLAD","items_purchased":["Shrug It Off","Flash of Steel","Energy Potion","Energy Potion","SkillPotion","Dexterity Potion"],"campfire_rested":2,"item_purchase_floors":[5,5,19,19,29,41],"current_hp_per_floor":[77,80,80,80,80,68,61,80,80,80,75,75,58,60,60,33,68,53,53,53,56,29,53,53,53,53,18,24,24,49,51,51,37,75,27,79,73,73,73,73,73,54,54,54,0],"gold":48,"neow_bonus":"RANDOM_COMMON_RELIC","is_prod":false,"is_daily":false,"chose_seed":false,"campfire_upgraded":5,"win_rate":0,"timestamp":1546129405,"path_taken":["M","M","?","?","$","E","?","?","T","?","E","R","E","M","R","BOSS","M","?","?","M","M","R","?","?","T","E","?","$","R","E","R","BOSS","M","?","M","?","?","R","$","M","T","R","?"],"build_version":"2018-12-20","purchased_purges":3,"victory":false,"max_hp_per_floor":[80,80,80,80,80,80,80,80,80,80,80,80,80,80,80,80,80,80,80,80,80,80,80,80,80,80,82,84,84,84,86,86,88,88,90,79,81,77,77,77,77,79,79,79,79],"card_choices":[{"not_picked":["Shockwave","Sever Soul"],"picked":"Rampage","floor":1.0},{"not_picked":["Sentinel","Intimidate","Sword Boomerang"],"picked":"SKIP","floor":2.0},{"not_picked":["Pummel","Sword Boomerang"],"picked":"True Grit","floor":4.0},{"not_picked":["Havoc","Wild Strike"],"picked":"Headbutt","floor":6.0},{"not_picked":["Second Wind","Sword Boomerang","Warcry"],"picked":"SKIP","floor":11.0},{"not_picked":["Berserk","Wild Strike"],"picked":"True Grit","floor":13.0},{"not_picked":["Flex","Shrug It Off"],"picked":"Headbutt","floor":14.0},{"not_picked":["Juggernaut","Demon Form"],"picked":"Fiend Fire","floor":16.0},{"not_picked":["Evolve","Carnage+1","Cleave"],"picked":"SKIP","floor":18.0},{"not_picked":["Power Through","Iron Wave","Twin Strike"],"picked":"SKIP","floor":21.0},{"not_picked":["Power Through","Iron Wave","Twin Strike"],"picked":"SKIP","floor":21.0},{"not_picked":["Fire Breathing","Searing Blow","Wild Strike"],"picked":"SKIP","floor":22.0},{"not_picked":["Havoc","Whirlwind","Exhume"],"picked":"Singing Bowl","floor":27.0},{"not_picked":["Perfected Strike","Thunderclap","Headbutt","Body Slam"],"picked":"Singing Bowl","floor":28.0},{"not_picked":["Sword Boomerang","Intimidate","Twin Strike","Flex"],"picked":"Singing Bowl","floor":31.0},{"not_picked":["Exhume","Berserk","Barricade","Limit Break"],"picked":"Singing Bowl","floor":33.0},{"not_picked":["Iron Wave","True Grit","Shrug It Off","Spot Weakness"],"picked":"Singing Bowl","floor":35},{"not_picked":["Corruption","Hemokinesis","Whirlwind","Rupture+1"],"picked":"Singing Bowl","floor":37},{"not_picked":["Body Slam","Headbutt","Clothesline","Iron Wave+1"],"picked":"Singing Bowl","floor":42}],"player_experience":646632,"relics_obtained":[{"floor":6.0,"key":"Sundial"},{"floor":9.0,"key":"Bag of Preparation"},{"floor":11.0,"key":"Pocketwatch"},{"floor":13.0,"key":"Ginger"},{"floor":26.0,"key":"Singing Bowl"},{"floor":27.0,"key":"Question Card"},{"floor":27.0,"key":"Anchor"},{"floor":31.0,"key":"Incense Burner"},{"floor":31.0,"key":"Ancient Tea Set"},{"floor":43,"key":"Oddly Smooth Stone"}],"event_choices":[{"damage_healed":0.0,"max_hp_gain":0.0,"max_hp_loss":0.0,"gold_gain":0.0,"event_name":"Lab","player_choice":"Got Potions","floor":3.0,"gold_loss":0.0,"damage_taken":0.0},{"damage_healed":0.0,"max_hp_gain":0.0,"max_hp_loss":0.0,"gold_gain":0.0,"event_name":"Scrap Ooze","player_choice":"Success","floor":7.0,"gold_loss":0.0,"damage_taken":7.0,"relics_obtained":["The Courier"]},{"damage_healed":20.0,"max_hp_gain":0.0,"max_hp_loss":0.0,"gold_gain":0.0,"event_name":"The Cleric","player_choice":"Healed","floor":8.0,"gold_loss":35.0,"damage_taken":0.0},{"damage_healed":0.0,"max_hp_gain":0.0,"max_hp_loss":0.0,"gold_gain":0.0,"event_name":"Accursed Blacksmith","player_choice":"Rummage","floor":10.0,"gold_loss":0.0,"damage_taken":0.0,"relics_obtained":["WarpedTongs"],"cards_obtained":["Pain"]},{"damage_healed":0.0,"max_hp_gain":0.0,"max_hp_loss":0.0,"gold_gain":0.0,"event_name":"Vampires","player_choice":"Ignored","floor":20.0,"gold_loss":0.0,"damage_taken":0.0},{"damage_healed":0.0,"max_hp_gain":0.0,"max_hp_loss":0.0,"gold_gain":0.0,"event_name":"Addict","player_choice":"Stole Relic","floor":24.0,"gold_loss":0.0,"damage_taken":0.0,"relics_obtained":["Pen Nib"],"cards_obtained":["Shame"]},{"damage_healed":79,"gold_gain":0,"player_choice":"Heal","damage_taken":0,"max_hp_gain":0,"max_hp_loss":11,"event_name":"The Moai Head","floor":36,"gold_loss":0},{"damage_healed":0,"gold_gain":0,"player_choice":"Max HP","damage_taken":0,"max_hp_gain":0,"max_hp_loss":4,"event_name":"Winding Halls","floor":38,"gold_loss":0},{"damage_healed":0,"gold_gain":0,"player_choice":"Gave Potion","damage_taken":0,"relics_obtained":["Omamori"],"max_hp_gain":0,"max_hp_loss":0,"event_name":"WeMeetAgain","floor":39,"gold_loss":0}],"is_beta":false,"boss_relics":[{"not_picked":["Calling Bell","Coffee Dripper"],"picked":"Black Star"},{"not_picked":["Lizard Tail","Sozu"],"picked":"White Beast Statue"}],"items_purged_floors":[19,29,41],"is_endless":false,"potions_floor_spawned":[1,2,6,11,22,28,31,35,37,42],"killed_by":"4 Shapes","ascension_level":13}