{"gold_per_floor":[112,130,142,142,142,168,168,186,265,295,295,320,337,208,208,310,310,321,86,96,108,108,108,108],"floor_reached":24,"playtime":1321,"items_purged":["Strike_G"],"score":206,"play_id":"fbe17780-3f07-4ccd-a9df-a5f4d9dea221","local_time":"20180805114039","is_ascension_mode":false,"campfire_choices":[{"data":"Poisoned Stab","floor":7,"key":"SMITH"},{"data":"Bane","floor":11,"key":"SMITH"},{"floor":15,"key":"REST"},{"data":"Noxious Fumes","floor":23,"key":"SMITH"}],"neow_cost":"NONE","seed_source_timestamp":2113706253248535,"circlet_count":0,"master_deck":["Defend_G","Defend_G","Defend_G","Defend_G","Defend_G","Strike_G","Strike_G","Strike_G","Survivor","Neutralize","Bane","Bane+1","Well Laid Plans+1","Poisoned Stab+1","Noxious Fumes+1","Corpse Explosion","Deadly Poison","Envenom+1","Noxious Fumes+1","Deadly Poison"],"relics":["Ring of the Snake","Sundial","Frozen Egg 2","Vajra","Orichalcum","WristBlade","TwistedFunnel"],"potions_floor_usage":[24],"damage_taken":[{"damage":0,"enemies":"2 Louse","floor":1,"turns":4},{"damage":1,"enemies":"Cultist","floor":2,"turns":3},{"damage":0,"enemies":"Jaw Worm","floor":3,"turns":4},{"damage":18,"enemies":"3 Sentries","floor":6,"turns":11},{"damage":2,"enemies":"2 Fungi Beasts","floor":8,"turns":3},{"damage":24,"enemies":"Gremlin Nob","floor":10,"turns":4},{"damage":10,"enemies":"Lots of Slimes","floor":13,"turns":4},{"damage":8,"enemies":"Hexaghost","floor":16,"turns":8},{"damage":15,"enemies":"3 Byrds","floor":18,"turns":3},{"damage":20,"enemies":"2 Thieves","floor":20,"turns":4},{"damage":12,"enemies":"Snake Plant","floor":21,"turns":4},{"damage":49,"enemies":"Slavers","floor":24,"turns":3}],"seed_played":"3429187451088566606","potions_obtained":[{"floor":2,"key":"SteroidPotion"},{"floor":6,"key":"EssenceOfSteel"},{"floor":10,"key":"Energy Potion"}],"is_trial":false,"path_per_floor":["M","M","M","?","?","E","R","M","T","E","R","T","M","$","R","B",null,"M","$","M","M","?","R"],"character_chosen":"THE_SILENT","items_purchased":["Deadly Poison","Noxious Fumes+1","TwistedFunnel"],"campfire_rested":1,"item_purchase_floors":[14,19,19],"current_hp_per_floor":[70,69,69,70,70,52,52,50,50,26,26,26,16,16,37,29,70,55,55,35,23,46,46,0],"gold":108,"neow_bonus":"TRANSFORM_CARD","is_prod":false,"is_daily":false,"chose_seed":false,"campfire_upgraded":3,"win_rate":0.0,"timestamp":1533494439,"path_taken":["M","M","M","?","?","E","R","M","T","E","R","?","M","$","R","BOSS","M","$","M","M","?","R","E"],"build_version":"2018-08-02","purchased_purges":1,"victory":false,"max_hp_per_floor":[70,70,70,70,70,70,70,70,70,70,70,70,70,70,70,70,70,70,70,70,70,70,70,70],"card_choices":[{"not_picked":["Calculated Gamble","Quick Slash"],"picked":"Bane","floor":1},{"not_picked":["Quick Slash","Tactician"],"picked":"Well Laid Plans","floor":2},{"not_picked":["Outmaneuver","After Image","Backstab"],"picked":"SKIP","floor":3},{"not_picked":["Flechettes","Riddle With Holes"],"picked":"Poisoned Stab","floor":6},{"not_picked":["Slice","Poisoned Stab"],"picked":"Noxious Fumes","floor":8},{"not_picked":["Heel Hook","Flying Knee","Reflex"],"picked":"SKIP","floor":10},{"not_picked":["PiercingWail","Deflect"],"picked":"Corpse Explosion","floor":13},{"not_picked":["Doppelganger","Bullet Time"],"picked":"Envenom+1","floor":16},{"not_picked":["Blade Dance+1","Well Laid Plans+1","Acrobatics"],"picked":"SKIP","floor":18},{"not_picked":["Prepared+1","Cloak And Dagger+1","Deflect"],"picked":"SKIP","floor":20},{"not_picked":["Bouncing Flask","Finisher+1"],"picked":"Deadly Poison","floor":21}],"player_experience":41894,"relics_obtained":[{"floor":6,"key":"Sundial"},{"floor":9,"key":"Frozen Egg 2"},{"floor":10,"key":"Vajra"},{"floor":12,"key":"Orichalcum"}],"event_choices":[{"event_name":"Wheel of Change","player_choice":"Full Heal","floor":4,"damage_taken":0},{"event_name":"Accursed Blacksmith","player_choice":"Forge","floor":5,"damage_taken":0},{"event_name":"The Library","player_choice":"Heal","floor":22,"damage_taken":0}],"is_beta":false,"boss_relics":[{"not_picked":["Busted Crown","Fusion Hammer"],"picked":"WristBlade"}],"items_purged_floors":[14],"is_endless":false,"potions_floor_spawned":[2,6,10,20],"killed_by":"Slavers","ascension_level":0}