{"path_per_floor":["M","?","?","?","T","M","M","M","T","$","M","M","R","M","R","B",null,"M","M","?","M","M","R","M","M","T","M","R","?","$","?","R"],"character_chosen":"THE_SILENT","items_purchased":["Apotheosis","Panache"],"gold_per_floor":[118,118,118,118,195,219,244,267,291,13,38,56,56,77,77,201,201,217,241,166,186,210,210,234,258,258,278,278,278,99,99,99],"floor_reached":33,"campfire_rested":3,"playtime":3121,"current_hp_per_floor":[69,69,69,65,65,55,49,46,46,46,42,40,40,32,51,39,65,63,49,49,41,36,63,38,20,20,20,49,49,49,49,59],"items_purged":["Regret"],"gold":99,"play_id":"b65d282e-0aad-4742-9ef4-35ccbf11bf4d","is_prod":false,"is_daily":false,"campfire_rituals":0,"campfire_upgraded":2,"is_hardmode":false,"path_taken":["M","?","?","?","?","M","M","?","T","$","M","M","R","M","R","BOSS","M","M","?","M","M","R","M","M","T","M","R","?","$","?","R","BOSS"],"build_version":"2018-01-11-PROD2","purchased_purges":1,"victory":false,"master_deck":["Defend_G","Defend_G","Defend_G","Defend_G","Strike_G","Strike_G","Strike_G","Strike_G","Strike_G","Survivor","Neutralize","Poisoned Stab","Heel Hook","Prepared","Dagger Throw","Apotheosis","Sucker Punch","Backflip","All Out Attack","Adrenaline","Flying Knee","Malaise","Eviscerate","Distraction","Sucker Punch","Masterful Stab","Dagger Throw","Panache"],"max_hp_per_floor":[70,70,70,65,65,65,65,65,65,65,65,65,65,65,65,65,65,65,65,65,65,65,65,65,65,65,65,65,65,65,65,65],"relics":["Ring of the Snake","Bronze Scales","Golden Idol","Kunai","Orichalcum","Eternal Feather","Nloth\u0027s Gift"],"campfire_meditates":0,"card_choices":[{"not_picked":["Deflect","Heel Hook"],"picked":"Poisoned Stab"},{"not_picked":["Blur","Choke"],"picked":"Heel Hook"},{"not_picked":["Slice","Deflect"],"picked":"Prepared"},{"not_picked":["Dash","Prepared"],"picked":"Dagger Throw"},{"not_picked":["Well Laid Plans","Poisoned Stab"],"picked":"Sucker Punch"},{"not_picked":["Deflect","Footwork"],"picked":"Backflip"},{"not_picked":["Deflect","Predator"],"picked":"All Out Attack"},{"not_picked":["Night Terror","Die Die Die"],"picked":"Adrenaline"},{"not_picked":["Calculated Gamble","Flechettes"],"picked":"Flying Knee"},{"not_picked":["PiercingWail","Deflect"],"picked":"Malaise"},{"not_picked":["Dagger Throw","Deflect"],"picked":"Eviscerate"},{"not_picked":["Sucker Punch","Blur"],"picked":"Distraction"},{"not_picked":["Deflect","Eviscerate"],"picked":"Sucker Punch"},{"not_picked":["Night Terror","Backflip"],"picked":"Masterful Stab"},{"not_picked":["Dagger Spray","PiercingWail"],"picked":"Dagger Throw"}],"player_experience":4494,"potions_floor_usage":[27],"damage_taken":[{"damage":1,"enemies":"Cultist","floor":1,"turns":3},{"damage":10,"enemies":"Small Slimes","floor":6,"turns":4},{"damage":6,"enemies":"Jaw Worm","floor":7,"turns":3},{"damage":3,"enemies":"3 Louse","floor":8,"turns":4},{"damage":4,"enemies":"Lots of Slimes","floor":11,"turns":4},{"damage":2,"enemies":"Looter","floor":12,"turns":2},{"damage":8,"enemies":"Gremlin Gang","floor":14,"turns":3},{"damage":12,"enemies":"Hexaghost","floor":16,"turns":9},{"damage":2,"enemies":"Chosen","floor":18,"turns":4},{"damage":14,"enemies":"Spheric Guardian","floor":19,"turns":4},{"damage":8,"enemies":"Centurion and Healer","floor":21,"turns":5},{"damage":5,"enemies":"Chosen and Byrds","floor":22,"turns":6},{"damage":25,"enemies":"Sentry and Sphere","floor":24,"turns":6},{"damage":18,"enemies":"Slaver and Parasite","floor":25,"turns":5},{"damage":0,"enemies":"Centurion and Healer","floor":27,"turns":4},{"damage":77,"enemies":"Automaton","floor":33,"turns":12}],"event_choices":[{"event_name":"Big Fish","player_choice":"Box","floor":2,"damage_taken":0},{"event_name":"Living Wall","player_choice":"Grow","floor":3,"damage_taken":0},{"event_name":"Golden Idol","player_choice":"Lose Max HP","floor":4,"damage_taken":0},{"event_name":"Beggar","player_choice":"Gave Gold","floor":20,"damage_taken":0},{"event_name":"N\u0027loth","player_choice":"Traded a Matryoshka","floor":29,"damage_taken":0},{"event_name":"Drug Dealer","player_choice":"Ignored","floor":31,"damage_taken":0}],"boss_relics":[{"not_picked":["Lizard Tail","Runic Pyramid"],"picked":"Eternal Feather"}],"potions_floor_spawned":[6,7,11,16,19,22,27],"seed_played":"-5178787387117330599","killed_by":"Automaton","is_trial":false}