{"gold_per_floor":[116,116,67,81,156,156,169,169,169,202,7,27,43,55,55,160,160,174,186,82,182,230,261,275,275,275,287,287,302,302,312,312,312],"floor_reached":33,"playtime":3178,"items_purged":["Defend_R"],"score":282,"play_id":"fad993d2-cf0d-4345-af23-e3cb8b9d3fd5","local_time":"20190430215521","is_ascension_mode":true,"campfire_choices":[{"data":"Shrug It Off","floor":6,"key":"SMITH"},{"data":"Inflame","floor":8,"key":"SMITH"},{"data":"Iron Wave","floor":15,"key":"SMITH"},{"floor":25,"key":"REST"},{"floor":28,"key":"REST"},{"floor":32,"key":"REST"}],"neow_cost":"TEN_PERCENT_HP_LOSS","seed_source_timestamp":1633460357076100,"circlet_count":0,"master_deck":["Strike_R","Strike_R","Strike_R","Strike_R","Defend_R","Defend_R","Bash","Shrug It Off+1","Headbutt","Inflame+1","Cleave","Impervious","Iron Wave+1","Infernal Blade","Barricade","Flex","Flex+1","Feed"],"relics":["Burning Blood","Smiling Mask","Letter Opener","PreservedInsect","Oddly Smooth Stone","Runic Pyramid","Du-Vu Doll","Darkstone Periapt","Pen Nib","Juzu Bracelet","Mummified Hand"],"potions_floor_usage":[10,10,12,16,23,24,31,33],"damage_taken":[{"damage":5,"enemies":"Small Slimes","floor":1,"turns":3},{"damage":0,"enemies":"2 Louse","floor":4,"turns":4},{"damage":1,"enemies":"Jaw Worm","floor":7,"turns":4},{"damage":5,"enemies":"Gremlin Nob","floor":10,"turns":3},{"damage":4,"enemies":"Exordium Thugs","floor":12,"turns":3},{"damage":9,"enemies":"2 Fungi Beasts","floor":13,"turns":3},{"damage":0,"enemies":"Large Slime","floor":14,"turns":6},{"damage":40,"enemies":"Hexaghost","floor":16,"turns":9},{"damage":22,"enemies":"Shell Parasite","floor":18,"turns":9},{"damage":10,"enemies":"Spheric Guardian","floor":19,"turns":6},{"damage":11,"enemies":"Colosseum Slavers","floor":21,"turns":6},{"damage":20,"enemies":"Colosseum Nobs","floor":21,"turns":4},{"damage":31,"enemies":"Book of Stabbing","floor":23,"turns":7},{"damage":0,"enemies":"Centurion and Healer","floor":24,"turns":7},{"damage":0,"enemies":"Snecko","floor":27,"turns":5},{"damage":24,"enemies":"3 Cultists","floor":29,"turns":4},{"damage":4,"enemies":"Centurion and Healer","floor":31,"turns":7},{"damage":79,"enemies":"Collector","floor":33,"turns":6}],"seed_played":"-5460308905919107146","potions_obtained":[{"floor":4,"key":"AttackPotion"},{"floor":7,"key":"EssenceOfSteel"},{"floor":13,"key":"LiquidBronze"},{"floor":19,"key":"FearPotion"},{"floor":23,"key":"FearPotion"},{"floor":24,"key":"FearPotion"},{"floor":29,"key":"EssenceOfSteel"}],"is_trial":false,"path_per_floor":["M","?","$","M","?","R","M","R","T","E","$","M","M","M","R","B",null,"M","M","$","?","T","E","M","R","T","M","R","M","?","M","R","B"],"character_chosen":"IRONCLAD","items_purchased":["Shrug It Off","Oddly Smooth Stone","Fire Potion","Flex"],"campfire_rested":3,"item_purchase_floors":[3,11,11,20],"current_hp_per_floor":[72,69,69,72,61,61,66,66,66,67,67,69,66,72,72,38,72,56,52,52,33,33,8,14,35,35,41,62,44,44,46,67,0],"gold":312,"neow_bonus":"REMOVE_TWO","is_prod":false,"is_daily":false,"chose_seed":false,"campfire_upgraded":3,"win_rate":0,"timestamp":1556686521,"path_taken":["M","?","$","M","?","R","M","R","T","E","$","M","M","M","R","BOSS","M","M","$","?","?","E","M","R","T","M","R","M","?","M","R","BOSS"],"build_version":"2019-01-23","purchased_purges":1,"victory":false,"max_hp_per_floor":[72,72,72,72,72,72,72,72,72,72,72,72,72,72,72,72,72,72,72,72,72,72,72,72,72,72,72,72,72,72,72,72,72],"card_choices":[{"not_picked":["Twin Strike","Clash","True Grit"],"picked":"SKIP","floor":1},{"not_picked":["Heavy Blade","Combust"],"picked":"Headbutt","floor":4},{"not_picked":["Heavy Blade","Armaments"],"picked":"Inflame","floor":7},{"not_picked":["Power Through","Twin Strike"],"picked":"Cleave","floor":10},{"not_picked":["Body Slam","Shockwave"],"picked":"Impervious","floor":12},{"not_picked":["Sword Boomerang","Carnage"],"picked":"Iron Wave","floor":13},{"not_picked":["Headbutt","Twin Strike"],"picked":"Infernal Blade","floor":14},{"not_picked":["Juggernaut","Double Tap"],"picked":"Barricade","floor":16},{"not_picked":["Thunderclap","True Grit","Iron Wave"],"picked":"SKIP","floor":18},{"not_picked":["Sword Boomerang","Combust","Iron Wave"],"picked":"SKIP","floor":19},{"not_picked":["Clothesline","Heavy Blade+1","Cleave"],"picked":"SKIP","floor":23},{"not_picked":["Fire Breathing+1","Ghostly Armor"],"picked":"Flex+1","floor":24},{"not_picked":["Sword Boomerang","Combust","Sever Soul"],"picked":"SKIP","floor":27},{"not_picked":["Iron Wave","Burning Pact","Thunderclap"],"picked":"SKIP","floor":29},{"not_picked":["Body Slam+1","Twin Strike"],"picked":"Feed","floor":31}],"player_experience":424141,"relics_obtained":[{"floor":9,"key":"Letter Opener"},{"floor":10,"key":"PreservedInsect"},{"floor":21,"key":"Du-Vu Doll"},{"floor":21,"key":"Darkstone Periapt"},{"floor":22,"key":"Pen Nib"},{"floor":23,"key":"Juzu Bracelet"},{"floor":26,"key":"Mummified Hand"}],"event_choices":[{"damage_healed":0,"gold_gain":0,"player_choice":"Success","damage_taken":3,"relics_obtained":["Smiling Mask"],"max_hp_gain":0,"max_hp_loss":0,"event_name":"Scrap Ooze","floor":2,"gold_loss":0},{"damage_healed":0,"gold_gain":75,"player_choice":"Gather Gold","damage_taken":11,"max_hp_gain":0,"max_hp_loss":0,"event_name":"World of Goop","floor":5,"gold_loss":0},{"damage_healed":0,"gold_gain":0,"player_choice":"Fight","damage_taken":0,"max_hp_gain":0,"max_hp_loss":0,"event_name":"Colosseum","floor":21,"gold_loss":0},{"damage_healed":0,"gold_gain":0,"player_choice":"Fought Nobs","damage_taken":0,"max_hp_gain":0,"max_hp_loss":0,"event_name":"Colosseum","floor":21,"gold_loss":0},{"damage_healed":0,"gold_gain":0,"player_choice":"Ignored","damage_taken":0,"max_hp_gain":0,"max_hp_loss":0,"event_name":"Vampires","floor":30,"gold_loss":0}],"is_beta":false,"boss_relics":[{"not_picked":["Calling Bell","Coffee Dripper"],"picked":"Runic Pyramid"}],"items_purged_floors":[20],"is_endless":false,"potions_floor_spawned":[4,7,13,19,21,23,24,29],"killed_by":"Collector","ascension_level":1}