{"gold_per_floor":[111,36,47,47,57,57,82,82,107,126,145,145,163,196,196,196],"floor_reached":16,"playtime":1049,"items_purged":[],"score":218,"play_id":"4b16b98d-4506-4a21-8774-4201ab1d871a","local_time":"20190624194537","is_ascension_mode":true,"campfire_choices":[{"data":"Neutralize","floor":6,"key":"SMITH"},{"floor":8,"key":"REST"},{"floor":12,"key":"REST"},{"data":"Neutralize","floor":15,"key":"SMITH"}],"neow_cost":"NONE","seed_source_timestamp":359202762556655,"circlet_count":0,"master_deck":["AscendersBane","Defend_G","Defend_G","Defend_G","Defend_G","Defend_G","Strike_G","Strike_G","Strike_G","Strike_G","Survivor","Neutralize+1","Dagger Spray","Dagger Throw","Neutralize+1","Quick Slash","Poisoned Stab","Footwork","PiercingWail","Footwork"],"relics":["Ring of the Snake","Pen Nib","Vajra","Potion Belt"],"potions_floor_usage":[7,10,14,16,16],"damage_taken":[{"damage":0,"enemies":"Cultist","floor":1,"turns":4},{"damage":0,"enemies":"Jaw Worm","floor":3,"turns":5},{"damage":5,"enemies":"2 Louse","floor":5,"turns":4},{"damage":47,"enemies":"Lagavulin","floor":7,"turns":7},{"damage":17,"enemies":"Gremlin Gang","floor":10,"turns":3},{"damage":2,"enemies":"2 Fungi Beasts","floor":11,"turns":3},{"damage":13,"enemies":"Exordium Thugs","floor":13,"turns":5},{"damage":13,"enemies":"3 Sentries","floor":14,"turns":6},{"damage":12,"enemies":"Hexaghost","floor":16,"turns":14}],"seed_played":"3727485331226405017","potions_obtained":[{"floor":5,"key":"Poison Potion"},{"floor":7,"key":"EntropicBrew"},{"floor":11,"key":"SteroidPotion"},{"floor":14,"key":"EssenceOfSteel"}],"is_trial":false,"path_per_floor":["M","?","M","?","M","R","E","R","T","M","M","R","M","E","R","B"],"character_chosen":"THE_SILENT","items_purchased":[],"campfire_rested":2,"item_purchase_floors":[],"current_hp_per_floor":[65,65,65,65,60,60,13,34,34,17,15,36,23,10,10,0],"gold":196,"neow_bonus":"TEN_PERCENT_HP_BONUS","is_prod":false,"is_daily":false,"chose_seed":false,"campfire_upgraded":2,"win_rate":0,"timestamp":1561430737,"path_taken":["M","?","M","?","M","R","E","R","T","?","?","R","M","E","R","BOSS"],"build_version":"2019-01-23","purchased_purges":0,"victory":false,"max_hp_per_floor":[72,72,72,72,72,72,72,72,72,72,72,72,72,72,72,72],"card_choices":[{"not_picked":["Quick Slash","Blur"],"picked":"Dagger Spray","floor":1},{"not_picked":["Distraction","Concentrate"],"picked":"Dagger Throw","floor":3},{"not_picked":["Dodge and Roll","Bane"],"picked":"Quick Slash","floor":5},{"not_picked":["Flechettes","Backflip"],"picked":"Poisoned Stab","floor":7},{"not_picked":["Riddle With Holes","Underhanded Strike"],"picked":"Footwork","floor":10},{"not_picked":["Poisoned Stab","Prepared","Bane"],"picked":"SKIP","floor":11},{"not_picked":["Outmaneuver","Flying Knee"],"picked":"PiercingWail","floor":13},{"not_picked":["Calculated Gamble","Predator"],"picked":"Footwork","floor":14}],"player_experience":1318135,"relics_obtained":[{"floor":7,"key":"Pen Nib"},{"floor":9,"key":"Vajra"},{"floor":14,"key":"Potion Belt"}],"event_choices":[{"cards_removed":["Strike_G"],"damage_healed":0,"gold_gain":0,"player_choice":"Card Removal","damage_taken":0,"max_hp_gain":0,"max_hp_loss":0,"event_name":"The Cleric","floor":2,"gold_loss":75},{"damage_healed":0,"gold_gain":0,"player_choice":"1 cards matched","damage_taken":0,"max_hp_gain":0,"max_hp_loss":0,"event_name":"Match and Keep!","floor":4,"gold_loss":0,"cards_obtained":["Neutralize"]}],"is_beta":false,"boss_relics":[],"items_purged_floors":[],"is_endless":false,"potions_floor_spawned":[5,7,10,11,14],"killed_by":"Hexaghost","ascension_level":19}