{"gold_per_floor":[116,130,80,80,93,125,140,170,196,208,228,228,228,246,246,342,342,359,376,376,4,22,22,41,41,41,41,61,61],"floor_reached":29,"playtime":2681,"items_purged":[],"score":251,"play_id":"f747deb3-6a28-4db9-8670-34d71f1b5f72","local_time":"20190329135608","is_ascension_mode":true,"campfire_choices":[{"floor":13.0,"key":"REST"},{"data":"Searing Blow","floor":15.0,"key":"SMITH"},{"floor":23,"key":"REST"},{"floor":25,"key":"REST"},{"data":"Barricade","floor":27,"key":"SMITH"}],"neow_cost":"CURSE","seed_source_timestamp":0,"circlet_count":0,"master_deck":["Strike_R","Strike_R","Strike_R","Strike_R","Strike_R","Defend_R","Defend_R","Defend_R","Bash","Immolate","Heavy Blade","Intimidate","Searing Blow+1","Inflame","Barricade+1","Cleave","Ghostly Armor+1","Metallicize","Whirlwind","Rampage"],"special_seed":0,"relics":["Burning Blood","Unceasing Top","Strawberry","Happy Flower","Mark of Pain","Membership Card","Incense Burner","The Courier"],"potions_floor_usage":[16,16,16],"damage_taken":[{"damage":0.0,"enemies":"2 Louse","floor":1.0,"turns":2.0},{"damage":0.0,"enemies":"Small Slimes","floor":2.0,"turns":3.0},{"damage":1.0,"enemies":"Cultist","floor":5.0,"turns":4.0},{"damage":38.0,"enemies":"Lagavulin","floor":6.0,"turns":5.0},{"damage":20.0,"enemies":"Large Slime","floor":7.0,"turns":6.0},{"damage":22.0,"enemies":"3 Sentries","floor":8.0,"turns":4.0},{"damage":16.0,"enemies":"Red Slaver","floor":10.0,"turns":4.0},{"damage":5.0,"enemies":"Looter","floor":11.0,"turns":3.0},{"damage":7.0,"enemies":"Exordium Thugs","floor":14.0,"turns":2.0},{"damage":52,"enemies":"The Guardian","floor":16,"turns":10},{"damage":36,"enemies":"2 Thieves","floor":18,"turns":4},{"damage":5,"enemies":"Chosen","floor":19,"turns":4},{"damage":16,"enemies":"Centurion and Healer","floor":22,"turns":6},{"damage":25,"enemies":"Snake Plant","floor":24,"turns":6},{"damage":59,"enemies":"Shelled Parasite and Fungi","floor":28,"turns":5},{"damage":27,"enemies":"Chosen and Byrds","floor":29,"turns":6}],"seed_played":"4860234115924671607","potions_obtained":[{"floor":5.0,"key":"AttackPotion"},{"floor":7.0,"key":"Dexterity Potion"},{"floor":10.0,"key":"Ancient Potion"},{"floor":11.0,"key":"Ancient Potion"},{"floor":14.0,"key":"SpeedPotion"},{"floor":18,"key":"Dexterity Potion"},{"floor":19,"key":"Poison Potion"},{"floor":28,"key":"Strength Potion"}],"is_trial":false,"path_per_floor":["M","M","?","?","M","E","M","E","T","M","M","?","R","M","R","B",null,"M","M","?","$","M","R","M","R","T","R","M","M"],"character_chosen":"IRONCLAD","items_purchased":["Membership Card","Incense Burner","Metallicize"],"campfire_rested":3,"item_purchase_floors":[21,21,21],"current_hp_per_floor":[80,80,80,80,80,48,34,25,25,15,16,37,63,62,62,16,87,57,58,58,58,48,73,54,79,79,79,26,0],"gold":61,"neow_bonus":"THREE_RARE_CARDS","is_prod":false,"is_daily":false,"chose_seed":false,"campfire_upgraded":2,"win_rate":0,"timestamp":1553892968,"path_taken":["M","M","?","?","M","E","M","E","T","M","M","?","R","M","R","BOSS","M","M","?","$","M","R","?","R","T","R","M","M"],"build_version":"2019-01-23","purchased_purges":0,"victory":false,"max_hp_per_floor":[80,80,80,80,80,80,80,87,87,87,87,87,87,87,87,87,87,87,87,84,84,84,84,84,84,84,84,84,84],"card_choices":[{"not_picked":["Offering","Bludgeon"],"picked":"Immolate","floor":0.0},{"not_picked":["Warcry","Havoc","Clash"],"picked":"SKIP","floor":1.0},{"not_picked":["Anger","Clash","Body Slam"],"picked":"SKIP","floor":2.0},{"not_picked":["Combust","Twin Strike"],"picked":"Intimidate","floor":5.0},{"not_picked":["Heavy Blade","Combust"],"picked":"Searing Blow","floor":6.0},{"not_picked":["Anger","Shrug It Off","Clash"],"picked":"SKIP","floor":7.0},{"not_picked":["Body Slam","Wild Strike","Feel No Pain"],"picked":"SKIP","floor":8.0},{"not_picked":["Sword Boomerang","Immolate","Heavy Blade"],"picked":"SKIP","floor":10.0},{"not_picked":["Power Through","Disarm"],"picked":"Inflame","floor":11.0},{"not_picked":["Warcry","Power Through","Perfected Strike"],"picked":"SKIP","floor":14.0},{"not_picked":["Double Tap","Limit Break"],"picked":"Barricade","floor":16},{"not_picked":["Warcry","Armaments"],"picked":"Cleave","floor":18},{"not_picked":["Clothesline+1","Pummel"],"picked":"Ghostly Armor+1","floor":19},{"not_picked":["Armaments","Bloodletting+1"],"picked":"Whirlwind","floor":22},{"not_picked":["Heavy Blade","Headbutt"],"picked":"Rampage","floor":24},{"not_picked":["Whirlwind","Wild Strike","Pommel Strike"],"picked":"SKIP","floor":28}],"player_experience":387721,"relics_obtained":[{"floor":6.0,"key":"Unceasing Top"},{"floor":8.0,"key":"Strawberry"},{"floor":9.0,"key":"Happy Flower"},{"floor":26,"key":"The Courier"}],"event_choices":[{"cards_removed":["Normality"],"damage_healed":0.0,"max_hp_gain":0.0,"max_hp_loss":0.0,"gold_gain":0.0,"event_name":"The Cleric","player_choice":"Card Removal","floor":3.0,"gold_loss":50.0,"damage_taken":0.0},{"damage_healed":0.0,"max_hp_gain":0.0,"max_hp_loss":0.0,"gold_gain":0.0,"cards_transformed":["Defend_R"],"event_name":"Living Wall","player_choice":"Change","floor":4.0,"gold_loss":0.0,"damage_taken":0.0,"cards_obtained":["Heavy Blade"]},{"damage_healed":21.0,"max_hp_gain":0.0,"max_hp_loss":0.0,"gold_gain":0.0,"event_name":"Mushrooms","player_choice":"Healed and dodged fight","floor":12.0,"gold_loss":0.0,"damage_taken":0.0,"cards_obtained":["Parasite"]},{"cards_removed":["Parasite"],"damage_healed":0,"gold_gain":0,"player_choice":"Removed Curses","damage_taken":0,"max_hp_gain":0,"max_hp_loss":0,"event_name":"Fountain of Cleansing","floor":20,"gold_loss":0}],"is_beta":false,"boss_relics":[{"not_picked":["Fusion Hammer","Ectoplasm"],"picked":"Mark of Pain"}],"items_purged_floors":[],"is_endless":false,"potions_floor_spawned":[5,7,10,11,14,18,19,28],"killed_by":"Chosen and Byrds","ascension_level":1}