{"gold_per_floor":[111,129,129,143,155,181,181,181,181,49,49,49],"floor_reached":12,"playtime":493,"items_purged":[],"score":129,"play_id":"58ac4aec-fe0b-49de-9d10-fba00363215d","local_time":"20181229144703","is_ascension_mode":true,"campfire_choices":[{"data":"True Grit","floor":7,"key":"SMITH"}],"neow_cost":"NONE","seed_source_timestamp":253116420679813,"circlet_count":0,"master_deck":["AscendersBane","Strike_R","Strike_R","Strike_R","Strike_R","Defend_R","Defend_R","Defend_R","Defend_R","Bash","Dropkick","Thunderclap","True Grit+1","Disarm","Demon Form","Master of Strategy"],"relics":["Burning Blood","The Courier","Meat on the Bone","Lantern"],"potions_floor_usage":[6],"damage_taken":[{"damage":1,"enemies":"Cultist","floor":1,"turns":3},{"damage":2,"enemies":"Jaw Worm","floor":2,"turns":3},{"damage":4,"enemies":"Small Slimes","floor":4,"turns":2},{"damage":20,"enemies":"Exordium Wildlife","floor":5,"turns":5},{"damage":53,"enemies":"Lagavulin","floor":6,"turns":8},{"damage":3,"enemies":"Exordium Thugs","floor":12,"turns":2}],"seed_played":"7961622315297932962","potions_obtained":[{"floor":2,"key":"SpeedPotion"}],"is_trial":false,"path_per_floor":["M","M","T","M","M","E","R","?","T","$","?","M"],"character_chosen":"IRONCLAD","items_purchased":["Master of Strategy"],"campfire_rested":0,"item_purchase_floors":[10],"current_hp_per_floor":[77,80,80,80,66,19,19,19,19,19,19,16],"gold":49,"neow_bonus":"TRANSFORM_CARD","is_prod":false,"is_daily":false,"chose_seed":false,"campfire_upgraded":1,"win_rate":0,"timestamp":1546123623,"path_taken":["M","M","?","?","M","E","R","?","T","$","?","M"],"build_version":"2018-12-20","purchased_purges":0,"victory":false,"max_hp_per_floor":[80,80,80,80,80,80,80,80,80,80,80,80],"card_choices":[{"not_picked":["Sword Boomerang","Clothesline"],"picked":"Thunderclap","floor":1},{"not_picked":["Clash","Warcry","Anger"],"picked":"SKIP","floor":2},{"not_picked":["Blood for Blood","Searing Blow"],"picked":"True Grit","floor":4},{"not_picked":["True Grit","Clash"],"picked":"Disarm","floor":5},{"not_picked":["Iron Wave","Wild Strike"],"picked":"Demon Form","floor":6}],"player_experience":644184,"relics_obtained":[{"floor":3,"key":"The Courier"},{"floor":6,"key":"Meat on the Bone"},{"floor":9,"key":"Lantern"}],"event_choices":[{"damage_healed":0,"gold_gain":0,"player_choice":"Ignored","damage_taken":0,"max_hp_gain":0,"max_hp_loss":0,"event_name":"Golden Wing","floor":8,"gold_loss":0},{"damage_healed":0,"gold_gain":0,"player_choice":"Searched \u00270\u0027 times","damage_taken":0,"max_hp_gain":0,"max_hp_loss":0,"event_name":"Dead Adventurer","floor":11,"gold_loss":0}],"is_beta":false,"boss_relics":[],"items_purged_floors":[],"is_endless":false,"potions_floor_spawned":[2],"killed_by":"Exordium Thugs","ascension_level":13}