{"gold_per_floor":[113,12,31,49,49,49,49,49,74,103,50,62,97,107,107,186,186,205,304,322,322,334,334,369,369],"floor_reached":25,"playtime":2843,"items_purged":[],"score":422,"play_id":"164236af-abe7-47a8-90bf-d85775074e73","local_time":"20190621180109","is_ascension_mode":true,"campfire_choices":[{"data":"Consume","floor":6,"key":"SMITH"},{"data":"Dualcast","floor":8,"key":"SMITH"},{"data":"Defragment","floor":15,"key":"SMITH"},{"floor":23,"key":"REST"}],"neow_cost":"NONE","seed_source_timestamp":90568573663490,"circlet_count":0,"master_deck":["AscendersBane","Strike_B","Strike_B","Strike_B","Defend_B","Defend_B","Defend_B","Defend_B","Zap","Dualcast+1","Consume+1","Coolheaded","Compile Driver","Cold Snap","Defragment+1","Hologram","Glacier","Ball Lightning","Hologram","Electrodynamics","Darkness+1","Undo","Decay","Glacier+1","Storm"],"relics":["Cracked Core","NeowsBlessing","Calipers","Blood Vial","Bird Faced Urn","Strawberry","Inserter","Ginger"],"potions_floor_usage":[13,16,16],"damage_taken":[{"damage":0,"enemies":"Cultist","floor":1,"turns":1},{"damage":0,"enemies":"Small Slimes","floor":3,"turns":1},{"damage":0,"enemies":"Jaw Worm","floor":4,"turns":1},{"damage":5,"enemies":"3 Sentries","floor":10,"turns":14},{"damage":1,"enemies":"2 Fungi Beasts","floor":12,"turns":4},{"damage":0,"enemies":"Lagavulin","floor":13,"turns":13},{"damage":0,"enemies":"Blue Slaver","floor":14,"turns":5},{"damage":60,"enemies":"Hexaghost","floor":16,"turns":19},{"damage":18,"enemies":"Chosen","floor":18,"turns":7},{"damage":39,"enemies":"2 Thieves","floor":20,"turns":3},{"damage":11,"enemies":"Shelled Parasite and Fungi","floor":22,"turns":10},{"damage":21,"enemies":"Book of Stabbing","floor":24,"turns":8},{"damage":32,"enemies":"3 Cultists","floor":25,"turns":3}],"seed_played":"-1133031484758467732","potions_obtained":[{"floor":10,"key":"SkillPotion"},{"floor":13,"key":"Swift Potion"},{"floor":22,"key":"SteroidPotion"},{"floor":24,"key":"Fire Potion"}],"is_trial":false,"path_per_floor":["M","$","M","M","?","R","?","R","T","E","$","M","E","M","R","B",null,"M","?","M","?","M","R","E","M"],"character_chosen":"DEFECT","items_purchased":["Coolheaded","Regen Potion","Hologram"],"campfire_rested":1,"item_purchase_floors":[2,2,11],"current_hp_per_floor":[68,68,68,68,61,61,58,58,58,55,55,58,69,73,73,26,68,52,52,19,19,14,38,21,0],"gold":369,"neow_bonus":"THREE_ENEMY_KILL","is_prod":false,"is_daily":false,"chose_seed":false,"campfire_upgraded":3,"win_rate":0,"timestamp":1561165269,"path_taken":["M","$","M","?","?","R","?","R","T","E","?","M","E","M","R","BOSS","M","?","M","?","M","R","E","M"],"build_version":"2019-01-23","purchased_purges":0,"victory":false,"max_hp_per_floor":[75,75,75,75,75,75,75,75,75,75,75,75,82,82,82,82,82,82,82,82,82,82,82,82,82],"card_choices":[{"not_picked":["Steam","Redo"],"picked":"Consume","floor":1},{"not_picked":["Conserve Battery","Leap"],"picked":"Compile Driver","floor":3},{"not_picked":["Tempest","Heatsinks"],"picked":"Cold Snap","floor":4},{"not_picked":["Gash","Beam Cell"],"picked":"Defragment","floor":10},{"not_picked":["Rebound","Beam Cell"],"picked":"Glacier","floor":12},{"not_picked":["Creative AI","Steam"],"picked":"Ball Lightning","floor":13},{"not_picked":["Redo","Compile Driver"],"picked":"Hologram","floor":14},{"not_picked":["Amplify","Thunder Strike"],"picked":"Electrodynamics","floor":16},{"not_picked":["Streamline","Compile Driver"],"picked":"Darkness+1","floor":18},{"not_picked":["Compile Driver","Reprogram"],"picked":"Undo","floor":20},{"not_picked":["Barrage","Auto Shields+1"],"picked":"Glacier+1","floor":22},{"not_picked":["Gash","Hello World"],"picked":"Storm","floor":24}],"player_experience":1299362,"relics_obtained":[{"floor":9,"key":"Blood Vial"},{"floor":10,"key":"Bird Faced Urn"},{"floor":13,"key":"Strawberry"},{"floor":24,"key":"Ginger"}],"event_choices":[{"cards_removed":["Strike_B"],"damage_healed":0,"gold_gain":0,"player_choice":"Card Removal","damage_taken":7,"max_hp_gain":0,"max_hp_loss":0,"event_name":"Golden Wing","floor":5,"gold_loss":0},{"damage_healed":0,"gold_gain":0,"player_choice":"Success","damage_taken":3,"relics_obtained":["Calipers"],"max_hp_gain":0,"max_hp_loss":0,"event_name":"Scrap Ooze","floor":7,"gold_loss":0},{"damage_healed":0,"gold_gain":99,"player_choice":"Stole From Cult","damage_taken":0,"max_hp_gain":0,"max_hp_loss":0,"event_name":"Nest","floor":19,"gold_loss":0},{"damage_healed":0,"gold_gain":0,"player_choice":"Smashed Altar","damage_taken":0,"max_hp_gain":0,"max_hp_loss":0,"event_name":"Forgotten Altar","floor":21,"gold_loss":0,"cards_obtained":["Decay"]}],"is_beta":false,"boss_relics":[{"not_picked":["Cursed Key","Tiny House"],"picked":"Inserter"}],"items_purged_floors":[],"is_endless":false,"potions_floor_spawned":[10,12,13,22,24],"killed_by":"3 Cultists","ascension_level":13}