{"gold_per_floor":[113,63,63,63,75,75,101,101,151,163,182,182,209,241,253,360,372,397,427,439,451,475,487,499],"floor_reached":24,"playtime":1306,"items_purged":[],"score":223,"play_id":"3819e0da-9fc0-4304-927e-ad6ad5f9661c","local_time":"20180804155934","is_ascension_mode":false,"campfire_choices":[{"data":"Infinite Blades","floor":6,"key":"SMITH"},{"data":"Deadly Poison","floor":8,"key":"SMITH"},{"floor":15,"key":"REST"},{"floor":23,"key":"REST"}],"neow_cost":"","seed_source_timestamp":2042855518422757,"circlet_count":0,"master_deck":["Defend_G","Defend_G","Defend_G","Defend_G","Defend_G","Strike_G","Strike_G+1","Strike_G","Strike_G+1","Survivor","Neutralize","Infinite Blades+1","Deadly Poison+1","Flechettes","Phantasmal Killer","Envenom","Deadly Poison","Finisher","Backflip","Crippling Poison","Infinite Blades","Blade Dance+1","Bouncing Flask+1"],"relics":["Ring of the Snake","Question Card","Whetstone","MawBank","Orrery","Pear"],"potions_floor_usage":[7,16,18,22],"damage_taken":[{"damage":1,"enemies":"Cultist","floor":1,"turns":4},{"damage":10,"enemies":"2 Louse","floor":5,"turns":3},{"damage":24,"enemies":"Gremlin Nob","floor":7,"turns":6},{"damage":0,"enemies":"Small Slimes","floor":10,"turns":3},{"damage":6,"enemies":"Blue Slaver","floor":11,"turns":3},{"damage":0,"enemies":"Looter","floor":13,"turns":2},{"damage":6,"enemies":"Large Slime","floor":14,"turns":5},{"damage":24,"enemies":"Hexaghost","floor":16,"turns":9},{"damage":32,"enemies":"2 Thieves","floor":18,"turns":5},{"damage":22,"enemies":"Shell Parasite","floor":19,"turns":6},{"damage":22,"enemies":"Snecko","floor":22,"turns":4},{"damage":54,"enemies":"Gremlin Leader","floor":24,"turns":6}],"seed_played":"-603668006083834539","potions_obtained":[{"floor":5,"key":"EssenceOfSteel"},{"floor":7,"key":"FearPotion"},{"floor":10,"key":"Weak Potion"},{"floor":14,"key":"Energy Potion"},{"floor":16,"key":"Block Potion"},{"floor":18,"key":"Regen Potion"}],"is_trial":false,"path_per_floor":["M","?","?","$","M","R","E","R","T","M","M","?","M","M","R","B",null,"M","M","?","T","M","R"],"character_chosen":"THE_SILENT","items_purchased":[],"campfire_rested":2,"item_purchase_floors":[],"current_hp_per_floor":[69,69,74,74,64,64,40,40,40,40,34,16,16,10,32,8,75,43,21,21,31,21,46,0],"gold":499,"neow_bonus":"","is_prod":false,"is_daily":false,"chose_seed":false,"campfire_upgraded":2,"win_rate":0.0,"timestamp":1533423574,"path_taken":["M","?","?","$","M","R","E","R","T","M","M","?","M","?","R","BOSS","M","M","?","?","M","R","E"],"build_version":"2018-08-02","purchased_purges":0,"victory":false,"max_hp_per_floor":[70,70,75,75,75,75,75,75,75,75,75,75,75,75,75,75,75,75,75,75,85,85,85,85],"card_choices":[{"not_picked":["Acrobatics","Tactician"],"picked":"Infinite Blades","floor":1},{"not_picked":["Tactician","Outmaneuver","Deflect"],"picked":"SKIP","floor":5},{"not_picked":["Dodge and Roll","Slice"],"picked":"Deadly Poison","floor":7},{"not_picked":["Blur","Dagger Spray","Heel Hook"],"picked":"Flechettes","floor":10},{"not_picked":["Sucker Punch","Crippling Poison","Caltrops","Dagger Throw"],"picked":"SKIP","floor":11},{"not_picked":["Prepared","Acrobatics","Flying Knee","Endless Agony"],"picked":"SKIP","floor":13},{"not_picked":["Riddle With Holes","Outmaneuver","Dagger Throw"],"picked":"Phantasmal Killer","floor":14},{"not_picked":["Tools of the Trade","Phantasmal Killer","Wraith Form v2"],"picked":"Envenom","floor":16},{"not_picked":["Bane","Cloak And Dagger","PiercingWail"],"picked":"Deadly Poison","floor":17},{"not_picked":["Eviscerate","Dash","Flying Knee"],"picked":"Finisher","floor":17},{"not_picked":["Deflect","Dodge and Roll","PiercingWail"],"picked":"Backflip","floor":17},{"not_picked":["Reflex","Cloak And Dagger","Sucker Punch"],"picked":"Crippling Poison","floor":17},{"not_picked":["Blur","Sucker Punch","Dagger Throw"],"picked":"Infinite Blades","floor":17},{"not_picked":["Dodge and Roll","Night Terror","Dagger Spray"],"picked":"Blade Dance+1","floor":18},{"not_picked":["Outmaneuver","Flying Knee","Sucker Punch"],"picked":"Bouncing Flask+1","floor":19},{"not_picked":["Heel Hook","Acrobatics","Bullet Time","Sucker Punch"],"picked":"SKIP","floor":22}],"player_experience":39017,"relics_obtained":[{"floor":7,"key":"Question Card"},{"floor":9,"key":"Whetstone"},{"floor":21,"key":"Pear"}],"event_choices":[{"event_name":"The Cleric","player_choice":"Card Removal","floor":2,"damage_taken":0},{"event_name":"Big Fish","player_choice":"Donut","floor":3,"damage_taken":0},{"event_name":"Scrap Ooze","player_choice":"success","floor":12,"damage_taken":18},{"event_name":"Ghosts","player_choice":"Ignored","floor":20,"damage_taken":0}],"is_beta":false,"boss_relics":[{"not_picked":["Calling Bell","HoveringKite"],"picked":"Orrery"}],"items_purged_floors":[],"is_endless":false,"potions_floor_spawned":[5,7,10,14,16,18,19],"killed_by":"Gremlin Leader","ascension_level":0}