{"gold_per_floor":[114,74,1,15,34,34,48,66,115,115,142,161,161,12,12,108,108,127,127,127,144,156,191,191,191,191,191,191,220,247,278,290,407,419,448,505,477,26,42,77,77,102,102,130,148,164,178,194,194,194],"floor_reached":50,"playtime":7035,"items_purged":[],"score":614,"play_id":"cfadfc33-fb71-4f14-8e68-1405ae1cbf8b","local_time":"20190505123552","is_ascension_mode":false,"campfire_choices":[{"data":"Perfected Strike","floor":6,"key":"SMITH"},{"floor":10,"key":"REST"},{"data":"Clothesline","floor":13,"key":"SMITH"},{"data":"Sever Soul","floor":15,"key":"SMITH"},{"floor":27,"key":"REST"},{"floor":32,"key":"REST"},{"data":"Armaments","floor":41,"key":"SMITH"},{"floor":49,"key":"REST"}],"neow_cost":"NONE","seed_source_timestamp":305249091724845,"circlet_count":0,"master_deck":["Strike_R","Strike_R","Strike_R+1","Strike_R","Strike_R","Defend_R","Defend_R","Defend_R","Defend_R","Berserk","Perfected Strike+1","Perfected Strike+1","Armaments","Power Through","Armaments+1","Sever Soul+1","Inflame","Clothesline+1","Reaper","Rampage","RitualDagger+1","Armaments+1","Perfected Strike+1","Necronomicurse","Ghostly Armor","Second Wind","Cleave+1","Barricade","Sever Soul+1","Fire Breathing","Sever Soul","Shrug It Off+1","Perfected Strike","Metallicize+1"],"relics":["Burning Blood","Strawberry","Whetstone","Velvet Choker","Darkstone Periapt","Necronomicon","Pear","PreservedInsect","MawBank","Busted Crown","Magic Flower","Pantograph","Happy Flower","Sundial","Meat on the Bone","Toxic Egg 2"],"potions_floor_usage":[16,16,16,23,33,36,36,42,42,42],"damage_taken":[{"damage":21,"enemies":"Jaw Worm","floor":1,"turns":4},{"damage":6,"enemies":"Cultist","floor":4,"turns":3},{"damage":4,"enemies":"2 Louse","floor":5,"turns":3},{"damage":20,"enemies":"Exordium Thugs","floor":7,"turns":7},{"damage":6,"enemies":"Large Slime","floor":8,"turns":9},{"damage":9,"enemies":"The Mushroom Lair","floor":11,"turns":4},{"damage":18,"enemies":"Blue Slaver","floor":12,"turns":3},{"damage":5,"enemies":"Slime Boss","floor":16,"turns":12},{"damage":11,"enemies":"Shell Parasite","floor":18,"turns":4},{"damage":17,"enemies":"Spheric Guardian","floor":21,"turns":4},{"damage":1,"enemies":"Snecko","floor":22,"turns":4},{"damage":52,"enemies":"Slavers","floor":23,"turns":6},{"damage":18,"enemies":"Book of Stabbing","floor":29,"turns":3},{"damage":0,"enemies":"Centurion and Healer","floor":30,"turns":4},{"damage":50,"enemies":"3 Cultists","floor":31,"turns":5},{"damage":76,"enemies":"Champ","floor":33,"turns":9},{"damage":13,"enemies":"3 Shapes","floor":35,"turns":3},{"damage":58,"enemies":"2 Orb Walkers","floor":36,"turns":5},{"damage":0,"enemies":"Orb Walker","floor":39,"turns":2},{"damage":8,"enemies":"Nemesis","floor":40,"turns":5},{"damage":9,"enemies":"Reptomancer","floor":42,"turns":3},{"damage":15,"enemies":"Giant Head","floor":44,"turns":6},{"damage":25,"enemies":"3 Darklings","floor":45,"turns":4},{"damage":23,"enemies":"Spire Growth","floor":46,"turns":4},{"damage":39,"enemies":"4 Shapes","floor":47,"turns":3},{"damage":18,"enemies":"Jaw Worm Horde","floor":48,"turns":3},{"damage":139,"enemies":"Awakened One","floor":50,"turns":9}],"seed_played":"243412357389514781","potions_obtained":[{"floor":2,"key":"Fire Potion"},{"floor":2,"key":"AttackPotion"},{"floor":2,"key":"Fire Potion"},{"floor":4,"key":"Dexterity Potion"},{"floor":5,"key":"Dexterity Potion"},{"floor":22,"key":"Regen Potion"},{"floor":23,"key":"AttackPotion"},{"floor":33,"key":"Ancient Potion"},{"floor":35,"key":"SteroidPotion"},{"floor":40,"key":"SpeedPotion"},{"floor":44,"key":"Fire Potion"},{"floor":46,"key":"Ancient Potion"},{"floor":47,"key":"AttackPotion"}],"is_trial":false,"path_per_floor":["M","?","$","M","M","R","M","M","T","R","?","M","R","$","R","B",null,"M","?","$","M","M","E","?","T","T","R","$","E","M","M","R","B",null,"M","?","?","$","M","E","R","E","T","E","M","M","M","M","R","B"],"character_chosen":"IRONCLAD","items_purchased":["Perfected Strike","Armaments","Whetstone","Pantograph","Fire Breathing","EssenceOfSteel","Strength Potion"],"campfire_rested":4,"item_purchase_floors":[3,3,14,38,38,38,38],"current_hp_per_floor":[65,65,65,65,67,67,53,53,60,86,83,71,71,71,71,72,87,87,81,81,70,81,56,46,56,56,86,86,82,96,59,89,27,103,96,63,63,63,72,91,91,91,91,103,87,73,74,65,95,0],"gold":194,"neow_bonus":"TRANSFORM_CARD","is_prod":false,"is_daily":false,"chose_seed":false,"campfire_upgraded":4,"win_rate":0.0,"timestamp":1557077752,"path_taken":["M","?","$","M","?","R","M","M","T","R","?","M","R","$","R","BOSS","M","?","$","M","M","E","?","?","T","R","$","E","M","M","R","BOSS","M","?","?","$","M","E","R","E","T","E","M","M","?","M","R","BOSS"],"build_version":"2019-01-23","purchased_purges":0,"victory":false,"max_hp_per_floor":[80,80,80,80,80,80,80,80,87,87,87,87,87,87,87,87,87,87,87,87,87,87,87,93,103,103,103,103,103,103,103,103,103,103,103,103,103,103,103,103,103,103,103,103,103,103,103,103,103,103],"card_choices":[{"not_picked":["Clothesline","Rage"],"picked":"Perfected Strike","floor":1},{"not_picked":["Burning Pact","Flex","Headbutt"],"picked":"SKIP","floor":4},{"not_picked":["Flex","True Grit"],"picked":"Power Through","floor":5},{"not_picked":["Thunderclap","Pommel Strike"],"picked":"Armaments","floor":7},{"not_picked":["Shrug It Off","Dual Wield"],"picked":"Sever Soul","floor":8},{"not_picked":["Reckless Charge","Dropkick"],"picked":"Inflame","floor":11},{"not_picked":["Entrench","Disarm"],"picked":"Clothesline","floor":12},{"not_picked":["Fiend Fire","Dark Embrace"],"picked":"Reaper","floor":16},{"not_picked":["Headbutt","Thunderclap"],"picked":"Rampage","floor":18},{"not_picked":["Hemokinesis","Iron Wave+1"],"picked":"Armaments+1","floor":21},{"not_picked":["Shrug It Off","True Grit+1"],"picked":"Perfected Strike+1","floor":22},{"not_picked":["Sword Boomerang","Brutality","Bloodletting"],"picked":"SKIP","floor":23},{"not_picked":["Pommel Strike","Clothesline"],"picked":"Ghostly Armor","floor":29},{"not_picked":["Flex","Warcry+1"],"picked":"Second Wind","floor":30},{"not_picked":["Iron Wave+1","Thunderclap"],"picked":"Cleave+1","floor":31},{"not_picked":["Dark Embrace","Juggernaut"],"picked":"Barricade","floor":33},{"not_picked":[],"picked":"Sever Soul+1","floor":35},{"not_picked":["Iron Wave"],"picked":"SKIP","floor":39},{"not_picked":[],"picked":"Sever Soul","floor":40},{"not_picked":["Warcry"],"picked":"SKIP","floor":42},{"not_picked":[],"picked":"Shrug It Off","floor":44},{"not_picked":["Iron Wave+1"],"picked":"SKIP","floor":45},{"not_picked":["Anger+1"],"picked":"SKIP","floor":46},{"not_picked":[],"picked":"Perfected Strike","floor":47},{"not_picked":[],"picked":"Metallicize+1","floor":48}],"player_experience":7237,"relics_obtained":[{"floor":9,"key":"Strawberry"},{"floor":23,"key":"Darkstone Periapt"},{"floor":24,"key":"Necronomicon"},{"floor":25,"key":"Pear"},{"floor":26,"key":"PreservedInsect"},{"floor":29,"key":"MawBank"},{"floor":36,"key":"Magic Flower"},{"floor":40,"key":"Happy Flower"},{"floor":42,"key":"Sundial"},{"floor":43,"key":"Meat on the Bone"},{"floor":44,"key":"Toxic Egg 2"}],"event_choices":[{"damage_healed":0,"gold_gain":0,"player_choice":"Bought 3 Potions","damage_taken":0,"max_hp_gain":0,"max_hp_loss":0,"event_name":"The Woman in Blue","floor":2,"gold_loss":0},{"damage_healed":0,"gold_gain":0,"player_choice":"Fought Mushrooms","damage_taken":0,"max_hp_gain":0,"max_hp_loss":0,"event_name":"Mushrooms","floor":11,"gold_loss":0},{"damage_healed":0,"gold_gain":0,"player_choice":"Joined the Cult","damage_taken":6,"max_hp_gain":0,"max_hp_loss":0,"event_name":"Nest","floor":19,"gold_loss":0,"cards_obtained":["RitualDagger"]},{"damage_healed":0,"gold_gain":0,"player_choice":"Obtained Book","damage_taken":16,"max_hp_gain":0,"max_hp_loss":0,"event_name":"Cursed Tome","floor":24,"gold_loss":0},{"damage_healed":0,"gold_gain":0,"player_choice":"Fight","damage_taken":0,"max_hp_gain":0,"max_hp_loss":0,"event_name":"Mysterious Sphere","floor":36,"gold_loss":0},{"damage_healed":0,"gold_gain":0,"player_choice":"Upgrade","damage_taken":0,"max_hp_gain":0,"max_hp_loss":0,"event_name":"Designer","floor":37,"gold_loss":40,"cards_upgraded":["RitualDagger"]}],"is_beta":false,"boss_relics":[{"not_picked":["Lizard Tail","Coffee Dripper"],"picked":"Velvet Choker"},{"not_picked":["Runic Dome","Runic Cube"],"picked":"Busted Crown"}],"items_purged_floors":[],"is_endless":false,"potions_floor_spawned":[4,5,12,22,23,33,35,40,44,46,47,48],"killed_by":"Awakened One","ascension_level":0}