{"gold_per_floor":[110,110,110,126,141,141,159,159,159,173,173,186,224,237,237,362,362,383,193,213,232,232,232,232,246,302,325,325],"floor_reached":28,"playtime":1536,"items_purged":[],"score":224,"play_id":"f492ac84-c2ef-4d8f-b8aa-51ae5b0c4420","local_time":"20190708125440","is_ascension_mode":false,"campfire_choices":[{"data":"Sweeping Beam","floor":6,"key":"SMITH"},{"data":"Lockon","floor":8,"key":"SMITH"},{"data":"Leap","floor":11,"key":"SMITH"},{"floor":15,"key":"REST"},{"data":"Capacitor","floor":23,"key":"SMITH"}],"neow_cost":"TEN_PERCENT_HP_LOSS","seed_source_timestamp":1746583276751461,"circlet_count":0,"master_deck":["Strike_B","Strike_B","Strike_B","Strike_B","Defend_B","Defend_B","Defend_B","Defend_B","Zap","Dualcast","Lockon+1","Sweeping Beam+1","Leap+1","Ball Lightning","Self Repair","Electrodynamics","Doom and Gloom","Capacitor+1","Rebound"],"relics":["Cracked Core","Nunchaku","Golden Idol","Pear","Gremlin Horn","Runic Pyramid","Strawberry","Blood Vial","Tiny Chest"],"potions_floor_usage":[13,13,16,16,28,28],"damage_taken":[{"damage":1,"enemies":"Jaw Worm","floor":1,"turns":3},{"damage":0,"enemies":"Small Slimes","floor":4,"turns":2},{"damage":1,"enemies":"Cultist","floor":5,"turns":3},{"damage":9,"enemies":"Blue Slaver","floor":7,"turns":3},{"damage":11,"enemies":"Exordium Thugs","floor":10,"turns":4},{"damage":15,"enemies":"Large Slime","floor":12,"turns":4},{"damage":13,"enemies":"Gremlin Nob","floor":13,"turns":4},{"damage":0,"enemies":"Looter","floor":14,"turns":2},{"damage":17,"enemies":"The Guardian","floor":16,"turns":8},{"damage":17,"enemies":"Spheric Guardian","floor":18,"turns":4},{"damage":10,"enemies":"Chosen","floor":20,"turns":4},{"damage":33,"enemies":"3 Cultists","floor":21,"turns":4},{"damage":35,"enemies":"Cultist and Chosen","floor":25,"turns":5},{"damage":6,"enemies":"Centurion and Healer","floor":27,"turns":6},{"damage":27,"enemies":"Slavers","floor":28,"turns":1}],"seed_played":"-8121871932138265383","potions_obtained":[{"floor":1,"key":"SpeedPotion"},{"floor":7,"key":"LiquidBronze"},{"floor":12,"key":"Energy Potion"},{"floor":14,"key":"Dexterity Potion"},{"floor":21,"key":"Explosive Potion"},{"floor":27,"key":"Poison Potion"}],"is_trial":false,"path_per_floor":["M","?","?","M","M","R","M","R","T","M","R","M","E","M","R","B",null,"M","$","M","M","?","R","?","M","T","M","E"],"character_chosen":"DEFECT","items_purchased":["Strawberry","Doom and Gloom"],"campfire_rested":1,"item_purchase_floors":[19,19],"current_hp_per_floor":[67,67,67,67,66,66,57,57,67,56,56,41,28,28,51,41,78,68,75,72,46,46,46,46,20,20,23,0],"gold":325,"neow_bonus":"ONE_RARE_RELIC","is_prod":false,"is_daily":false,"chose_seed":false,"campfire_upgraded":4,"win_rate":0,"timestamp":1562608480,"path_taken":["M","?","?","M","M","R","M","R","T","M","R","M","E","M","R","BOSS","M","$","M","M","?","R","?","M","T","?","E"],"build_version":"2019-07-05","purchased_purges":0,"victory":false,"max_hp_per_floor":[68,68,68,68,68,68,68,68,78,78,78,78,78,78,78,78,78,78,85,85,85,85,85,85,85,85,85,85],"card_choices":[{"not_picked":["Rip and Tear","Fusion","Go for the Eyes"],"picked":"SKIP","floor":1},{"not_picked":["Go for the Eyes","Chaos"],"picked":"Lockon","floor":4},{"not_picked":["Go for the Eyes","Cold Snap"],"picked":"Sweeping Beam","floor":5},{"not_picked":["Genetic Algorithm","Hologram","Stack"],"picked":"SKIP","floor":7},{"not_picked":["Lockon","Redo"],"picked":"Leap","floor":10},{"not_picked":["Double Energy","Rebound","Hologram"],"picked":"SKIP","floor":12},{"not_picked":["Fusion","Sweeping Beam"],"picked":"Ball Lightning","floor":13},{"not_picked":["BootSequence","Aggregate"],"picked":"Self Repair","floor":14},{"not_picked":["Creative AI","Biased Cognition"],"picked":"Electrodynamics","floor":16},{"not_picked":["Sunder","Stack","Streamline"],"picked":"SKIP","floor":18},{"not_picked":["Redo","Glacier+1"],"picked":"Capacitor","floor":20},{"not_picked":["Beam Cell","Seek","Steam"],"picked":"SKIP","floor":21},{"not_picked":["Go for the Eyes","Coolheaded","Hologram"],"picked":"SKIP","floor":25},{"not_picked":["Rip and Tear","Steam"],"picked":"Rebound","floor":27}],"player_experience":280418,"relics_obtained":[{"floor":9,"key":"Pear"},{"floor":13,"key":"Gremlin Horn"},{"floor":26,"key":"Tiny Chest"}],"event_choices":[{"damage_healed":0,"gold_gain":0,"player_choice":"Take Wound","damage_taken":0,"relics_obtained":["Golden Idol"],"max_hp_gain":0,"max_hp_loss":0,"event_name":"Golden Idol","floor":2,"gold_loss":0,"cards_obtained":["Injury"]},{"cards_removed":["Injury"],"damage_healed":0,"gold_gain":0,"player_choice":"Purged","damage_taken":0,"max_hp_gain":0,"max_hp_loss":0,"event_name":"Purifier","floor":3,"gold_loss":0},{"damage_healed":0,"gold_gain":0,"player_choice":"Opened","damage_taken":0,"relics_obtained":["Blood Vial"],"max_hp_gain":0,"max_hp_loss":0,"event_name":"The Mausoleum","floor":22,"gold_loss":0},{"damage_healed":0,"gold_gain":0,"player_choice":"Ignored","damage_taken":0,"max_hp_gain":0,"max_hp_loss":0,"event_name":"Vampires","floor":24,"gold_loss":0}],"is_beta":false,"boss_relics":[{"not_picked":["Ectoplasm","Fusion Hammer"],"picked":"Runic Pyramid"}],"items_purged_floors":[],"is_endless":false,"potions_floor_spawned":[1,7,12,14,21,27],"killed_by":"Slavers","ascension_level":0}