{"gold_per_floor":[113,128,138,154,154,154,180,180,180,196,225,225,150,184,184,184],"floor_reached":16,"playtime":721,"items_purged":["Strike_R"],"score":126,"play_id":"f0fc72a9-6e22-4c78-9d7b-db849cb0b8f9","local_time":"20190707233244","is_ascension_mode":true,"campfire_choices":[{"data":"Bash","floor":6,"key":"SMITH"},{"floor":8,"key":"REST"},{"floor":15,"key":"REST"}],"neow_cost":"NONE","seed_source_timestamp":220538454407544,"circlet_count":0,"master_deck":["Strike_R","Strike_R","Strike_R","Strike_R","Defend_R","Defend_R","Defend_R","Defend_R","Bash+1","Cleave","Shockwave+1","Body Slam","Body Slam","Flame Barrier","Pommel Strike"],"relics":["Burning Blood","NeowsBlessing","Ornamental Fan","Gremlin Horn","Kunai"],"potions_floor_usage":[11,14,16,16],"damage_taken":[{"damage":0,"enemies":"Small Slimes","floor":1,"turns":1},{"damage":0,"enemies":"2 Louse","floor":2,"turns":1},{"damage":0,"enemies":"Cultist","floor":3,"turns":1},{"damage":10,"enemies":"3 Louse","floor":4,"turns":2},{"damage":52,"enemies":"Lagavulin","floor":7,"turns":7},{"damage":14,"enemies":"Exordium Wildlife","floor":10,"turns":4},{"damage":10,"enemies":"Gremlin Nob","floor":11,"turns":4},{"damage":37,"enemies":"Lagavulin","floor":14,"turns":7},{"damage":38,"enemies":"The Guardian","floor":16,"turns":12}],"seed_played":"678756299054535","potions_obtained":[{"floor":3,"key":"SpeedPotion"},{"floor":10,"key":"Dexterity Potion"},{"floor":11,"key":"GamblersBrew"},{"floor":14,"key":"SpeedPotion"}],"is_trial":false,"path_per_floor":["M","M","M","M","?","R","E","R","T","M","E","?","$","E","R","B"],"character_chosen":"IRONCLAD","items_purchased":[],"campfire_rested":2,"item_purchase_floors":[],"current_hp_per_floor":[80,80,80,76,76,76,30,54,54,46,42,42,42,11,35,0],"gold":184,"neow_bonus":"THREE_ENEMY_KILL","is_prod":false,"is_daily":false,"chose_seed":false,"campfire_upgraded":1,"win_rate":0,"timestamp":1562556764,"path_taken":["M","M","M","M","?","R","E","R","T","M","E","?","$","E","R","BOSS"],"build_version":"2019-07-05","purchased_purges":1,"victory":false,"max_hp_per_floor":[80,80,80,80,80,80,80,80,80,80,80,80,80,80,80,80],"card_choices":[{"not_picked":["Clash","Fire Breathing","Sword Boomerang"],"picked":"SKIP","floor":1},{"not_picked":["Wild Strike","Anger"],"picked":"Cleave","floor":2},{"not_picked":["Infernal Blade","Pummel"],"picked":"Shockwave","floor":3},{"not_picked":["Sever Soul","Power Through","Burning Pact"],"picked":"SKIP","floor":4},{"not_picked":["Pummel","Impervious"],"picked":"Body Slam","floor":7},{"not_picked":["Wild Strike","Clothesline","Clash"],"picked":"SKIP","floor":10},{"not_picked":["Sentinel","Searing Blow"],"picked":"Body Slam","floor":11},{"not_picked":["Flex","Rupture"],"picked":"Pommel Strike","floor":14}],"player_experience":201509,"relics_obtained":[{"floor":7,"key":"Ornamental Fan"},{"floor":11,"key":"Gremlin Horn"},{"floor":14,"key":"Kunai"}],"event_choices":[{"damage_healed":0,"gold_gain":0,"player_choice":"Grow","damage_taken":0,"max_hp_gain":0,"max_hp_loss":0,"event_name":"Living Wall","floor":5,"gold_loss":0,"cards_upgraded":["Shockwave"]},{"damage_healed":0,"gold_gain":0,"player_choice":"1 cards matched","damage_taken":0,"max_hp_gain":0,"max_hp_loss":0,"event_name":"Match and Keep!","floor":12,"gold_loss":0,"cards_obtained":["Flame Barrier"]}],"is_beta":false,"boss_relics":[],"items_purged_floors":[13],"is_endless":false,"potions_floor_spawned":[3,10,11,14],"killed_by":"The Guardian","ascension_level":1}