{"gold_per_floor":[111,33,43,43,43,77,89,46,46,75,75,88,88,118,118,118],"floor_reached":16,"playtime":953,"items_purged":[],"score":150,"play_id":"2c1be5f5-85b4-44be-8e0a-0071fd64eefa","local_time":"20190711235107","is_ascension_mode":true,"campfire_choices":[{"floor":11,"key":"RECALL"},{"data":"Searing Blow","floor":13,"key":"SMITH"},{"data":"Searing Blow+1","floor":15,"key":"SMITH"}],"neow_cost":"NONE","seed_source_timestamp":0,"circlet_count":0,"master_deck":["Strike_R","Strike_R","Strike_R","Strike_R","Strike_R","Defend_R","Defend_R","Defend_R","Defend_R","Bash","Armaments","Uppercut","Twin Strike","Inflame","Searing Blow+2","Impervious+1","Dual Wield+1"],"special_seed":0,"relics":["Burning Blood","NeowsBlessing","Peace Pipe","Toxic Egg 2","Matryoshka","Bag of Preparation"],"potions_floor_usage":[14,14,16],"damage_taken":[{"damage":0.0,"enemies":"Small Slimes","floor":1.0,"turns":1.0},{"damage":0,"enemies":"2 Louse","floor":3,"turns":1},{"damage":0,"enemies":"Gremlin Nob","floor":6,"turns":1},{"damage":3,"enemies":"Jaw Worm","floor":7,"turns":4},{"damage":45,"enemies":"Lagavulin","floor":10,"turns":7},{"damage":19,"enemies":"Large Slime","floor":12,"turns":7},{"damage":13,"enemies":"3 Sentries","floor":14,"turns":6},{"damage":21,"enemies":"Hexaghost","floor":16,"turns":9}],"seed_played":"7603354464233458957","potions_obtained":[{"floor":3,"key":"Energy Potion"},{"floor":6,"key":"Energy Potion"},{"floor":10,"key":"SteroidPotion"}],"is_trial":false,"path_per_floor":["M","$","M","?","?","E","M","?","T","E","R","M","R","E","R","B"],"character_chosen":"IRONCLAD","items_purchased":["Uppercut"],"campfire_rested":0,"item_purchase_floors":[2],"current_hp_per_floor":[80,80,80,80,80,80,80,80,80,41,41,28,28,21,21,0],"gold":118,"neow_bonus":"THREE_ENEMY_KILL","is_prod":false,"is_daily":false,"chose_seed":false,"campfire_upgraded":2,"win_rate":0,"timestamp":1562856667,"path_taken":["M","$","M","?","?","E","?","?","T","E","R","M","R","E","R","BOSS"],"build_version":"2019-07-05","purchased_purges":0,"victory":false,"max_hp_per_floor":[80,80,80,80,80,80,80,80,80,80,80,80,80,80,80,80],"card_choices":[{"not_picked":["Thunderclap","Iron Wave"],"picked":"Armaments","floor":1.0},{"not_picked":["Cleave","Clash"],"picked":"Twin Strike","floor":3},{"not_picked":["Headbutt","Thunderclap"],"picked":"Inflame","floor":6},{"not_picked":["Whirlwind","Headbutt"],"picked":"Searing Blow","floor":7},{"not_picked":["Iron Wave","Warcry+1"],"picked":"Impervious+1","floor":10},{"not_picked":["Heavy Blade","Wild Strike","Evolve"],"picked":"SKIP","floor":12},{"not_picked":["Reaper","Pommel Strike"],"picked":"Dual Wield+1","floor":14}],"player_experience":111481,"relics_obtained":[{"floor":6,"key":"Peace Pipe"},{"floor":9,"key":"Toxic Egg 2"},{"floor":10,"key":"Matryoshka"},{"floor":14,"key":"Bag of Preparation"}],"event_choices":[{"damage_healed":0,"gold_gain":0,"player_choice":"Ignored","damage_taken":0,"max_hp_gain":0,"max_hp_loss":0,"event_name":"Liars Game","floor":4,"gold_loss":0},{"damage_healed":0,"gold_gain":0,"player_choice":"Leave","damage_taken":0,"max_hp_gain":0,"max_hp_loss":0,"event_name":"The Cleric","floor":5,"gold_loss":0},{"damage_healed":0,"gold_gain":0,"player_choice":"Left Gold","damage_taken":0,"max_hp_gain":0,"max_hp_loss":0,"event_name":"World of Goop","floor":8,"gold_loss":43}],"is_beta":false,"boss_relics":[],"items_purged_floors":[],"is_endless":false,"potions_floor_spawned":[3,6,10],"killed_by":"Hexaghost","ascension_level":1}