{"gold_per_floor":[111,122,141,44,59,88,163,163,163,25,25,44,44,44,44,145,145,155,70,70,70],"floor_reached":21,"playtime":5529,"items_purged":[],"score":177,"play_id":"56ed4abd-89fd-447a-a9c2-7eb44bd714f6","local_time":"20190505095342","is_ascension_mode":false,"campfire_choices":[{"data":"Second Wind","floor":8,"key":"SMITH"},{"floor":13,"key":"REST"},{"floor":15,"key":"REST"}],"neow_cost":"","seed_source_timestamp":0,"circlet_count":0,"master_deck":["Strike_R","Strike_R","Strike_R","Strike_R","Strike_R","Defend_R","Defend_R","Defend_R","Defend_R","Clash","Second Wind+1","True Grit","True Grit","Feel No Pain","Thunderclap","Demon Form","Shrug It Off","Rampage","Warcry","Corruption","Reckless Charge","Double Tap","Anger"],"special_seed":0,"relics":["Burning Blood","Bottled Lightning","Pear","Vajra","Lizard Tail","Happy Flower"],"potions_floor_usage":[16,16],"damage_taken":[{"damage":12.0,"enemies":"Cultist","floor":1.0,"turns":6.0},{"damage":3.0,"enemies":"Small Slimes","floor":2.0,"turns":3.0},{"damage":1.0,"enemies":"Jaw Worm","floor":3.0,"turns":3.0},{"damage":10.0,"enemies":"2 Fungi Beasts","floor":5.0,"turns":6.0},{"damage":30,"enemies":"Lagavulin","floor":6,"turns":9},{"damage":19,"enemies":"3 Louse","floor":12,"turns":5},{"damage":49,"enemies":"The Guardian","floor":16,"turns":9},{"damage":8,"enemies":"Chosen","floor":18,"turns":7},{"damage":28,"enemies":"Colosseum Slavers","floor":21,"turns":7},{"damage":151,"enemies":"Colosseum Nobs","floor":21,"turns":8}],"seed_played":"-6355380216964369275","potions_obtained":[{"floor":3.0,"key":"AttackPotion"},{"floor":6,"key":"Weak Potion"}],"is_trial":false,"path_per_floor":["M","M","M","$","M","E","?","R","T","$","?","M","R","T","R","B",null,"M","?","$","?"],"character_chosen":"IRONCLAD","items_purchased":["True Grit","Feel No Pain","Shrug It Off","Rampage","Warcry"],"campfire_rested":2,"item_purchase_floors":[4,4,10,10,10],"current_hp_per_floor":[74,77,80,80,76,52,41,41,51,51,51,38,65,65,90,47,90,88,88,88,0],"gold":70,"neow_bonus":"","is_prod":false,"is_daily":false,"chose_seed":false,"campfire_upgraded":1,"win_rate":0.0,"timestamp":1557068022,"path_taken":["M","M","?","$","M","E","?","R","T","$","?","?","R","?","R","BOSS","M","?","$","?"],"build_version":"2019-01-23","purchased_purges":0,"victory":false,"max_hp_per_floor":[80,80,80,80,80,80,80,80,90,90,90,90,90,90,90,90,90,90,90,90,90],"card_choices":[{"not_picked":["Clothesline","Sword Boomerang"],"picked":"Clash","floor":1.0},{"not_picked":["Clothesline","Fire Breathing"],"picked":"Second Wind","floor":2.0},{"not_picked":["Searing Blow","Flex"],"picked":"True Grit","floor":3.0},{"not_picked":["Iron Wave","Clothesline"],"picked":"Thunderclap","floor":5},{"not_picked":["Ghostly Armor","Seeing Red"],"picked":"Demon Form","floor":6},{"not_picked":["True Grit","Thunderclap"],"picked":"Reckless Charge","floor":12},{"not_picked":["Juggernaut","Demon Form"],"picked":"Double Tap","floor":16},{"not_picked":["Sword Boomerang","Twin Strike"],"picked":"Anger","floor":18}],"player_experience":0,"relics_obtained":[{"floor":6,"key":"Bottled Lightning"},{"floor":9,"key":"Pear"},{"floor":14,"key":"Vajra"}],"event_choices":[{"damage_healed":0,"gold_gain":75,"player_choice":"Gather Gold","damage_taken":11,"max_hp_gain":0,"max_hp_loss":0,"event_name":"World of Goop","floor":7,"gold_loss":0},{"damage_healed":0,"gold_gain":0,"cards_transformed":["Bash"],"player_choice":"Transformed","damage_taken":0,"max_hp_gain":0,"max_hp_loss":0,"event_name":"Transmorgrifier","floor":11,"gold_loss":0,"cards_obtained":["Corruption"]},{"damage_healed":0,"gold_gain":0,"player_choice":"Obtained Relic","damage_taken":0,"relics_obtained":["Happy Flower"],"max_hp_gain":0,"max_hp_loss":0,"event_name":"Addict","floor":19,"gold_loss":85},{"damage_healed":0,"gold_gain":0,"player_choice":"Fight","damage_taken":0,"max_hp_gain":0,"max_hp_loss":0,"event_name":"Colosseum","floor":21,"gold_loss":0},{"damage_healed":0,"gold_gain":0,"player_choice":"Fought Nobs","damage_taken":0,"max_hp_gain":0,"max_hp_loss":0,"event_name":"Colosseum","floor":21,"gold_loss":0}],"is_beta":false,"boss_relics":[{"not_picked":["Fusion Hammer","Mark of Pain"],"picked":"Lizard Tail"}],"items_purged_floors":[],"is_endless":false,"potions_floor_spawned":[3,6],"killed_by":"Colosseum Nobs","ascension_level":0}