{"gold_per_floor":[113,193,217,149,224,224,249,261,261,261,274,308,324,224,224,320,320,335,365,365,12,28,58,76,93,93,104,139,139,170,183,183,282,282,298,310,310,327,97,122,168,199,251,251,351,351,75,91,91,91],"floor_reached":51,"playtime":3373,"items_purged":["Strike_R","Strike_R"],"score":1083,"play_id":"f3922e3c-f395-45ec-adc9-535ecaec4171","local_time":"20190711201337","is_ascension_mode":true,"campfire_choices":[{"data":"Metallicize","floor":6,"key":"SMITH"},{"data":"1","floor":10,"key":"LIFT"},{"data":"Armaments","floor":15,"key":"SMITH"},{"data":"2","floor":32,"key":"LIFT"},{"data":"3","floor":44,"key":"LIFT"},{"data":"Body Slam","floor":49,"key":"SMITH"}],"neow_cost":"NONE","seed_source_timestamp":1966036371178141,"circlet_count":0,"master_deck":["Strike_R","Strike_R","Defend_R+1","Defend_R","Defend_R","Bash","Bludgeon","Pommel Strike","Metallicize+1","Clothesline","Armaments+1","Cleave","Clash","Clash","Feed","Infernal Blade","Exhume","True Grit","Feel No Pain+1","Havoc+1","Disarm","Pommel Strike+1","Flame Barrier+1","Intimidate+1","Barricade+1","Body Slam+1","Impervious","Uppercut+1","Body Slam+1","Shrug It Off","Inflame+1","Havoc+1","Clumsy","Disarm+1","Decay","Metallicize+1","Dual Wield+1"],"relics":["Burning Blood","Potion Belt","Girya","Juzu Bracelet","War Paint","Matryoshka","Coffee Dripper","Red Mask","Frozen Egg 2","Pen Nib","Self Forming Clay","StoneCalendar","Letter Opener","Question Card","Cursed Key","Vajra","Gambling Chip","Singing Bowl","Centennial Puzzle","Oddly Smooth Stone","Du-Vu Doll","Calipers","Lantern"],"potions_floor_usage":[12,23,41,41],"damage_taken":[{"damage":6,"enemies":"2 Louse","floor":1,"turns":2},{"damage":27,"enemies":"Lagavulin","floor":7,"turns":6},{"damage":8,"enemies":"Jaw Worm","floor":8,"turns":4},{"damage":0,"enemies":"Small Slimes","floor":11,"turns":2},{"damage":17,"enemies":"3 Sentries","floor":12,"turns":6},{"damage":20,"enemies":"Exordium Thugs","floor":13,"turns":5},{"damage":28,"enemies":"The Guardian","floor":16,"turns":10},{"damage":14,"enemies":"3 Byrds","floor":18,"turns":5},{"damage":4,"enemies":"Masked Bandits","floor":19,"turns":3},{"damage":6,"enemies":"Shell Parasite","floor":22,"turns":6},{"damage":19,"enemies":"Book of Stabbing","floor":23,"turns":6},{"damage":4,"enemies":"Centurion and Healer","floor":24,"turns":6},{"damage":0,"enemies":"Shelled Parasite and Fungi","floor":25,"turns":5},{"damage":16,"enemies":"Snake Plant","floor":27,"turns":5},{"damage":19,"enemies":"Slavers","floor":28,"turns":4},{"damage":8,"enemies":"Book of Stabbing","floor":30,"turns":6},{"damage":0,"enemies":"3 Cultists","floor":31,"turns":5},{"damage":11,"enemies":"Champ","floor":33,"turns":10},{"damage":3,"enemies":"Orb Walker","floor":35,"turns":2},{"damage":8,"enemies":"3 Shapes","floor":36,"turns":3},{"damage":4,"enemies":"Spire Growth","floor":38,"turns":5},{"damage":0,"enemies":"Giant Head","floor":40,"turns":9},{"damage":62,"enemies":"2 Orb Walkers","floor":41,"turns":7},{"damage":0,"enemies":"Reptomancer","floor":42,"turns":5},{"damage":0,"enemies":"Mind Bloom Boss Battle","floor":45,"turns":6},{"damage":7,"enemies":"4 Shapes","floor":48,"turns":6},{"damage":16,"enemies":"Donu and Deca","floor":50,"turns":9}],"seed_played":"-5090700869874291795","potions_obtained":[{"floor":1,"key":"AttackPotion"},{"floor":16,"key":"EssenceOfSteel"},{"floor":19,"key":"Explosive Potion"},{"floor":22,"key":"Fire Potion"},{"floor":27,"key":"Explosive Potion"},{"floor":28,"key":"SmokeBomb"},{"floor":33,"key":"Ancient Potion"},{"floor":40,"key":"Energy Potion"},{"floor":41,"key":"Weak Potion"},{"floor":42,"key":"Block Potion"}],"is_trial":false,"path_per_floor":["M","?","T","$","?","R","E","M","T","R","M","E","M","?","R","B",null,"M","?","?","$","M","E","M","M","T","M","E","?","E","M","R","B",null,"M","M","?","M","$","E","?","E","T","R","?","T","$","M","R","B",null],"character_chosen":"IRONCLAD","items_purchased":["Metallicize","Frozen Egg 2","Feel No Pain+1","Shrug It Off","Inflame+1","Metallicize+1","Lantern","Block Potion"],"campfire_rested":0,"item_purchase_floors":[4,21,21,39,39,47,47,47],"current_hp_per_floor":[80,80,80,80,72,72,51,49,49,49,55,44,30,30,30,8,80,72,77,77,77,77,67,73,83,83,73,63,63,65,74,74,69,104,104,105,105,107,107,107,51,59,59,59,65,65,65,67,67,57],"gold":91,"neow_bonus":"ONE_RANDOM_RARE_CARD","is_prod":false,"is_daily":false,"chose_seed":false,"campfire_upgraded":3,"win_rate":0,"timestamp":1562901217,"path_taken":["M","?","?","$","?","R","E","?","T","R","M","E","M","?","R","BOSS","M","?","?","$","M","E","M","M","T","M","E","?","E","M","R","BOSS","M","M","?","M","$","E","?","E","T","R","?","?","$","M","R","BOSS"],"build_version":"2019-07-05","purchased_purges":2,"victory":true,"max_hp_per_floor":[80,80,80,80,80,80,80,80,80,80,80,80,80,80,80,80,80,80,83,83,83,83,86,90,94,94,94,97,97,101,104,104,104,104,104,107,107,107,107,107,107,109,109,109,109,109,109,112,112,112],"card_choices":[{"not_picked":["Rampage","Heavy Blade"],"picked":"Pommel Strike","floor":1},{"not_picked":["Body Slam","True Grit"],"picked":"Clothesline","floor":7},{"not_picked":["Rampage","Second Wind"],"picked":"Armaments","floor":8},{"not_picked":["Sever Soul","Pommel Strike"],"picked":"Cleave","floor":11},{"not_picked":["Sentinel","Body Slam"],"picked":"Clash","floor":12},{"not_picked":["Iron Wave","Heavy Blade"],"picked":"Clash","floor":13},{"not_picked":["Brutality","Juggernaut"],"picked":"Feed","floor":16},{"not_picked":["Twin Strike","Havoc"],"picked":"Infernal Blade","floor":18},{"not_picked":["Rage","Impervious"],"picked":"Havoc+1","floor":22},{"not_picked":["Armaments","Twin Strike+1","Carnage"],"picked":"SKIP","floor":23},{"not_picked":["Iron Wave","Thunderclap"],"picked":"Disarm","floor":24},{"not_picked":["Clothesline","Anger"],"picked":"Pommel Strike+1","floor":25},{"not_picked":["Power Through","Searing Blow+1"],"picked":"Flame Barrier+1","floor":27},{"not_picked":["Infernal Blade","Blood for Blood+1"],"picked":"Intimidate+1","floor":28},{"not_picked":["Heavy Blade","Combust+1"],"picked":"Barricade+1","floor":30},{"not_picked":["Iron Wave","Twin Strike","Sword Boomerang+1"],"picked":"Body Slam","floor":31},{"not_picked":["Demon Form+1","Double Tap","Immolate"],"picked":"Impervious","floor":33},{"not_picked":["Reckless Charge","Infernal Blade+1","Havoc+1"],"picked":"Uppercut+1","floor":35},{"not_picked":["Power Through","Evolve+1","Intimidate+1"],"picked":"Body Slam+1","floor":36},{"not_picked":["Pommel Strike","Anger+1","Dropkick+1","Armaments+1"],"picked":"SKIP","floor":38},{"not_picked":["Clothesline+1","Armaments","Seeing Red+1"],"picked":"Havoc+1","floor":40},{"not_picked":["Intimidate","Body Slam","Wild Strike","Hemokinesis+1"],"picked":"Singing Bowl","floor":42},{"not_picked":["Flex+1","Inflame+1","Pommel Strike"],"picked":"Disarm+1","floor":45},{"not_picked":["Battle Trance+1","Blood for Blood+1","Havoc"],"picked":"Dual Wield+1","floor":48}],"player_experience":270603,"relics_obtained":[{"floor":3,"key":"Potion Belt"},{"floor":7,"key":"Girya"},{"floor":9,"key":"Juzu Bracelet"},{"floor":12,"key":"War Paint"},{"floor":19,"key":"Red Mask"},{"floor":23,"key":"Pen Nib"},{"floor":26,"key":"Self Forming Clay"},{"floor":26,"key":"StoneCalendar"},{"floor":28,"key":"Letter Opener"},{"floor":30,"key":"Question Card"},{"floor":40,"key":"Vajra"},{"floor":41,"key":"Gambling Chip"},{"floor":42,"key":"Singing Bowl"},{"floor":43,"key":"Centennial Puzzle"},{"floor":43,"key":"Oddly Smooth Stone"},{"floor":45,"key":"Du-Vu Doll"},{"floor":46,"key":"Calipers"}],"event_choices":[{"damage_healed":0,"gold_gain":80,"player_choice":"Gained Gold","damage_taken":0,"max_hp_gain":0,"max_hp_loss":0,"event_name":"Golden Wing","floor":2,"gold_loss":0},{"damage_healed":0,"gold_gain":75,"player_choice":"Touch","damage_taken":8,"max_hp_gain":0,"max_hp_loss":0,"event_name":"FaceTrader","floor":5,"gold_loss":0},{"damage_healed":0,"gold_gain":0,"player_choice":"Paid Gold","damage_taken":0,"relics_obtained":["Matryoshka"],"max_hp_gain":0,"max_hp_loss":0,"event_name":"WeMeetAgain","floor":14,"gold_loss":100},{"damage_healed":0,"gold_gain":0,"player_choice":"Fought Bandits","damage_taken":0,"max_hp_gain":0,"max_hp_loss":0,"event_name":"Masked Bandits","floor":19,"gold_loss":0},{"damage_healed":0,"gold_gain":0,"player_choice":"2 cards matched","damage_taken":0,"max_hp_gain":0,"max_hp_loss":0,"event_name":"Match and Keep!","floor":20,"gold_loss":0,"cards_obtained":["Exhume","True Grit"]},{"cards_removed":["Strike_R"],"damage_healed":0,"gold_gain":0,"player_choice":"Card Removal","damage_taken":0,"max_hp_gain":0,"max_hp_loss":0,"event_name":"Wheel of Change","floor":29,"gold_loss":0},{"cards_removed":["Defend_R"],"damage_healed":0,"gold_gain":0,"player_choice":"Removed Skill","damage_taken":0,"max_hp_gain":0,"max_hp_loss":0,"event_name":"Falling","floor":37,"gold_loss":0},{"damage_healed":0,"gold_gain":0,"player_choice":"Fight","damage_taken":0,"max_hp_gain":0,"max_hp_loss":0,"event_name":"Mysterious Sphere","floor":41,"gold_loss":0},{"damage_healed":0,"gold_gain":0,"player_choice":"Fight","damage_taken":0,"max_hp_gain":0,"max_hp_loss":0,"event_name":"MindBloom","floor":45,"gold_loss":0}],"is_beta":false,"boss_relics":[{"not_picked":["Runic Dome","Velvet Choker"],"picked":"Coffee Dripper"},{"not_picked":["Mark of Pain","Eternal Feather"],"picked":"Cursed Key"}],"items_purged_floors":[21,39],"is_endless":false,"potions_floor_spawned":[1,16,19,22,27,28,33,40,41,42],"ascension_level":4}