{"gold_per_floor":[109,109,22,22,22,40,40,66,92,10,40,40,40,69,69,69],"floor_reached":16,"playtime":981,"items_purged":[],"score":222,"play_id":"1e49e2ea-7404-4cb1-9568-af7851b94fa3","local_time":"20190702195127","is_ascension_mode":true,"campfire_choices":[{"data":"Neutralize","floor":7,"key":"SMITH"},{"floor":13,"key":"REST"},{"data":"Poisoned Stab","floor":15,"key":"SMITH"}],"neow_cost":"NONE","seed_source_timestamp":436233504620220,"circlet_count":0,"master_deck":["AscendersBane","Strike_G","Strike_G","Strike_G","Strike_G","Defend_G","Defend_G","Defend_G","Defend_G","Defend_G","Survivor","Neutralize+1","Cloak And Dagger","Poisoned Stab+1","Dagger Spray","Dodge and Roll","Unload+1","Backflip","Corpse Explosion","Prepared"],"relics":["Ring of the Snake","Lantern","Potion Belt","Tough Bandages","Ancient Tea Set"],"potions_floor_usage":[8,11],"damage_taken":[{"damage":2,"enemies":"2 Louse","floor":1,"turns":4},{"damage":4,"enemies":"Small Slimes","floor":6,"turns":3},{"damage":48,"enemies":"Gremlin Nob","floor":8,"turns":5},{"damage":19,"enemies":"Lagavulin","floor":11,"turns":5},{"damage":11,"enemies":"3 Sentries","floor":14,"turns":9},{"damage":16,"enemies":"Hexaghost","floor":16,"turns":9}],"seed_played":"-9088695712627343844","potions_obtained":[{"floor":6,"key":"Explosive Potion"}],"is_trial":false,"path_per_floor":["M","?","$","?","?","M","R","E","T","$","E","?","R","E","R","B"],"character_chosen":"THE_SILENT","items_purchased":["Poisoned Stab","Dagger Spray","FearPotion","Backflip"],"campfire_rested":1,"item_purchase_floors":[3,3,10,10],"current_hp_per_floor":[63,63,63,56,72,68,68,20,20,20,1,1,22,11,11,0],"gold":69,"neow_bonus":"TEN_PERCENT_HP_BONUS","is_prod":false,"is_daily":false,"chose_seed":false,"campfire_upgraded":2,"win_rate":0,"timestamp":1562122287,"path_taken":["M","?","$","?","?","M","R","E","T","$","E","?","R","E","R","BOSS"],"build_version":"2019-07-01","purchased_purges":0,"victory":false,"max_hp_per_floor":[72,72,72,72,72,72,72,72,72,72,72,72,72,72,72,72],"card_choices":[{"not_picked":["Underhanded Strike","Flechettes"],"picked":"Cloak And Dagger","floor":1},{"not_picked":["Deflect","Underhanded Strike"],"picked":"Dodge and Roll","floor":6},{"not_picked":["All Out Attack","Sucker Punch"],"picked":"Unload","floor":8},{"not_picked":["Slice","Backflip"],"picked":"Corpse Explosion","floor":11},{"not_picked":["Cloak And Dagger","Outmaneuver"],"picked":"Prepared","floor":14}],"player_experience":1378799,"relics_obtained":[{"floor":8,"key":"Lantern"},{"floor":9,"key":"Potion Belt"},{"floor":11,"key":"Tough Bandages"},{"floor":14,"key":"Ancient Tea Set"}],"event_choices":[{"damage_healed":0,"gold_gain":0,"player_choice":"Leave","damage_taken":0,"max_hp_gain":0,"max_hp_loss":0,"event_name":"The Cleric","floor":2,"gold_loss":0},{"cards_removed":["Strike_G"],"damage_healed":0,"gold_gain":0,"player_choice":"Card Removal","damage_taken":7,"max_hp_gain":0,"max_hp_loss":0,"event_name":"Golden Wing","floor":4,"gold_loss":0},{"damage_healed":24,"gold_gain":0,"player_choice":"Banana","damage_taken":0,"max_hp_gain":0,"max_hp_loss":0,"event_name":"Big Fish","floor":5,"gold_loss":0},{"damage_healed":0,"gold_gain":0,"player_choice":"Upgraded","damage_taken":0,"max_hp_gain":0,"max_hp_loss":0,"event_name":"Upgrade Shrine","floor":12,"gold_loss":0,"cards_upgraded":["Unload"]}],"is_beta":false,"boss_relics":[],"items_purged_floors":[],"is_endless":false,"potions_floor_spawned":[6],"killed_by":"Hexaghost","ascension_level":19}