{"gold_per_floor":[117,292,311,89,89,116,116,150,150,168,168,198,210,223,223,326,326,336,336,39,56,67,101,26,37,37,37,37,63,78,93,93,198,198,216,226,246,264,37,37,64,64],"floor_reached":42,"playtime":2834,"items_purged":["Doubt"],"score":541,"play_id":"36b389db-62a1-48d1-8250-a53da3c76bc6","local_time":"20190711160607","is_ascension_mode":true,"campfire_choices":[{"data":"Perfected Strike","floor":7,"key":"SMITH"},{"data":"Bash","floor":15,"key":"SMITH"},{"floor":28,"key":"REST"},{"data":"Iron Wave","floor":32,"key":"SMITH"},{"data":"Barricade","floor":40,"key":"SMITH"}],"neow_cost":"NONE","seed_source_timestamp":58304197081229,"circlet_count":0,"master_deck":["Strike_R","Strike_R","Strike_R","Defend_R+1","Defend_R+1","Defend_R+1","Defend_R","Bash+1","Perfected Strike+1","Reaper","Iron Wave+1","Thunderclap","Feel No Pain+1","True Grit+1","Headbutt+1","Flame Barrier+1","Necronomicurse","Entrench+1","Barricade+1","Warcry+1","Armaments+1","Shrug It Off+1","Whirlwind+1","Metallicize"],"special_seed":0,"relics":["Burning Blood","NeowsBlessing","Potion Belt","Meat on the Bone","Shuriken","Blood Vial","Velvet Choker","Molten Egg 2","War Paint","Pantograph","Necronomicon","Omamori","Sozu","Strawberry","Bottled Flame"],"potions_floor_usage":[14,16,16,22,23,29,30,41],"damage_taken":[{"damage":0.0,"enemies":"Jaw Worm","floor":1.0,"turns":1.0},{"damage":0,"enemies":"2 Louse","floor":3,"turns":1},{"damage":0,"enemies":"Gremlin Nob","floor":6,"turns":1},{"damage":49,"enemies":"Lagavulin","floor":8,"turns":7},{"damage":7,"enemies":"Small Slimes","floor":10,"turns":5},{"damage":29,"enemies":"3 Sentries","floor":12,"turns":9},{"damage":4,"enemies":"Exordium Thugs","floor":13,"turns":4},{"damage":24,"enemies":"Gremlin Gang","floor":14,"turns":4},{"damage":56,"enemies":"Slime Boss","floor":16,"turns":12},{"damage":20,"enemies":"Spheric Guardian","floor":18,"turns":5},{"damage":22,"enemies":"Shell Parasite","floor":21,"turns":6},{"damage":42,"enemies":"Shelled Parasite and Fungi","floor":22,"turns":5},{"damage":42,"enemies":"Book of Stabbing","floor":23,"turns":7},{"damage":12,"enemies":"Cultist and Chosen","floor":25,"turns":10},{"damage":34,"enemies":"Slavers","floor":29,"turns":5},{"damage":15,"enemies":"Sentry and Sphere","floor":30,"turns":7},{"damage":3,"enemies":"Centurion and Healer","floor":31,"turns":6},{"damage":78,"enemies":"Automaton","floor":33,"turns":14},{"damage":42,"enemies":"3 Darklings","floor":35,"turns":10},{"damage":0,"enemies":"Orb Walker","floor":36,"turns":5},{"damage":17,"enemies":"4 Shapes","floor":37,"turns":9},{"damage":0,"enemies":"3 Darklings","floor":38,"turns":7},{"damage":83,"enemies":"Giant Head","floor":41,"turns":11},{"damage":65,"enemies":"Transient","floor":42,"turns":5}],"seed_played":"2840314149531539038","potions_obtained":[{"floor":6,"key":"EssenceOfSteel"},{"floor":12,"key":"SkillPotion"},{"floor":13,"key":"FearPotion"},{"floor":16,"key":"Strength Potion"},{"floor":21,"key":"FearPotion"},{"floor":25,"key":"EssenceOfSteel"},{"floor":29,"key":"SteroidPotion"},{"floor":33,"key":"Poison Potion"}],"is_trial":false,"path_per_floor":["M","?","M","$","?","E","R","E","T","M","?","E","M","M","R","B",null,"M","?","$","M","M","E","?","M","T","?","R","E","M","M","R","B",null,"M","M","M","M","$","R","E","M"],"character_chosen":"IRONCLAD","items_purchased":["Reaper","Molten Egg 2","True Grit","Whirlwind+1","Strawberry"],"campfire_rested":1,"item_purchase_floors":[4,20,20,39,39],"current_hp_per_floor":[80,80,80,80,64,70,70,30,30,45,45,46,50,46,46,20,80,66,51,51,49,41,19,19,35,35,19,44,52,57,76,76,32,85,85,85,84,85,92,92,50,0],"gold":64,"neow_bonus":"THREE_ENEMY_KILL","is_prod":false,"is_daily":false,"chose_seed":false,"campfire_upgraded":4,"win_rate":0,"timestamp":1562875567,"path_taken":["M","?","M","$","?","E","R","E","T","M","?","E","?","?","R","BOSS","M","?","$","M","M","E","?","M","T","?","R","E","?","M","R","BOSS","M","M","?","M","$","R","E","?"],"build_version":"2019-07-05","purchased_purges":1,"victory":false,"max_hp_per_floor":[80,80,80,80,80,80,80,80,80,80,80,80,80,80,80,80,80,80,85,85,85,85,85,85,85,85,85,85,85,85,85,85,85,85,85,85,85,85,92,92,92,92],"card_choices":[{"not_picked":["Sword Boomerang","Flex","Warcry"],"picked":"SKIP","floor":1},{"not_picked":["Havoc","Berserk"],"picked":"Perfected Strike","floor":3},{"not_picked":["Rampage","Carnage","Clothesline"],"picked":"SKIP","floor":6},{"not_picked":["Offering","Power Through","Burning Pact"],"picked":"SKIP","floor":8},{"not_picked":["Seeing Red","True Grit"],"picked":"Iron Wave","floor":10},{"not_picked":["Anger","Havoc"],"picked":"Thunderclap","floor":12},{"not_picked":["Clothesline","Havoc","True Grit"],"picked":"SKIP","floor":13},{"not_picked":["Wild Strike","Flex","Thunderclap"],"picked":"SKIP","floor":14},{"not_picked":["Heavy Blade","Clothesline+1"],"picked":"Feel No Pain+1","floor":18},{"not_picked":["Clash+1","Anger+1"],"picked":"Headbutt+1","floor":21},{"not_picked":["Sever Soul+1","Pommel Strike+1"],"picked":"Flame Barrier+1","floor":22},{"not_picked":["Wild Strike+1","Thunderclap+1","Havoc"],"picked":"SKIP","floor":23},{"not_picked":["Berserk","Twin Strike+1","Carnage+1"],"picked":"SKIP","floor":25},{"not_picked":["Heavy Blade+1","Cleave+1"],"picked":"Entrench+1","floor":29},{"not_picked":["Burning Pact","Iron Wave+1","Juggernaut"],"picked":"SKIP","floor":30},{"not_picked":["Dual Wield","Headbutt+1","Ghostly Armor+1"],"picked":"SKIP","floor":31},{"not_picked":["Offering","Limit Break"],"picked":"Barricade","floor":33},{"not_picked":["Pommel Strike+1","Wild Strike+1"],"picked":"Warcry+1","floor":35},{"not_picked":["Evolve+1","Corruption"],"picked":"Armaments+1","floor":36},{"not_picked":["Sword Boomerang+1","Blood for Blood+1"],"picked":"Shrug It Off+1","floor":37},{"not_picked":["Headbutt+1","Brutality","Rampage+1"],"picked":"SKIP","floor":38},{"not_picked":["Heavy Blade+1","Anger+1"],"picked":"Metallicize","floor":41}],"player_experience":279897,"relics_obtained":[{"floor":6,"key":"Potion Belt"},{"floor":8,"key":"Meat on the Bone"},{"floor":9,"key":"Shuriken"},{"floor":12,"key":"Blood Vial"},{"floor":23,"key":"War Paint"},{"floor":26,"key":"Pantograph"},{"floor":27,"key":"Necronomicon"},{"floor":29,"key":"Omamori"},{"floor":41,"key":"Bottled Flame"}],"event_choices":[{"damage_healed":0,"gold_gain":175,"player_choice":"AGREE","damage_taken":0,"max_hp_gain":0,"max_hp_loss":0,"event_name":"Liars Game","floor":2,"gold_loss":0,"cards_obtained":["Doubt"]},{"damage_healed":0,"gold_gain":0,"player_choice":"Entered Light","damage_taken":16,"max_hp_gain":0,"max_hp_loss":0,"event_name":"Shining Light","floor":5,"gold_loss":0,"cards_upgraded":["Defend_R","Defend_R"]},{"cards_removed":["Strike_R"],"damage_healed":0,"gold_gain":0,"player_choice":"Purged","damage_taken":0,"max_hp_gain":0,"max_hp_loss":0,"event_name":"Purifier","floor":11,"gold_loss":0},{"damage_healed":0,"gold_gain":0,"player_choice":"Shed Blood","damage_taken":20,"max_hp_gain":5,"max_hp_loss":0,"event_name":"Forgotten Altar","floor":19,"gold_loss":0},{"cards_removed":["Strike_R"],"damage_healed":0,"gold_gain":0,"player_choice":"Gave Gold","damage_taken":0,"max_hp_gain":0,"max_hp_loss":0,"event_name":"Beggar","floor":24,"gold_loss":75},{"damage_healed":0,"gold_gain":0,"player_choice":"Obtained Book","damage_taken":16,"max_hp_gain":0,"max_hp_loss":0,"event_name":"Cursed Tome","floor":27,"gold_loss":0}],"is_beta":false,"boss_relics":[{"not_picked":["Astrolabe","Empty Cage"],"picked":"Velvet Choker"},{"not_picked":["Eternal Feather","Busted Crown"],"picked":"Sozu"}],"items_purged_floors":[4],"is_endless":false,"potions_floor_spawned":[6,12,13,16,21,25,29,33,36],"killed_by":"Transient","ascension_level":1}