{"gold_per_floor":[116,116,116,127,59,59,92,107,131,165,165,181,191,209,209,310,360,379,379,479,493,493,493,508,521,521,521,532,532,262,281,281,281],"floor_reached":33,"playtime":1912,"items_purged":["Strike_G"],"score":340,"play_id":"0421f597-d1ef-4741-8d8f-a2c80677b13e","local_time":"20190617215048","is_ascension_mode":true,"campfire_choices":[{"data":"Footwork","floor":6,"key":"SMITH"},{"data":"Backstab","floor":11,"key":"SMITH"},{"data":"Terror","floor":15,"key":"SMITH"},{"data":"RitualDagger","floor":23,"key":"SMITH"},{"floor":27,"key":"REST"},{"data":"Footwork","floor":32,"key":"SMITH"}],"neow_cost":"NONE","seed_source_timestamp":7827509895992,"circlet_count":0,"master_deck":["Defend_G","Defend_G+1","Defend_G","Defend_G","Defend_G+1","Strike_G","Strike_G","Strike_G","Strike_G","Survivor+1","Neutralize","Deadly Poison","Footwork+1","Unload","Backstab+1","Terror+1","Backflip","After Image","RitualDagger+1","Deadly Poison","Footwork+1","Endless Agony","Catalyst"],"relics":["Ring of the Snake","NeowsBlessing","Ornamental Fan","Ninja Scroll","War Paint","Blood Vial","Tiny House","Unceasing Top","Bottled Flame","Bottled Lightning","Omamori"],"potions_floor_usage":[24,25,25,25,28,33,33],"damage_taken":[{"damage":0,"enemies":"Cultist","floor":1,"turns":1},{"damage":0,"enemies":"2 Louse","floor":4,"turns":1},{"damage":0,"enemies":"Gremlin Nob","floor":7,"turns":1},{"damage":3,"enemies":"Jaw Worm","floor":8,"turns":2},{"damage":0,"enemies":"Lagavulin","floor":10,"turns":7},{"damage":0,"enemies":"3 Louse","floor":12,"turns":1},{"damage":0,"enemies":"Exordium Wildlife","floor":13,"turns":3},{"damage":0,"enemies":"Looter","floor":14,"turns":2},{"damage":23,"enemies":"The Guardian","floor":16,"turns":11},{"damage":7,"enemies":"3 Byrds","floor":18,"turns":7},{"damage":14,"enemies":"Colosseum Slavers","floor":20,"turns":6},{"damage":9,"enemies":"Colosseum Nobs","floor":20,"turns":6},{"damage":3,"enemies":"Shell Parasite","floor":21,"turns":6},{"damage":41,"enemies":"Snake Plant","floor":24,"turns":5},{"damage":1,"enemies":"Centurion and Healer","floor":25,"turns":6},{"damage":7,"enemies":"Snecko","floor":28,"turns":4},{"damage":0,"enemies":"Chosen and Byrds","floor":31,"turns":4},{"damage":49,"enemies":"Automaton","floor":33,"turns":6}],"seed_played":"8921886040847794385","potions_obtained":[{"floor":7,"key":"Strength Potion"},{"floor":10,"key":"EntropicBrew"},{"floor":13,"key":"Regen Potion"},{"floor":24,"key":"SteroidPotion"}],"is_trial":false,"path_per_floor":["M","T","?","M","$","R","E","M","T","E","R","M","M","M","R","B",null,"M","?","?","M","?","R","M","M","T","R","M","?","$","M","R","B"],"character_chosen":"THE_SILENT","items_purchased":["Footwork","Omamori","Catalyst"],"campfire_rested":1,"item_purchase_floors":[5,30,30],"current_hp_per_floor":[70,70,70,70,70,70,70,67,67,67,67,69,70,70,70,47,75,68,62,43,42,42,42,15,16,16,38,33,33,33,35,35,0],"gold":281,"neow_bonus":"THREE_ENEMY_KILL","is_prod":false,"is_daily":false,"chose_seed":false,"campfire_upgraded":5,"win_rate":0,"timestamp":1560833448,"path_taken":["M","?","?","?","?","R","E","M","T","E","R","M","M","?","R","BOSS","M","?","?","M","?","R","M","?","T","R","M","?","$","M","R","BOSS"],"build_version":"2019-01-23","purchased_purges":1,"victory":false,"max_hp_per_floor":[70,70,70,70,70,70,70,70,70,70,70,70,70,70,70,70,75,75,75,75,75,75,75,75,75,75,75,75,75,75,75,75,75],"card_choices":[{"not_picked":["Acrobatics","Slice","Flying Knee"],"picked":"SKIP","floor":1},{"not_picked":["Dagger Spray","Slice"],"picked":"Deadly Poison","floor":4},{"not_picked":["Poisoned Stab","Dagger Throw"],"picked":"Unload","floor":7},{"not_picked":["Flying Knee","Prepared"],"picked":"Backstab","floor":8},{"not_picked":["Sucker Punch","PiercingWail","Quick Slash"],"picked":"SKIP","floor":10},{"not_picked":["Sucker Punch","Dagger Throw","Poisoned Stab"],"picked":"SKIP","floor":12},{"not_picked":["Bouncing Flask","Noxious Fumes"],"picked":"Terror","floor":13},{"not_picked":["Dagger Throw","Predator"],"picked":"Backflip","floor":14},{"not_picked":["Doppelganger","Night Terror"],"picked":"After Image","floor":16},{"not_picked":["Backflip","Eviscerate","Underhanded Strike"],"picked":"SKIP","floor":18},{"not_picked":["Quick Slash","Eviscerate"],"picked":"Deadly Poison","floor":21},{"not_picked":["Sucker Punch","Dagger Spray"],"picked":"Footwork","floor":24},{"not_picked":["Predator","Tactician","Dagger Throw+1"],"picked":"SKIP","floor":25},{"not_picked":["Calculated Gamble","Quick Slash","Underhanded Strike"],"picked":"SKIP","floor":28},{"not_picked":["Calculated Gamble","A Thousand Cuts","Quick Slash"],"picked":"SKIP","floor":31}],"player_experience":198978,"relics_obtained":[{"floor":2,"key":"Ornamental Fan"},{"floor":7,"key":"Ninja Scroll"},{"floor":9,"key":"War Paint"},{"floor":10,"key":"Blood Vial"},{"floor":20,"key":"Unceasing Top"},{"floor":20,"key":"Bottled Flame"},{"floor":26,"key":"Bottled Lightning"}],"event_choices":[{"damage_healed":0,"gold_gain":0,"player_choice":"Bought 0 Potions","damage_taken":0,"max_hp_gain":0,"max_hp_loss":0,"event_name":"The Woman in Blue","floor":3,"gold_loss":0},{"damage_healed":0,"gold_gain":0,"player_choice":"Joined the Cult","damage_taken":6,"max_hp_gain":0,"max_hp_loss":0,"event_name":"Nest","floor":19,"gold_loss":0,"cards_obtained":["RitualDagger"]},{"damage_healed":0,"gold_gain":0,"player_choice":"Fight","damage_taken":0,"max_hp_gain":0,"max_hp_loss":0,"event_name":"Colosseum","floor":20,"gold_loss":0},{"damage_healed":0,"gold_gain":0,"player_choice":"Fought Nobs","damage_taken":0,"max_hp_gain":0,"max_hp_loss":0,"event_name":"Colosseum","floor":20,"gold_loss":0},{"damage_healed":0,"gold_gain":0,"player_choice":"Ignored","damage_taken":0,"max_hp_gain":0,"max_hp_loss":0,"event_name":"The Mausoleum","floor":22,"gold_loss":0},{"damage_healed":0,"gold_gain":0,"player_choice":"1 cards matched","damage_taken":0,"max_hp_gain":0,"max_hp_loss":0,"event_name":"Match and Keep!","floor":29,"gold_loss":0,"cards_obtained":["Endless Agony"]}],"is_beta":false,"boss_relics":[{"not_picked":["White Beast Statue","Runic Dome"],"picked":"Tiny House"}],"items_purged_floors":[30],"is_endless":false,"potions_floor_spawned":[7,10,13,16,20,20,24,25],"killed_by":"Automaton","ascension_level":2}