{"gold_per_floor":[113,83,96,110,110,138,103,103,103,78,106,106,116,136,136,237,237,237,3,3,3,3,3,3,3,3,3,3,3,3,3,3,3],"floor_reached":33,"playtime":8793,"items_purged":[],"score":283,"play_id":"f7fe67fc-5775-4719-846d-5e2d2be222ef","local_time":"20190703143920","is_ascension_mode":false,"campfire_choices":[{"data":"Outmaneuver","floor":8,"key":"SMITH"},{"floor":15,"key":"REST"},{"floor":24,"key":"REST"},{"floor":27,"key":"REST"},{"floor":32,"key":"REST"}],"neow_cost":"NONE","seed_source_timestamp":1313603975286120,"circlet_count":0,"master_deck":["Strike_G","Strike_G","Strike_G","Defend_G","Defend_G","Defend_G","Defend_G","Defend_G","Survivor","Neutralize","Outmaneuver+1","Slice","Slice","Slice","Dagger Throw","Deadly Poison","Backstab","Quick Slash","Adrenaline+1","Poisoned Stab","Poisoned Stab","Deadly Poison","Acrobatics","Endless Agony+1","Flying Knee+1","Deadly Poison","Glass Knife","Skewer"],"relics":["Ring of the Snake","Unceasing Top","WingedGreaves","Odd Mushroom","Ectoplasm","Snake Skull","Mummified Hand","MawBank"],"potions_floor_usage":[6,16,16,18,25,33],"damage_taken":[{"damage":0,"enemies":"2 Louse","floor":1,"turns":4},{"damage":0,"enemies":"Cultist","floor":3,"turns":4},{"damage":2,"enemies":"Small Slimes","floor":4,"turns":3},{"damage":31,"enemies":"3 Sentries","floor":6,"turns":13},{"damage":10,"enemies":"The Mushroom Lair","floor":11,"turns":5},{"damage":11,"enemies":"2 Fungi Beasts","floor":13,"turns":3},{"damage":1,"enemies":"3 Louse","floor":14,"turns":3},{"damage":56,"enemies":"The Guardian","floor":16,"turns":13},{"damage":5,"enemies":"Spheric Guardian","floor":18,"turns":3},{"damage":5,"enemies":"Shell Parasite","floor":21,"turns":3},{"damage":49,"enemies":"Gremlin Leader","floor":23,"turns":5},{"damage":0,"enemies":"Slavers","floor":25,"turns":1},{"damage":20,"enemies":"Snecko","floor":29,"turns":4},{"damage":5,"enemies":"Cultist and Chosen","floor":30,"turns":4},{"damage":68,"enemies":"Champ","floor":33,"turns":10}],"seed_played":"-1834471529300428962","potions_obtained":[{"floor":2,"key":"Weak Potion"},{"floor":2,"key":"AttackPotion"},{"floor":11,"key":"SmokeBomb"},{"floor":13,"key":"Regen Potion"},{"floor":16,"key":"Fire Potion"},{"floor":21,"key":"GamblersBrew"}],"is_trial":false,"path_per_floor":["M","?","M","M","?","E","?","R","T","$","?","?","M","M","R","B",null,"M","$","?","M","?","E","R","E","T","R","?","M","M","?","R","B"],"character_chosen":"THE_SILENT","items_purchased":["Dagger Throw","Snake Skull","Poisoned Stab","Deadly Poison"],"campfire_rested":4,"item_purchase_floors":[10,19,19,19],"current_hp_per_floor":[77,77,77,75,75,44,63,63,63,63,53,53,42,41,64,23,77,72,72,72,67,53,4,28,28,28,52,52,32,27,27,51,0],"gold":3,"neow_bonus":"TEN_PERCENT_HP_BONUS","is_prod":false,"is_daily":false,"chose_seed":false,"campfire_upgraded":1,"win_rate":0.0,"timestamp":1562182760,"path_taken":["M","?","M","?","?","E","?","R","T","$","?","?","?","M","R","BOSS","M","$","?","M","?","E","R","E","T","R","?","M","?","?","R","BOSS"],"build_version":"2019-07-01","purchased_purges":0,"victory":false,"max_hp_per_floor":[77,77,77,77,77,77,77,77,77,77,77,77,77,77,77,77,77,77,77,77,77,82,82,82,82,82,82,82,82,82,82,82,82],"card_choices":[{"not_picked":["PiercingWail","Dodge and Roll"],"picked":"Outmaneuver","floor":1},{"not_picked":["Tactician","Footwork"],"picked":"Slice","floor":3},{"not_picked":["Escape Plan","Dodge and Roll"],"picked":"Slice","floor":4},{"not_picked":["Infinite Blades","Leg Sweep"],"picked":"Slice","floor":6},{"not_picked":["Infinite Blades","Acrobatics"],"picked":"Deadly Poison","floor":11},{"not_picked":["Slice","Underhanded Strike"],"picked":"Backstab","floor":13},{"not_picked":["Dash","Acrobatics"],"picked":"Quick Slash","floor":14},{"not_picked":["Corpse Explosion","Unload"],"picked":"Adrenaline","floor":16},{"not_picked":["Quick Slash","Blade Dance"],"picked":"Poisoned Stab","floor":18},{"not_picked":["Dodge and Roll","Endless Agony+1"],"picked":"Acrobatics","floor":21},{"not_picked":["Footwork","Skewer"],"picked":"Endless Agony+1","floor":23},{"not_picked":["Quick Slash","Cloak And Dagger"],"picked":"Flying Knee+1","floor":29},{"not_picked":["Outmaneuver","Noxious Fumes"],"picked":"Deadly Poison","floor":30}],"player_experience":217683,"relics_obtained":[{"floor":6,"key":"Unceasing Top"},{"floor":9,"key":"WingedGreaves"},{"floor":11,"key":"Odd Mushroom"},{"floor":23,"key":"Mummified Hand"},{"floor":26,"key":"MawBank"}],"event_choices":[{"damage_healed":0,"gold_gain":0,"player_choice":"Bought 2 Potions","damage_taken":0,"max_hp_gain":0,"max_hp_loss":0,"event_name":"The Woman in Blue","floor":2,"gold_loss":0},{"damage_healed":0,"gold_gain":0,"player_choice":"Ignored","damage_taken":0,"max_hp_gain":0,"max_hp_loss":0,"event_name":"Shining Light","floor":5,"gold_loss":0},{"damage_healed":19,"gold_gain":0,"player_choice":"Healed","damage_taken":0,"max_hp_gain":0,"max_hp_loss":0,"event_name":"The Cleric","floor":7,"gold_loss":35},{"damage_healed":0,"gold_gain":0,"player_choice":"Fought Mushrooms","damage_taken":0,"max_hp_gain":0,"max_hp_loss":0,"event_name":"Mushrooms","floor":11,"gold_loss":0},{"damage_healed":0,"gold_gain":0,"player_choice":"Ignored","damage_taken":0,"max_hp_gain":0,"max_hp_loss":0,"event_name":"Golden Wing","floor":12,"gold_loss":0},{"damage_healed":0,"gold_gain":0,"player_choice":"Ignored","damage_taken":0,"max_hp_gain":0,"max_hp_loss":0,"event_name":"Ghosts","floor":20,"gold_loss":0},{"damage_healed":0,"gold_gain":0,"player_choice":"Shed Blood","damage_taken":19,"max_hp_gain":5,"max_hp_loss":0,"event_name":"Forgotten Altar","floor":22,"gold_loss":0},{"damage_healed":0,"gold_gain":0,"player_choice":"Upgraded","damage_taken":0,"max_hp_gain":0,"max_hp_loss":0,"event_name":"Upgrade Shrine","floor":28,"gold_loss":0,"cards_upgraded":["Adrenaline"]},{"damage_healed":0,"gold_gain":0,"cards_transformed":["Strike_G","Strike_G"],"player_choice":"Became Test Subject","damage_taken":0,"max_hp_gain":0,"max_hp_loss":0,"event_name":"Drug Dealer","floor":31,"gold_loss":0,"cards_obtained":["Glass Knife","Skewer"]}],"is_beta":false,"boss_relics":[{"not_picked":["Sozu","Runic Dome"],"picked":"Ectoplasm"}],"items_purged_floors":[],"is_endless":false,"potions_floor_spawned":[11,13,14,16,21,25],"killed_by":"Champ","ascension_level":0}