{"gold_per_floor":[118,128,148,223,243,275,275,40,40,53,70,70,80,114,114,211,211,221,236,236,55,67,67,83,97,123,150,168,168,168,184,184,284,334,350,350,363,463,509,509,509,542,542,560,585,7,21,48,48,48,48,48,48,73,73],"floor_reached":56,"playtime":2050,"items_purged":["Strike_G","Strike_G"],"score":1321,"play_id":"3a02fdaa-1525-4e52-9fb7-431788843131","local_time":"20190702202831","is_ascension_mode":false,"campfire_choices":[{"floor":7,"key":"REST"},{"data":"Wraith Form v2","floor":12,"key":"SMITH"},{"data":"Bouncing Flask","floor":15,"key":"SMITH"},{"data":"Wraith Form v2","floor":23,"key":"SMITH"},{"data":"Catalyst","floor":30,"key":"SMITH"},{"floor":32,"key":"REST"},{"floor":40,"key":"RECALL"},{"data":"Wraith Form v2","floor":49,"key":"SMITH"},{"data":"Catalyst","floor":52,"key":"SMITH"}],"neow_cost":"NONE","seed_source_timestamp":39469628142300,"circlet_count":0,"master_deck":["Strike_G","Strike_G+1","Strike_G","Defend_G","Defend_G","Defend_G+1","Defend_G","Defend_G","Survivor","Neutralize","Deflect","Poisoned Stab+1","Catalyst+1","Wraith Form v2+1","Catalyst+1","Finesse","Accuracy","Bouncing Flask+1","PiercingWail","Deadly Poison","Wraith Form v2+1","Catalyst+1","Noxious Fumes","Noxious Fumes","Adrenaline","Acrobatics+1","Backflip+1","PiercingWail+1","Wraith Form v2+1","Well Laid Plans","Footwork+1"],"relics":["Ring of the Snake","Art of War","Whetstone","Blood Vial","Blue Candle","Velvet Choker","PreservedInsect","Sundial","Tiny House","Ice Cream","Peace Pipe","Kunai","Bag of Preparation","Smiling Mask","TwistedFunnel","The Specimen","Pantograph","Centennial Puzzle"],"potions_floor_usage":[14,24,33,33,35,39,55,55],"damage_taken":[{"damage":0,"enemies":"2 Louse","floor":1,"turns":4},{"damage":2,"enemies":"Jaw Worm","floor":2,"turns":5},{"damage":0,"enemies":"Cultist","floor":3,"turns":5},{"damage":19,"enemies":"Exordium Thugs","floor":5,"turns":6},{"damage":23,"enemies":"Lagavulin","floor":6,"turns":7},{"damage":0,"enemies":"Blue Slaver","floor":10,"turns":4},{"damage":1,"enemies":"2 Fungi Beasts","floor":11,"turns":4},{"damage":0,"enemies":"Looter","floor":13,"turns":4},{"damage":21,"enemies":"3 Sentries","floor":14,"turns":10},{"damage":9,"enemies":"Hexaghost","floor":16,"turns":6},{"damage":12,"enemies":"2 Thieves","floor":18,"turns":5},{"damage":0,"enemies":"Spheric Guardian","floor":19,"turns":2},{"damage":3,"enemies":"3 Cultists","floor":22,"turns":5},{"damage":12,"enemies":"Snake Plant","floor":24,"turns":4},{"damage":0,"enemies":"Chosen and Byrds","floor":25,"turns":7},{"damage":4,"enemies":"Book of Stabbing","floor":27,"turns":2},{"damage":13,"enemies":"Shelled Parasite and Fungi","floor":28,"turns":4},{"damage":1,"enemies":"Snecko","floor":31,"turns":4},{"damage":3,"enemies":"Champ","floor":33,"turns":5},{"damage":3,"enemies":"3 Shapes","floor":35,"turns":6},{"damage":0,"enemies":"Orb Walker","floor":37,"turns":2},{"damage":0,"enemies":"Mind Bloom Boss Battle","floor":38,"turns":8},{"damage":5,"enemies":"2 Orb Walkers","floor":39,"turns":5},{"damage":0,"enemies":"Nemesis","floor":42,"turns":5},{"damage":3,"enemies":"Writhing Mass","floor":44,"turns":3},{"damage":1,"enemies":"Giant Head","floor":45,"turns":6},{"damage":0,"enemies":"Maw","floor":47,"turns":3},{"damage":4,"enemies":"Reptomancer","floor":48,"turns":3},{"damage":34,"enemies":"Time Eater","floor":50,"turns":7},{"damage":5,"enemies":"Shield and Spear","floor":54,"turns":6},{"damage":17,"enemies":"The Heart","floor":55,"turns":7}],"seed_played":"-7442808406389732146","potions_obtained":[{"floor":1,"key":"Strength Potion"},{"floor":5,"key":"Poison Potion"},{"floor":13,"key":"Strength Potion"},{"floor":16,"key":"EssenceOfSteel"},{"floor":18,"key":"PowerPotion"},{"floor":31,"key":"SkillPotion"},{"floor":34,"key":"Fruit Juice"},{"floor":35,"key":"Swift Potion"},{"floor":42,"key":"SpeedPotion"},{"floor":45,"key":"Block Potion"},{"floor":47,"key":"LiquidBronze"}],"is_trial":false,"path_per_floor":["M","M","M","?","M","E","R","$","T","M","M","R","M","E","R","B",null,"M","M","?","$","M","R","M","M","T","E","M","?","R","M","R","B",null,"M","?","M","?","?","R","T","E","T","M","E","$","M","E","R","B",null,"R","$","E","B",null],"character_chosen":"THE_SILENT","items_purchased":["Catalyst","Finesse","Noxious Fumes","TwistedFunnel","The Specimen","Well Laid Plans"],"campfire_rested":2,"item_purchase_floors":[8,8,21,46,46,46],"current_hp_per_floor":[70,68,68,57,38,15,36,36,36,38,39,39,41,22,22,15,70,58,60,60,60,59,59,49,51,51,49,38,31,31,32,53,52,75,77,77,79,80,75,75,75,77,77,76,77,77,79,76,76,46,80,80,80,75,63],"gold":73,"neow_bonus":"RANDOM_COMMON_RELIC","is_prod":false,"is_daily":false,"chose_seed":false,"campfire_upgraded":6,"win_rate":0,"timestamp":1562066911,"path_taken":["M","M","M","?","M","E","R","$","T","M","M","R","M","E","R","BOSS","M","M","?","$","M","R","M","M","T","E","?","?","R","M","R","BOSS","M","?","M","?","?","R","?","E","T","M","E","?","?","E","R","BOSS","R","$","E","BOSS"],"build_version":"2019-07-01","purchased_purges":2,"victory":true,"max_hp_per_floor":[70,70,70,70,70,70,70,70,70,70,70,70,70,70,70,70,70,70,70,70,70,70,70,70,70,70,70,70,70,70,70,70,70,75,80,80,80,80,80,80,80,80,80,80,80,80,80,80,80,80,80,80,80,80,80],"card_choices":[{"not_picked":["Outmaneuver","Calculated Gamble"],"picked":"Dash","floor":1},{"not_picked":["Backflip","Dagger Throw"],"picked":"Deflect","floor":2},{"not_picked":["Bouncing Flask","Outmaneuver"],"picked":"Poisoned Stab","floor":3},{"not_picked":["Concentrate","Underhanded Strike"],"picked":"Catalyst","floor":5},{"not_picked":["Prepared","Dodge and Roll"],"picked":"Wraith Form v2","floor":6},{"not_picked":["Blade Dance","Acrobatics"],"picked":"Accuracy","floor":10},{"not_picked":["Setup","Footwork"],"picked":"Bouncing Flask","floor":11},{"not_picked":["Escape Plan","Bane"],"picked":"PiercingWail","floor":13},{"not_picked":["Deadly Poison","Calculated Gamble","Riddle With Holes"],"picked":"SKIP","floor":14},{"not_picked":["Calculated Gamble","Riddle With Holes"],"picked":"Deadly Poison","floor":14},{"not_picked":["Storm of Steel","Doppelganger"],"picked":"Wraith Form v2","floor":16},{"not_picked":["Slice+1","Heel Hook","Bouncing Flask"],"picked":"SKIP","floor":18},{"not_picked":["Underhanded Strike","Infinite Blades"],"picked":"Catalyst+1","floor":19},{"not_picked":["Acrobatics","Dodge and Roll","Outmaneuver+1"],"picked":"SKIP","floor":22},{"not_picked":["Sucker Punch","Dagger Throw","Backstab"],"picked":"SKIP","floor":24},{"not_picked":["Bane","Flying Knee","Reflex"],"picked":"SKIP","floor":25},{"not_picked":["Finisher","Acrobatics"],"picked":"Adrenaline","floor":27},{"not_picked":["Slice+1","Tactician"],"picked":"Acrobatics+1","floor":28},{"not_picked":["Deflect","Well Laid Plans"],"picked":"Backflip+1","floor":31},{"not_picked":["Blade Dance","Quick Slash","Acrobatics+1"],"picked":"SKIP","floor":35},{"not_picked":["Flying Knee+1","Doppelganger","Eviscerate+1"],"picked":"SKIP","floor":37},{"not_picked":["Deadly Poison+1","Cloak And Dagger+1"],"picked":"PiercingWail+1","floor":38},{"not_picked":["Bane+1","Outmaneuver"],"picked":"Wraith Form v2","floor":42},{"not_picked":["Predator","Blade Dance","Masterful Stab"],"picked":"SKIP","floor":44},{"not_picked":["Dagger Throw+1","Infinite Blades","Sucker Punch"],"picked":"SKIP","floor":45},{"not_picked":["Blade Dance","Expertise","Deadly Poison"],"picked":"SKIP","floor":47},{"not_picked":["Infinite Blades+1","Prepared"],"picked":"Footwork+1","floor":48},{"not_picked":["Finisher+1","Flying Knee+1","Dagger Throw+1"],"picked":"SKIP","floor":54}],"player_experience":2338320,"relics_obtained":[{"floor":6,"key":"Whetstone"},{"floor":9,"key":"Blood Vial"},{"floor":14,"key":"Blue Candle"},{"floor":26,"key":"PreservedInsect"},{"floor":27,"key":"Sundial"},{"floor":38,"key":"Ice Cream"},{"floor":39,"key":"Peace Pipe"},{"floor":42,"key":"Kunai"},{"floor":43,"key":"Bag of Preparation"},{"floor":45,"key":"Smiling Mask"},{"floor":48,"key":"Pantograph"},{"floor":54,"key":"Centennial Puzzle"}],"event_choices":[{"damage_healed":0,"gold_gain":75,"player_choice":"Gather Gold","damage_taken":11,"max_hp_gain":0,"max_hp_loss":0,"event_name":"World of Goop","floor":4,"gold_loss":0},{"cards_removed":["Dash"],"damage_healed":0,"gold_gain":0,"player_choice":"Took Card","damage_taken":0,"max_hp_gain":0,"max_hp_loss":0,"event_name":"NoteForYourself","floor":20,"gold_loss":0,"cards_obtained":["Noxious Fumes"]},{"damage_healed":0,"gold_gain":0,"player_choice":"","damage_taken":7,"max_hp_gain":0,"max_hp_loss":0,"event_name":"Knowing Skull","floor":29,"potions_obtained":[],"gold_loss":0,"cards_obtained":[]},{"damage_healed":0,"gold_gain":0,"player_choice":"Ignored","damage_taken":0,"max_hp_gain":0,"max_hp_loss":0,"event_name":"Tomb of Lord Red Mask","floor":36,"gold_loss":0},{"damage_healed":0,"gold_gain":0,"player_choice":"Fight","damage_taken":0,"max_hp_gain":0,"max_hp_loss":0,"event_name":"MindBloom","floor":38,"gold_loss":0},{"damage_healed":0,"gold_gain":0,"player_choice":"Fight","damage_taken":0,"max_hp_gain":0,"max_hp_loss":0,"event_name":"Mysterious Sphere","floor":39,"gold_loss":0}],"is_beta":false,"boss_relics":[{"not_picked":["Fusion Hammer","Pandora\u0027s Box"],"picked":"Velvet Choker"},{"not_picked":["Coffee Dripper","Philosopher\u0027s Stone"],"picked":"Tiny House"}],"items_purged_floors":[8,21],"is_endless":false,"potions_floor_spawned":[1,5,13,16,18,19,22,31,35,42,45,47,54],"ascension_level":0}