{"gold_per_floor":[111,61,73,88,106,139,149,149],"floor_reached":8,"playtime":333,"items_purged":[],"score":72,"play_id":"f59dd7c3-ce5b-4d6d-970a-6dd07549551c","local_time":"20190711133942","is_ascension_mode":true,"campfire_choices":[],"neow_cost":"NONE","seed_source_timestamp":52038858866775,"circlet_count":0,"master_deck":["Strike_G","Strike_G","Strike_G","Strike_G","Defend_G","Defend_G","Defend_G","Defend_G","Defend_G","Survivor","Neutralize","Predator","Skewer","Leg Sweep"],"relics":["Ring of the Snake","NeowsBlessing","Vajra"],"potions_floor_usage":[6,6,8],"damage_taken":[{"damage":0,"enemies":"2 Louse","floor":1,"turns":1},{"damage":0,"enemies":"Jaw Worm","floor":3,"turns":1},{"damage":0,"enemies":"Cultist","floor":4,"turns":1},{"damage":35,"enemies":"Exordium Thugs","floor":5,"turns":6},{"damage":32,"enemies":"Lagavulin","floor":6,"turns":8},{"damage":2,"enemies":"2 Fungi Beasts","floor":7,"turns":3},{"damage":2,"enemies":"3 Sentries","floor":8,"turns":3}],"seed_played":"5575646508791454817","potions_obtained":[{"floor":4,"key":"Energy Potion"},{"floor":5,"key":"Weak Potion"},{"floor":7,"key":"Weak Potion"}],"is_trial":false,"path_per_floor":["M","?","M","M","M","E","M","E"],"character_chosen":"THE_SILENT","items_purchased":[],"campfire_rested":0,"item_purchase_floors":[],"current_hp_per_floor":[70,70,70,70,35,3,1,0],"gold":149,"neow_bonus":"THREE_ENEMY_KILL","is_prod":false,"is_daily":false,"chose_seed":false,"campfire_upgraded":0,"win_rate":0,"timestamp":1562866782,"path_taken":["M","?","M","M","M","E","M","E"],"build_version":"2019-07-05","purchased_purges":0,"victory":false,"max_hp_per_floor":[70,70,70,70,70,70,70,70],"card_choices":[{"not_picked":["Sucker Punch","Setup","Dagger Spray"],"picked":"SKIP","floor":1},{"not_picked":["Outmaneuver","Finisher","Expertise"],"picked":"SKIP","floor":3},{"not_picked":["Dagger Spray","Blade Dance"],"picked":"Predator","floor":4},{"not_picked":["Expertise","Backflip","Catalyst"],"picked":"SKIP","floor":5},{"not_picked":["Prepared","Endless Agony"],"picked":"Skewer","floor":6},{"not_picked":["Deflect","Finisher"],"picked":"Leg Sweep","floor":7}],"player_experience":276274,"relics_obtained":[{"floor":6,"key":"Vajra"}],"event_choices":[{"cards_removed":["Strike_G"],"damage_healed":0,"gold_gain":0,"player_choice":"Card Removal","damage_taken":0,"max_hp_gain":0,"max_hp_loss":0,"event_name":"The Cleric","floor":2,"gold_loss":50}],"is_beta":false,"boss_relics":[],"items_purged_floors":[],"is_endless":false,"potions_floor_spawned":[4,5,7],"killed_by":"3 Sentries","ascension_level":4}