{"gold_per_floor":[116,130,140,155,174,174,209,209,257,257,285,285,303,318,318,394,394,363,363,377,377,377,377,377,394,424,72,72,105,124,142,142,216,216,236,15,34,34,45,75,75,75,75,91,91,107,107,137,137,137,137,137,37,65,65],"floor_reached":55,"playtime":4464,"items_purged":[],"score":1553,"play_id":"20a3fc82-83da-4c7e-ab11-2ca31cc3644b","local_time":"20190704144351","is_ascension_mode":true,"campfire_choices":[{"data":"Beam Cell","floor":6,"key":"SMITH"},{"data":"Zap","floor":8,"key":"SMITH"},{"floor":10,"key":"REST"},{"floor":15,"key":"REST"},{"data":"Seek","floor":23,"key":"SMITH"},{"data":"Blizzard","floor":28,"key":"SMITH"},{"floor":32,"key":"REST"},{"data":"Defragment","floor":41,"key":"SMITH"},{"data":"Apotheosis","floor":45,"key":"SMITH"},{"data":"Genetic Algorithm","floor":47,"key":"SMITH"},{"floor":49,"key":"RECALL"},{"data":"Steam","floor":52,"key":"SMITH"}],"neow_cost":"NONE","seed_source_timestamp":587099885557384,"circlet_count":0,"master_deck":["AscendersBane","Strike_B+1","Strike_B+1","Strike_B+1","Strike_B+1","Defend_B+1","Defend_B+1","Defend_B+1","Defend_B+1","Zap+1","Dualcast","Leap","Defragment+1","Compile Driver","Genetic Algorithm+1","Beam Cell+1","Reinforced Body","Cold Snap","Coolheaded","Seek+1","Glacier","Ghostly","Ghostly","Ghostly","Ghostly","Ghostly","Coolheaded+1","Blizzard+1","Capacitor","Barrage","Steam+1","Hologram","Core Surge","Rip and Tear+1","White Noise+1","Seek+1","Steam+1","Apotheosis+1","Fusion+1","Recycle+1","Compile Driver+1","Go for the Eyes","Force Field+1"],"relics":["FrozenCore","Bronze Scales","Letter Opener","Bag of Preparation","Darkstone Periapt","Enchiridion","Tiny Chest","Bottled Lightning","Boot","Coffee Dripper","DataDisk","Regal Pillow","Omamori","Pantograph"],"potions_floor_usage":[11,13,20,29,33,33,33,40,44,50,55,55],"damage_taken":[{"damage":1,"enemies":"Cultist","floor":1,"turns":4},{"damage":0,"enemies":"Small Slimes","floor":2,"turns":3},{"damage":2,"enemies":"Jaw Worm","floor":3,"turns":3},{"damage":6,"enemies":"Blue Slaver","floor":4,"turns":3},{"damage":1,"enemies":"Looter","floor":5,"turns":4},{"damage":32,"enemies":"Gremlin Nob","floor":7,"turns":4},{"damage":25,"enemies":"Lagavulin","floor":11,"turns":7},{"damage":0,"enemies":"3 Louse","floor":13,"turns":1},{"damage":2,"enemies":"Exordium Thugs","floor":14,"turns":3},{"damage":4,"enemies":"The Guardian","floor":16,"turns":12},{"damage":12,"enemies":"2 Thieves","floor":18,"turns":5},{"damage":0,"enemies":"3 Byrds","floor":20,"turns":1},{"damage":10,"enemies":"Cultist and Chosen","floor":25,"turns":8},{"damage":23,"enemies":"Gremlin Leader","floor":29,"turns":9},{"damage":0,"enemies":"3 Cultists","floor":30,"turns":6},{"damage":0,"enemies":"Centurion and Healer","floor":31,"turns":8},{"damage":0,"enemies":"Collector","floor":33,"turns":17},{"damage":0,"enemies":"3 Shapes","floor":35,"turns":5},{"damage":0,"enemies":"Orb Walker","floor":37,"turns":3},{"damage":0,"enemies":"3 Darklings","floor":39,"turns":5},{"damage":7,"enemies":"Reptomancer","floor":40,"turns":8},{"damage":15,"enemies":"Jaw Worm Horde","floor":44,"turns":5},{"damage":0,"enemies":"Transient","floor":46,"turns":5},{"damage":0,"enemies":"Giant Head","floor":48,"turns":9},{"damage":0,"enemies":"Time Eater","floor":50,"turns":12},{"damage":0,"enemies":"Shield and Spear","floor":54,"turns":8},{"damage":37,"enemies":"The Heart","floor":55,"turns":11}],"seed_played":"3698322770074143929","potions_obtained":[{"floor":1,"key":"Fire Potion"},{"floor":3,"key":"FearPotion"},{"floor":5,"key":"LiquidBronze"},{"floor":12,"key":"EntropicBrew"},{"floor":14,"key":"AttackPotion"},{"floor":16,"key":"LiquidBronze"},{"floor":20,"key":"FocusPotion"},{"floor":35,"key":"Block Potion"},{"floor":48,"key":"FocusPotion"},{"floor":54,"key":"Explosive Potion"}],"is_trial":false,"path_per_floor":["M","M","M","M","M","R","E","R","T","R","E","?","M","M","R","B",null,"M","?","M","?","?","R","?","M","T","$","R","E","M","M","R","B",null,"M","$","M","?","M","E","R","?","T","M","R","M","R","E","R","B",null,"R","$","E","B"],"character_chosen":"DEFECT","items_purchased":["Blizzard","Bottled Lightning","Capacitor","DataDisk","FocusPotion","Go for the Eyes","Dexterity Potion"],"campfire_rested":3,"item_purchase_floors":[27,27,27,36,36,53,53],"current_hp_per_floor":[63,63,61,55,54,54,22,22,22,43,18,18,18,16,37,33,62,50,50,50,50,34,34,34,24,24,24,24,1,1,1,11,11,29,29,29,29,29,29,22,22,22,22,7,7,7,7,7,7,7,28,28,28,28,0],"gold":65,"neow_bonus":"RANDOM_COMMON_RELIC","is_prod":false,"is_daily":false,"chose_seed":false,"campfire_upgraded":8,"win_rate":0,"timestamp":1562276631,"path_taken":["M","?","?","M","M","R","E","R","T","R","E","?","M","?","R","BOSS","M","?","M","?","?","R","?","M","T","$","R","E","?","M","R","BOSS","M","$","M","?","?","E","R","?","T","M","R","M","R","E","R","BOSS","R","$","E","BOSS"],"build_version":"2019-07-01","purchased_purges":0,"victory":false,"max_hp_per_floor":[71,71,71,71,71,71,71,71,71,71,71,71,71,71,71,71,71,71,71,71,71,71,71,35,35,35,35,35,35,35,35,35,35,35,35,35,35,35,35,35,35,35,35,35,35,35,35,35,35,35,35,35,35,35,35],"card_choices":[{"not_picked":["Chill","Reinforced Body"],"picked":"Leap","floor":1},{"not_picked":["White Noise","Leap"],"picked":"Defragment","floor":2},{"not_picked":["Skim","Fusion"],"picked":"Compile Driver","floor":3},{"not_picked":["Compile Driver","Go for the Eyes"],"picked":"Genetic Algorithm","floor":4},{"not_picked":["Streamline","Redo"],"picked":"Beam Cell","floor":5},{"not_picked":["Sweeping Beam","Beam Cell"],"picked":"Reinforced Body","floor":7},{"not_picked":["Barrage","Go for the Eyes"],"picked":"Cold Snap","floor":11},{"not_picked":["Turbo","Barrage","Leap"],"picked":"SKIP","floor":13},{"not_picked":["Stack","Ball Lightning"],"picked":"Coolheaded","floor":14},{"not_picked":["Reboot","Buffer"],"picked":"Seek","floor":16},{"not_picked":["Beam Cell","Scrape","Go for the Eyes"],"picked":"SKIP","floor":18},{"not_picked":["Redo","Ball Lightning+1"],"picked":"Glacier","floor":20},{"not_picked":["Leap","Streamline"],"picked":"Coolheaded+1","floor":25},{"not_picked":["Hello World","Ball Lightning"],"picked":"Barrage","floor":29},{"not_picked":["Redo","Leap"],"picked":"Steam","floor":30},{"not_picked":["Static Discharge","Sweeping Beam"],"picked":"Hologram","floor":31},{"not_picked":["Rainbow","All For One"],"picked":"Core Surge","floor":33},{"not_picked":["Rebound","Gash"],"picked":"Rip and Tear+1","floor":35},{"not_picked":["Turbo","Beam Cell"],"picked":"White Noise+1","floor":37},{"not_picked":["Lockon","Seek"],"picked":"Steam+1","floor":39},{"not_picked":["Rebound+1","Sweeping Beam","Go for the Eyes"],"picked":"SKIP","floor":40},{"not_picked":["Magnetism","Secret Weapon"],"picked":"Apotheosis","floor":42},{"not_picked":["Genetic Algorithm","Go for the Eyes"],"picked":"Fusion+1","floor":44},{"not_picked":["Conserve Battery","Chill"],"picked":"Recycle+1","floor":46},{"not_picked":["Hologram","Turbo"],"picked":"Compile Driver+1","floor":48},{"not_picked":["Chaos","Thunder Strike"],"picked":"Force Field+1","floor":54}],"player_experience":1404190,"relics_obtained":[{"floor":7,"key":"Letter Opener"},{"floor":9,"key":"Bag of Preparation"},{"floor":11,"key":"Darkstone Periapt"},{"floor":22,"key":"Enchiridion"},{"floor":26,"key":"Tiny Chest"},{"floor":29,"key":"Boot"},{"floor":40,"key":"Regal Pillow"},{"floor":48,"key":"Omamori"},{"floor":54,"key":"Pantograph"}],"event_choices":[{"damage_healed":0,"gold_gain":0,"player_choice":"Got Potions","damage_taken":0,"max_hp_gain":0,"max_hp_loss":0,"event_name":"Lab","floor":12,"gold_loss":0},{"damage_healed":0,"gold_gain":0,"player_choice":"Simplicity","damage_taken":0,"max_hp_gain":0,"max_hp_loss":0,"event_name":"Back to Basics","floor":19,"gold_loss":0,"cards_upgraded":["Strike_B","Strike_B","Strike_B","Strike_B","Defend_B","Defend_B","Defend_B","Defend_B"]},{"damage_healed":0,"gold_gain":0,"player_choice":"Ignored","damage_taken":0,"max_hp_gain":0,"max_hp_loss":0,"event_name":"The Mausoleum","floor":21,"gold_loss":0},{"damage_healed":0,"gold_gain":0,"player_choice":"Obtained Book","damage_taken":16,"max_hp_gain":0,"max_hp_loss":0,"event_name":"Cursed Tome","floor":22,"gold_loss":0},{"damage_healed":0,"gold_gain":0,"player_choice":"Became a Ghost","damage_taken":0,"max_hp_gain":0,"max_hp_loss":36,"event_name":"Ghosts","floor":24,"gold_loss":0,"cards_obtained":["Ghostly","Ghostly","Ghostly","Ghostly","Ghostly"]},{"damage_healed":0,"gold_gain":0,"player_choice":"Copied","damage_taken":0,"max_hp_gain":0,"max_hp_loss":0,"event_name":"Duplicator","floor":38,"gold_loss":0,"cards_obtained":["Seek"]},{"damage_healed":0,"gold_gain":0,"player_choice":"Memory 1","damage_taken":0,"max_hp_gain":0,"max_hp_loss":0,"event_name":"SensoryStone","floor":42,"gold_loss":0}],"is_beta":false,"boss_relics":[{"not_picked":["Tiny House","Lizard Tail"],"picked":"FrozenCore"},{"not_picked":["Sozu","Fusion Hammer"],"picked":"Coffee Dripper"}],"items_purged_floors":[],"is_endless":false,"potions_floor_spawned":[1,3,4,5,14,16,18,20,35,39,48,54],"killed_by":"The Heart","ascension_level":14}