{"gold_per_floor":[115,130,54,54,68,68,84,104,134,134,114,114,5,23,23,122,122,132,132,148,158,177,177,177,194,272,272],"floor_reached":27,"playtime":1079,"items_purged":["Strike_B"],"score":217,"play_id":"938b0188-91fb-4732-a17b-e4ecbc233aff","local_time":"20190324155831","is_ascension_mode":true,"campfire_choices":[{"data":"Defragment","floor":6.0,"key":"SMITH"},{"data":"Genetic Algorithm","floor":10.0,"key":"SMITH"},{"data":"Storm","floor":12.0,"key":"SMITH"},{"data":"Force Field","floor":15.0,"key":"SMITH"},{"data":"Amplify","floor":23,"key":"SMITH"}],"neow_cost":"TEN_PERCENT_HP_LOSS","seed_source_timestamp":0,"circlet_count":0,"master_deck":["Strike_B","Strike_B","Strike_B","Defend_B","Defend_B","Defend_B","Defend_B","Zap","Dualcast","Thunder Strike","White Noise","Defragment+1","Storm+1","Melter","Genetic Algorithm+1","Loop","Force Field+1","Amplify+1","Decay","Capacitor","Leap+1","Writhe"],"special_seed":0,"relics":["Cracked Core","FaceOfCleric","Tiny Chest","Cursed Key","Mercury Hourglass"],"potions_floor_usage":[27],"damage_taken":[{"damage":3.0,"enemies":"Jaw Worm","floor":1.0,"turns":3.0},{"damage":1.0,"enemies":"Cultist","floor":2.0,"turns":4.0},{"damage":9.0,"enemies":"2 Louse","floor":5.0,"turns":3.0},{"damage":3.0,"enemies":"Exordium Thugs","floor":7.0,"turns":3.0},{"damage":16.0,"enemies":"Looter","floor":8.0,"turns":4.0},{"damage":8.0,"enemies":"Red Slaver","floor":14.0,"turns":3.0},{"damage":3.0,"enemies":"The Guardian","floor":16.0,"turns":7.0},{"damage":0.0,"enemies":"Spheric Guardian","floor":18.0,"turns":3.0},{"damage":10.0,"enemies":"Chosen","floor":20.0,"turns":3.0},{"damage":22.0,"enemies":"Snake Plant","floor":21.0,"turns":4.0},{"damage":26.0,"enemies":"Centurion and Healer","floor":22.0,"turns":5.0},{"damage":8,"enemies":"3 Cultists","floor":25,"turns":4},{"damage":19,"enemies":"Shelled Parasite and Fungi","floor":27,"turns":3}],"seed_played":"-4558335651103683120","potions_obtained":[{"floor":1.0,"key":"Poison Potion"},{"floor":5.0,"key":"Fire Potion"},{"floor":11.0,"key":"Poison Potion"},{"floor":16.0,"key":"Weak Potion"},{"floor":18.0,"key":"FocusPotion"}],"is_trial":false,"path_per_floor":["M","M","$","?","M","R","M","M","T","R","?","R","$","M","R","B",null,"M","?","M","M","M","R","?","M","T","M"],"character_chosen":"DEFECT","items_purchased":["Storm","Loop"],"campfire_rested":0,"item_purchase_floors":[3,13],"current_hp_per_floor":[65,64,64,64,56,56,54,39,39,39,39,39,39,32,32,30,73,74,74,65,44,19,19,19,12,12,0],"gold":272,"neow_bonus":"THREE_RARE_CARDS","is_prod":false,"is_daily":false,"chose_seed":false,"campfire_upgraded":5,"win_rate":0,"timestamp":1553468311,"path_taken":["M","M","$","?","M","R","M","?","T","R","?","R","?","M","R","BOSS","M","?","?","M","M","R","?","M","T","M"],"build_version":"2019-01-23","purchased_purges":1,"victory":false,"max_hp_per_floor":[68,68,68,68,69,69,70,71,71,71,71,71,71,72,72,73,73,74,74,75,76,77,77,77,78,78,78],"card_choices":[{"not_picked":["Fission","Rainbow"],"picked":"Thunder Strike","floor":0.0},{"not_picked":["Lockon","Hologram"],"picked":"White Noise","floor":1.0},{"not_picked":["Hologram","Streamline"],"picked":"Defragment","floor":2.0},{"not_picked":["Turbo","Consume"],"picked":"Melter","floor":5.0},{"not_picked":["BootSequence","Glacier"],"picked":"Genetic Algorithm","floor":7.0},{"not_picked":["Cold Snap","Beam Cell","Turbo"],"picked":"SKIP","floor":8.0},{"not_picked":["Go for the Eyes","Beam Cell"],"picked":"Force Field","floor":14.0},{"not_picked":["Multi-Cast","Hyperbeam"],"picked":"Amplify","floor":16.0},{"not_picked":["Darkness","Beam Cell","Stack"],"picked":"SKIP","floor":18.0},{"not_picked":["Double Energy","Auto Shields"],"picked":"Capacitor","floor":20.0},{"not_picked":["Ball Lightning","Go for the Eyes","Conserve Battery"],"picked":"SKIP","floor":21.0},{"not_picked":["Aggregate","Cold Snap"],"picked":"Leap+1","floor":22.0},{"not_picked":["Gash","Doom and Gloom+1","Hyperbeam"],"picked":"SKIP","floor":25}],"player_experience":158693,"relics_obtained":[{"floor":9.0,"key":"Tiny Chest"},{"floor":26,"key":"Mercury Hourglass"}],"event_choices":[{"damage_healed":0.0,"max_hp_gain":0.0,"max_hp_loss":0.0,"gold_gain":0.0,"event_name":"FaceTrader","player_choice":"Trade","floor":4.0,"gold_loss":0.0,"damage_taken":0.0,"relics_obtained":["FaceOfCleric"]},{"damage_healed":0.0,"max_hp_gain":0.0,"max_hp_loss":0.0,"gold_gain":0.0,"event_name":"The Woman in Blue","player_choice":"Bought 1 Potion","floor":11.0,"gold_loss":0.0,"damage_taken":0.0},{"damage_healed":0.0,"max_hp_gain":0.0,"max_hp_loss":0.0,"gold_gain":0.0,"event_name":"Wheel of Change","player_choice":"Cursed","floor":19.0,"gold_loss":0.0,"damage_taken":0.0,"cards_obtained":["Decay"]},{"damage_healed":0,"gold_gain":0,"player_choice":"Ignored","damage_taken":0,"max_hp_gain":0,"max_hp_loss":0,"event_name":"Vampires","floor":24,"gold_loss":0}],"is_beta":false,"boss_relics":[{"not_picked":["Busted Crown","Astrolabe"],"picked":"Cursed Key"}],"items_purged_floors":[13],"is_endless":false,"potions_floor_spawned":[1,5,14,16,18,21],"killed_by":"Shelled Parasite and Fungi","ascension_level":1}