{"gold_per_floor":[115,129,147,147,164,164,197,217,217,217,236,248,26,38,38,138,138,157,174,186,205,205,205,239,258,258,258,277,277,277,277],"floor_reached":31,"playtime":1686,"items_purged":["Strike_R"],"score":302,"play_id":"6a4a189a-7f3f-4a21-bc89-2343937060a2","local_time":"20190705102503","is_ascension_mode":true,"campfire_choices":[{"data":"Flex","floor":6.0,"key":"SMITH"},{"data":"Cleave","floor":10.0,"key":"SMITH"},{"data":"Clothesline","floor":15.0,"key":"SMITH"},{"data":"Heavy Blade","floor":23.0,"key":"SMITH"},{"data":"Ghostly Armor","floor":29,"key":"SMITH"}],"neow_cost":"NONE","seed_source_timestamp":0,"circlet_count":0,"master_deck":["Strike_R","Strike_R","Defend_R","Defend_R","Defend_R","Defend_R","Bash","Power Through","Cleave+1","True Grit","Pommel Strike","Flex+1","True Grit","Heavy Blade+1","Clash","Dual Wield","Clothesline+1","Offering","Shrug It Off+1","Feel No Pain+1","Seeing Red+1","Demon Form+1","Shockwave","Ghostly Armor+1","Clash"],"special_seed":0,"relics":["Burning Blood","Self Forming Clay","Frozen Egg 2","PreservedInsect","Coffee Dripper","Shuriken","Centennial Puzzle","MutagenicStrength"],"potions_floor_usage":[25,28,31,31],"damage_taken":[{"damage":14.0,"enemies":"Small Slimes","floor":1.0,"turns":5.0},{"damage":1.0,"enemies":"Cultist","floor":2.0,"turns":4.0},{"damage":7.0,"enemies":"Jaw Worm","floor":3.0,"turns":4.0},{"damage":7.0,"enemies":"Large Slime","floor":5.0,"turns":6.0},{"damage":50.0,"enemies":"3 Sentries","floor":7.0,"turns":12.0},{"damage":13.0,"enemies":"Blue Slaver","floor":8.0,"turns":3.0},{"damage":19.0,"enemies":"Gremlin Gang","floor":11.0,"turns":6.0},{"damage":0.0,"enemies":"Exordium Thugs","floor":12.0,"turns":4.0},{"damage":7.0,"enemies":"3 Louse","floor":14.0,"turns":3.0},{"damage":15.0,"enemies":"The Guardian","floor":16.0,"turns":13.0},{"damage":1.0,"enemies":"Chosen","floor":18.0,"turns":3.0},{"damage":25.0,"enemies":"2 Thieves","floor":19.0,"turns":3.0},{"damage":11.0,"enemies":"3 Cultists","floor":20.0,"turns":5.0},{"damage":34.0,"enemies":"Snecko","floor":21.0,"turns":7.0},{"damage":20.0,"enemies":"Book of Stabbing","floor":24.0,"turns":5.0},{"damage":21,"enemies":"Snake Plant","floor":25,"turns":4},{"damage":13,"enemies":"Centurion and Healer","floor":28,"turns":4},{"damage":15,"enemies":"Snecko","floor":31,"turns":4}],"seed_played":"-7457312490369568617","potions_obtained":[{"floor":2.0,"key":"Fire Potion"},{"floor":8.0,"key":"PowerPotion"},{"floor":11.0,"key":"FearPotion"},{"floor":20.0,"key":"EssenceOfSteel"},{"floor":24,"key":"BloodPotion"},{"floor":25,"key":"PowerPotion"}],"is_trial":false,"path_per_floor":["M","M","M","?","M","R","E","M","T","R","M","M","$","M","R","B",null,"M","M","M","M","?","R","E","M","T","?","M","R","?","M"],"character_chosen":"IRONCLAD","items_purchased":["PreservedInsect"],"campfire_rested":0,"item_purchase_floors":[13],"current_hp_per_floor":[72,77,76,76,75,75,31,24,24,24,11,17,17,16,16,7,80,80,61,56,28,28,28,14,19,19,19,12,12,12,0],"gold":277,"neow_bonus":"TRANSFORM_CARD","is_prod":false,"is_daily":false,"chose_seed":false,"campfire_upgraded":5,"win_rate":0,"timestamp":1562347503,"path_taken":["M","M","M","?","M","R","E","M","T","R","M","?","$","M","R","BOSS","M","M","M","M","?","R","E","M","T","?","M","R","?","M"],"build_version":"2019-07-01","purchased_purges":1,"victory":false,"max_hp_per_floor":[80,80,80,80,80,80,80,80,80,80,80,80,80,80,80,80,80,80,80,80,80,80,80,80,80,80,80,80,80,80,80],"card_choices":[{"not_picked":["Whirlwind","Twin Strike"],"picked":"Cleave","floor":1.0},{"not_picked":["Clash","Thunderclap"],"picked":"True Grit","floor":2.0},{"not_picked":["Headbutt","Flex"],"picked":"Pommel Strike","floor":3.0},{"not_picked":["Armaments","Evolve"],"picked":"True Grit","floor":5.0},{"not_picked":["Iron Wave","True Grit","Wild Strike"],"picked":"SKIP","floor":7.0},{"not_picked":["Twin Strike","True Grit"],"picked":"Heavy Blade","floor":8.0},{"not_picked":["Wild Strike","Flex"],"picked":"Clash","floor":11.0},{"not_picked":["Armaments","Twin Strike"],"picked":"Dual Wield","floor":12.0},{"not_picked":["Seeing Red","Thunderclap"],"picked":"Clothesline","floor":14.0},{"not_picked":["Limit Break","Impervious"],"picked":"Offering","floor":16.0},{"not_picked":["Intimidate","Twin Strike"],"picked":"Shrug It Off+1","floor":18.0},{"not_picked":["Havoc","Body Slam"],"picked":"Feel No Pain+1","floor":19.0},{"not_picked":["Wild Strike","Sentinel"],"picked":"Seeing Red+1","floor":20.0},{"not_picked":["Body Slam","Anger"],"picked":"Demon Form+1","floor":21.0},{"not_picked":["Flex+1","Anger"],"picked":"Shockwave","floor":24},{"not_picked":["Shockwave+1","Flame Barrier+1"],"picked":"Ghostly Armor","floor":25},{"not_picked":["Iron Wave","Power Through"],"picked":"Clash","floor":28}],"player_experience":236597,"relics_obtained":[{"floor":7.0,"key":"Self Forming Clay"},{"floor":9.0,"key":"Frozen Egg 2"},{"floor":24,"key":"Shuriken"},{"floor":26,"key":"Centennial Puzzle"}],"event_choices":[{"damage_healed":0.0,"max_hp_gain":0.0,"max_hp_loss":0.0,"gold_gain":0.0,"cards_transformed":["Strike_R"],"event_name":"Transmorgrifier","player_choice":"Transformed","floor":4.0,"gold_loss":0.0,"damage_taken":0.0,"cards_obtained":["Flex"]},{"damage_healed":0.0,"max_hp_gain":0.0,"max_hp_loss":0.0,"gold_gain":0.0,"event_name":"Ghosts","player_choice":"Ignored","floor":22.0,"gold_loss":0.0,"damage_taken":0.0},{"damage_healed":0,"gold_gain":0,"player_choice":"Inject Mutagens","damage_taken":0,"relics_obtained":["MutagenicStrength"],"max_hp_gain":0,"max_hp_loss":0,"event_name":"Drug Dealer","floor":27,"gold_loss":0},{"damage_healed":0,"gold_gain":0,"player_choice":"Ignored","damage_taken":0,"max_hp_gain":0,"max_hp_loss":0,"event_name":"Vampires","floor":30,"gold_loss":0}],"is_beta":false,"boss_relics":[{"not_picked":["Pandora\u0027s Box","Lizard Tail"],"picked":"Coffee Dripper"}],"items_purged_floors":[13],"is_endless":false,"potions_floor_spawned":[2,8,11,14,20,24,25],"killed_by":"Snecko","ascension_level":3}