{"gold_per_floor":[110,123,138,150,170,203,203,236,260,260,275,290,290,304,304,403,403,423,441,455,455],"floor_reached":21,"playtime":2307,"items_purged":[],"score":197,"play_id":"975a9efa-f1ff-457b-90c1-958562a29233","local_time":"20190710005749","is_ascension_mode":false,"campfire_choices":[{"data":"Bouncing Flask","floor":7,"key":"SMITH"},{"floor":10,"key":"REST"},{"floor":13,"key":"REST"},{"floor":15,"key":"REST"}],"neow_cost":"NONE","seed_source_timestamp":1875602508847316,"circlet_count":0,"master_deck":["Strike_G","Strike_G","Strike_G","Defend_G","Defend_G","Defend_G","Defend_G","Defend_G","Survivor","Neutralize","Poisoned Stab","Poisoned Stab","Bouncing Flask+1","After Image","Catalyst","After Image"],"relics":["Ring of the Snake","Dead Branch","Letter Opener","Art of War","Empty Cage"],"potions_floor_usage":[5,6,6,12,16,20],"damage_taken":[{"damage":0,"enemies":"Jaw Worm","floor":1,"turns":7},{"damage":5,"enemies":"2 Louse","floor":2,"turns":3},{"damage":0,"enemies":"Small Slimes","floor":3,"turns":2},{"damage":4,"enemies":"Looter","floor":4,"turns":4},{"damage":0,"enemies":"Exordium Wildlife","floor":5,"turns":2},{"damage":15,"enemies":"Lagavulin","floor":6,"turns":7},{"damage":23,"enemies":"3 Sentries","floor":8,"turns":6},{"damage":14,"enemies":"Exordium Thugs","floor":11,"turns":5},{"damage":19,"enemies":"3 Louse","floor":12,"turns":2},{"damage":4,"enemies":"Lots of Slimes","floor":14,"turns":4},{"damage":7,"enemies":"Hexaghost","floor":16,"turns":7},{"damage":12,"enemies":"Chosen","floor":18,"turns":5},{"damage":13,"enemies":"Spheric Guardian","floor":19,"turns":4},{"damage":42,"enemies":"Centurion and Healer","floor":20,"turns":13}],"seed_played":"-6188653364055773980","potions_obtained":[{"floor":2,"key":"Regen Potion"},{"floor":4,"key":"Poison Potion"},{"floor":5,"key":"Swift Potion"},{"floor":8,"key":"Ancient Potion"},{"floor":11,"key":"Explosive Potion"},{"floor":18,"key":"Ancient Potion"}],"is_trial":false,"path_per_floor":["M","M","M","M","M","E","R","E","T","R","M","M","R","M","R","B",null,"M","M","M","?"],"character_chosen":"THE_SILENT","items_purchased":[],"campfire_rested":3,"item_purchase_floors":[],"current_hp_per_floor":[70,65,65,61,61,55,55,32,32,53,39,20,41,37,58,51,70,58,45,3,0],"gold":455,"neow_bonus":"THREE_CARDS","is_prod":false,"is_daily":false,"chose_seed":false,"campfire_upgraded":1,"win_rate":0,"timestamp":1562738269,"path_taken":["M","M","M","M","M","E","R","E","T","R","M","M","R","M","R","BOSS","M","M","M","?"],"build_version":"2019-07-05","purchased_purges":0,"victory":false,"max_hp_per_floor":[70,70,70,70,70,70,70,70,70,70,70,70,70,70,70,70,70,70,70,70,70],"card_choices":[{"not_picked":["Quick Slash","Setup"],"picked":"Poisoned Stab","floor":1},{"not_picked":["Acrobatics","Well Laid Plans","Distraction"],"picked":"SKIP","floor":2},{"not_picked":["Underhanded Strike","Blade Dance"],"picked":"Poisoned Stab","floor":3},{"not_picked":["Backstab","Acrobatics"],"picked":"Bouncing Flask","floor":4},{"not_picked":["Dagger Throw","Sucker Punch","Outmaneuver"],"picked":"SKIP","floor":5},{"not_picked":["Phantasmal Killer","Dagger Throw","Outmaneuver"],"picked":"SKIP","floor":6},{"not_picked":["Underhanded Strike","Bane","Dodge and Roll"],"picked":"SKIP","floor":8},{"not_picked":["Blade Dance","Dagger Throw"],"picked":"After Image","floor":11},{"not_picked":["Dagger Throw","Concentrate","Infinite Blades"],"picked":"SKIP","floor":12},{"not_picked":["Deadly Poison","Cloak And Dagger"],"picked":"Catalyst","floor":14},{"not_picked":["Unload","Grand Finale"],"picked":"After Image","floor":16},{"not_picked":["Cloak And Dagger","Underhanded Strike+1","Expertise"],"picked":"SKIP","floor":18},{"not_picked":["Accuracy","Escape Plan","Underhanded Strike"],"picked":"SKIP","floor":19},{"not_picked":["Skewer","Outmaneuver","Dodge and Roll+1"],"picked":"SKIP","floor":20}],"player_experience":317567,"relics_obtained":[{"floor":6,"key":"Dead Branch"},{"floor":8,"key":"Letter Opener"},{"floor":9,"key":"Art of War"}],"event_choices":[],"is_beta":false,"boss_relics":[{"not_picked":["White Beast Statue","Snecko Eye"],"picked":"Empty Cage"}],"items_purged_floors":[],"is_endless":false,"potions_floor_spawned":[2,4,5,8,11,18],"ascension_level":0}