{"gold_per_floor":[361,57,74,89,35,35,63,63,63,63,73,108,108,122,122,122],"floor_reached":16,"playtime":869,"items_purged":[],"score":220,"play_id":"47e31403-9423-4117-b658-3102bc19a818","local_time":"20190402010124","is_ascension_mode":true,"campfire_choices":[{"data":"Inflame","floor":6,"key":"SMITH"},{"data":"Uppercut","floor":10,"key":"SMITH"},{"floor":13,"key":"REST"},{"floor":15,"key":"REST"}],"neow_cost":"TEN_PERCENT_HP_LOSS","seed_source_timestamp":1508894016231096,"circlet_count":0,"master_deck":["AscendersBane","Strike_R","Strike_R","Strike_R","Strike_R","Strike_R","Defend_R","Defend_R","Defend_R","Defend_R","Bash","Twin Strike","Inflame+1","Anger","Flame Barrier","Uppercut+1","Pummel"],"relics":["Burning Blood","Chemical X","WingedGreaves","Bottled Tornado"],"potions_floor_usage":[7,12],"damage_taken":[{"damage":4,"enemies":"Small Slimes","floor":1,"turns":4},{"damage":1,"enemies":"Cultist","floor":3,"turns":3},{"damage":8,"enemies":"2 Louse","floor":4,"turns":2},{"damage":31,"enemies":"Lagavulin","floor":7,"turns":6},{"damage":3,"enemies":"Looter","floor":11,"turns":3},{"damage":40,"enemies":"3 Sentries","floor":12,"turns":10},{"damage":18,"enemies":"Large Slime","floor":14,"turns":5},{"damage":38,"enemies":"The Guardian","floor":16,"turns":9}],"seed_played":"52525046037232345","potions_obtained":[{"floor":11,"key":"Swift Potion"}],"is_trial":false,"path_per_floor":["M","$","M","M","$","R","E","?","T","R","M","E","R","M","R","B"],"character_chosen":"IRONCLAD","items_purchased":["Chemical X","Inflame","Block Potion"],"campfire_rested":2,"item_purchase_floors":[2,2,5],"current_hp_per_floor":[68,68,68,66,66,66,41,41,41,41,44,10,30,18,38,0],"gold":122,"neow_bonus":"TWO_FIFTY_GOLD","is_prod":false,"is_daily":false,"chose_seed":false,"campfire_upgraded":2,"win_rate":0,"timestamp":1554192084,"path_taken":["M","$","M","M","$","R","E","?","T","R","M","E","R","?","R","BOSS"],"build_version":"2019-01-23","purchased_purges":0,"victory":false,"max_hp_per_floor":[68,68,68,68,68,68,68,68,68,68,68,68,68,68,68,68],"card_choices":[{"not_picked":["Armaments","Perfected Strike"],"picked":"Twin Strike","floor":1},{"not_picked":["Wild Strike","Bloodletting"],"picked":"Anger","floor":3},{"not_picked":["Rage","Blood for Blood"],"picked":"Flame Barrier","floor":4},{"not_picked":["Armaments","Evolve"],"picked":"Uppercut","floor":7},{"not_picked":["Barricade","Clash","Blood for Blood"],"picked":"SKIP","floor":11},{"not_picked":["Barricade","Intimidate","Iron Wave"],"picked":"SKIP","floor":12},{"not_picked":["Sword Boomerang","Clash"],"picked":"Pummel","floor":14}],"player_experience":808344,"relics_obtained":[{"floor":7,"key":"WingedGreaves"},{"floor":12,"key":"Bottled Tornado"}],"event_choices":[{"damage_healed":0,"gold_gain":0,"player_choice":"0 cards matched","damage_taken":0,"max_hp_gain":0,"max_hp_loss":0,"event_name":"Match and Keep!","floor":8,"gold_loss":0,"cards_obtained":[]}],"is_beta":false,"boss_relics":[],"items_purged_floors":[],"is_endless":false,"potions_floor_spawned":[11],"killed_by":"The Guardian","ascension_level":20}