{"gold_per_floor":[109,123,138,88,53,53,72,88,138,138,158,158,177,202,202,299,299,319,319,329,329,329,329,329],"floor_reached":24,"playtime":2857,"items_purged":[],"score":223,"play_id":"96290616-a96a-4211-a00f-90763a0422c3","local_time":"20190705235226","is_ascension_mode":false,"campfire_choices":[{"data":"Pommel Strike","floor":6,"key":"SMITH"},{"data":"Bash","floor":12,"key":"SMITH"},{"floor":15,"key":"REST"},{"floor":23,"key":"REST"}],"neow_cost":"","seed_source_timestamp":1108701857219900,"circlet_count":0,"master_deck":["Defend_R","Defend_R","Defend_R","Defend_R","Bash","Pommel Strike+1","Iron Wave","Seeing Red","Seeing Red","Shockwave","Cleave","Bash+1","Metallicize","Berserk","Uppercut","Pommel Strike","Reaper","Sword Boomerang","Bite","Bite","Bite","Bite","Bite","Flex","Barricade"],"relics":["Burning Blood","Red Skull","Bottled Tornado","Runic Cube","Centennial Puzzle"],"potions_floor_usage":[13],"damage_taken":[{"damage":12,"enemies":"Cultist","floor":1,"turns":5},{"damage":3,"enemies":"Small Slimes","floor":2,"turns":3},{"damage":1,"enemies":"Jaw Worm","floor":3,"turns":3},{"damage":23,"enemies":"Exordium Thugs","floor":7,"turns":4},{"damage":6,"enemies":"Exordium Wildlife","floor":8,"turns":4},{"damage":10,"enemies":"Red Slaver","floor":11,"turns":2},{"damage":0,"enemies":"2 Fungi Beasts","floor":13,"turns":3},{"damage":28,"enemies":"Lagavulin","floor":14,"turns":6},{"damage":64,"enemies":"The Guardian","floor":16,"turns":10},{"damage":13,"enemies":"3 Byrds","floor":18,"turns":6},{"damage":38,"enemies":"Spheric Guardian","floor":20,"turns":6},{"damage":57,"enemies":"Centurion and Healer","floor":24,"turns":10}],"seed_played":"-2358850979256282939","potions_obtained":[{"floor":2,"key":"Dexterity Potion"},{"floor":7,"key":"Regen Potion"},{"floor":11,"key":"SpeedPotion"}],"is_trial":false,"path_per_floor":["M","M","M","?","$","R","M","M","T","?","M","R","M","E","R","B",null,"M","?","M","?","?","R","M"],"character_chosen":"IRONCLAD","items_purchased":["Seeing Red"],"campfire_rested":2,"item_purchase_floors":[5],"current_hp_per_floor":[74,77,80,80,80,80,63,63,63,63,59,59,65,43,67,9,80,73,56,28,28,28,44,0],"gold":329,"neow_bonus":"","is_prod":false,"is_daily":false,"chose_seed":false,"campfire_upgraded":2,"win_rate":0.0,"timestamp":1562338346,"path_taken":["M","M","?","?","?","R","M","?","T","?","?","R","M","E","R","BOSS","M","?","M","?","?","R","M"],"build_version":"2019-07-01","purchased_purges":0,"victory":false,"max_hp_per_floor":[80,80,80,80,80,80,80,80,80,80,80,80,80,80,80,80,80,80,56,56,56,56,56,56],"card_choices":[{"not_picked":["Clothesline","Anger"],"picked":"Pommel Strike","floor":1},{"not_picked":["Perfected Strike","Clothesline"],"picked":"Iron Wave","floor":2},{"not_picked":["Thunderclap","Pommel Strike"],"picked":"Seeing Red","floor":3},{"not_picked":["Clothesline","Battle Trance"],"picked":"Shockwave","floor":7},{"not_picked":["Whirlwind","Fire Breathing"],"picked":"Cleave","floor":8},{"not_picked":["Sword Boomerang","Iron Wave"],"picked":"Berserk","floor":11},{"not_picked":["Flex","Dual Wield"],"picked":"Uppercut","floor":13},{"not_picked":["Clothesline","Combust"],"picked":"Pommel Strike","floor":14},{"not_picked":["Berserk","Brutality"],"picked":"Reaper","floor":16},{"not_picked":["Second Wind+1","Clash"],"picked":"Sword Boomerang","floor":18},{"not_picked":["Battle Trance+1","Iron Wave"],"picked":"Flex","floor":20}],"player_experience":0,"relics_obtained":[{"floor":9,"key":"Red Skull"},{"floor":14,"key":"Bottled Tornado"}],"event_choices":[{"cards_removed":["Strike_R"],"damage_healed":0,"gold_gain":0,"player_choice":"Card Removal","damage_taken":0,"max_hp_gain":0,"max_hp_loss":0,"event_name":"The Cleric","floor":4,"gold_loss":50},{"damage_healed":0,"gold_gain":0,"player_choice":"2 cards matched","damage_taken":0,"max_hp_gain":0,"max_hp_loss":0,"event_name":"Match and Keep!","floor":10,"gold_loss":0,"cards_obtained":["Bash","Metallicize"]},{"damage_healed":0,"gold_gain":0,"player_choice":"Became a vampire","damage_taken":0,"max_hp_gain":0,"max_hp_loss":24,"event_name":"Vampires","floor":19,"gold_loss":0,"cards_obtained":["Bite","Bite","Bite","Bite","Bite"]},{"damage_healed":0,"gold_gain":0,"player_choice":"Read","damage_taken":0,"max_hp_gain":0,"max_hp_loss":0,"event_name":"The Library","floor":21,"gold_loss":0,"cards_obtained":["Barricade"]},{"damage_healed":0,"gold_gain":0,"player_choice":"Gave Potion","damage_taken":0,"relics_obtained":["Centennial Puzzle"],"max_hp_gain":0,"max_hp_loss":0,"event_name":"WeMeetAgain","floor":22,"gold_loss":0}],"is_beta":false,"boss_relics":[{"not_picked":["Ectoplasm","Calling Bell"],"picked":"Runic Cube"}],"items_purged_floors":[],"is_endless":false,"potions_floor_spawned":[2,7,11],"killed_by":"Centurion and Healer","ascension_level":0}