{"gold_per_floor":[118,218,393,403,403,403,123,134,134,134,34,34,51,63,63,165,165,185,185,185,197,268,268,193,193,217,92,92,92,92,107,107,207,207,219,233,233,233,246,246,0,0,71,71,82,82,82,97,97,97],"floor_reached":50,"playtime":2634,"items_purged":["Regret","Strike_G","Strike_G"],"score":601,"play_id":"c3388588-c776-4e92-bf37-cbeb3ebcee22","local_time":"20180722194216","is_ascension_mode":false,"campfire_choices":[{"data":"Bane","floor":6,"key":"SMITH"},{"data":"Prepared","floor":10,"key":"SMITH"},{"data":"Survivor","floor":12,"key":"SMITH"},{"data":"Poisoned Stab","floor":15,"key":"SMITH"},{"data":"Catalyst","floor":23,"key":"SMITH"},{"data":"Noxious Fumes","floor":25,"key":"SMITH"},{"floor":30,"key":"REST"},{"floor":32,"key":"REST"},{"data":"Night Terror","floor":40,"key":"SMITH"},{"data":"Slice","floor":42,"key":"SMITH"},{"data":"Noxious Fumes","floor":47,"key":"SMITH"},{"floor":49,"key":"REST"}],"neow_cost":"NONE","seed_source_timestamp":931689004751573,"circlet_count":0,"master_deck":["Defend_G","Defend_G","Defend_G","Defend_G","Defend_G","Strike_G","Strike_G","Survivor+1","Neutralize","Prepared+1","Slice+1","Bane+1","Poisoned Stab+1","Night Terror+1","Catalyst+1","Noxious Fumes+1","Necronomicurse","Noxious Fumes+1"],"relics":["Ring of the Serpent","Matryoshka","TwistedFunnel","Strawberry","Shuriken","Vajra","Mummified Hand","Centennial Puzzle","Necronomicon","WristBlade","Red Mask","Toxic Egg 2","Ginger"],"potions_floor_usage":[33,33,33,50,50],"damage_taken":[{"damage":0,"enemies":"Small Slimes","floor":1,"turns":4},{"damage":4,"enemies":"Cultist","floor":4,"turns":4},{"damage":0,"enemies":"2 Louse","floor":8,"turns":1},{"damage":5,"enemies":"Large Slime","floor":13,"turns":5},{"damage":2,"enemies":"2 Fungi Beasts","floor":14,"turns":2},{"damage":29,"enemies":"Slime Boss","floor":16,"turns":10},{"damage":15,"enemies":"2 Thieves","floor":18,"turns":4},{"damage":17,"enemies":"Shell Parasite","floor":21,"turns":5},{"damage":21,"enemies":"Snake Plant","floor":31,"turns":3},{"damage":64,"enemies":"Automaton","floor":33,"turns":11},{"damage":8,"enemies":"Orb Walker","floor":35,"turns":3},{"damage":47,"enemies":"3 Darklings","floor":36,"turns":4},{"damage":4,"enemies":"4 Shapes","floor":39,"turns":5},{"damage":6,"floor":44,"turns":5},{"damage":13,"enemies":"Transient","floor":45,"turns":5},{"damage":10,"enemies":"Sphere and 2 Shapes","floor":48,"turns":4},{"damage":69,"enemies":"Donu and Deca","floor":50,"turns":6}],"seed_played":"-9125124528125655261","potions_obtained":[{"floor":4,"key":"AttackPotion"},{"floor":13,"key":"PowerPotion"},{"floor":21,"key":"Ancient Potion"},{"floor":31,"key":"Regen Potion"},{"floor":33,"key":"SteroidPotion"},{"floor":39,"key":"SpeedPotion"},{"floor":48,"key":"AttackPotion"}],"is_trial":false,"path_per_floor":["M","?","?","M","?","R","$","M","T","R","$","R","M","M","R","B",null,"M","?","?","M","T","R","?","R","T","$","?","$","R","M","R","B",null,"M","M","?","?","M","R","?","R","T","?","M","$","R","M","R"],"character_chosen":"THE_SILENT","items_purchased":["TwistedFunnel"],"campfire_rested":3,"item_purchase_floors":[7],"current_hp_per_floor":[70,70,70,66,66,66,66,66,73,73,73,73,68,66,66,37,77,62,62,62,45,45,45,45,45,45,45,29,29,52,31,54,5,77,69,22,67,67,63,63,63,63,63,57,44,44,44,34,54,0],"gold":97,"neow_bonus":"THREE_CARDS","is_prod":false,"is_daily":false,"chose_seed":false,"campfire_upgraded":9,"win_rate":0.0,"timestamp":1532313736,"path_taken":["M","?","?","M","?","R","$","?","T","R","$","R","M","M","R","BOSS","M","?","?","M","?","R","?","R","T","$","?","$","R","M","R","BOSS","M","M","?","?","?","R","?","R","T","?","M","$","R","M","R","BOSS"],"build_version":"2018-07-19v2","purchased_purges":3,"victory":false,"max_hp_per_floor":[70,70,70,70,70,70,70,70,77,77,77,77,77,77,77,77,77,77,77,77,77,77,77,77,77,77,77,77,77,77,77,77,77,77,77,77,67,67,67,67,67,67,67,67,67,67,67,67,67,67],"card_choices":[{"not_picked":["Deflect","PiercingWail"],"picked":"Prepared","floor":0},{"not_picked":["PiercingWail","Deflect"],"picked":"Slice","floor":1},{"not_picked":["Deflect","Prepared"],"picked":"Bane","floor":4},{"not_picked":["Deflect","Adrenaline","Dagger Spray"],"picked":"SKIP","floor":8},{"not_picked":["Bane","Dagger Throw"],"picked":"Poisoned Stab","floor":13},{"not_picked":["Accuracy","Prepared","Cloak And Dagger"],"picked":"SKIP","floor":14},{"not_picked":["Tools of the Trade","A Thousand Cuts"],"picked":"Night Terror","floor":16},{"not_picked":["Slice","Predator"],"picked":"Catalyst","floor":18},{"not_picked":["Deflect+1","Dagger Throw"],"picked":"Noxious Fumes","floor":21},{"not_picked":["Quick Slash+1","Sucker Punch+1","Slice"],"picked":"SKIP","floor":31},{"not_picked":["Cloak And Dagger+1","Acrobatics","Outmaneuver+1"],"picked":"SKIP","floor":35},{"not_picked":["Dash","Blur","All Out Attack"],"picked":"SKIP","floor":36},{"not_picked":["Dagger Spray","Cloak And Dagger","Choke+1"],"picked":"SKIP","floor":39},{"not_picked":["Endless Agony+1","Dodge and Roll+1"],"picked":"Noxious Fumes","floor":45},{"not_picked":["Outmaneuver+1","Terror+1","Glass Knife"],"picked":"SKIP","floor":48}],"player_experience":36020,"relics_obtained":[{"floor":9,"key":"Strawberry"},{"floor":9,"key":"Shuriken"},{"floor":22,"key":"Vajra"},{"floor":22,"key":"Mummified Hand"},{"floor":26,"key":"Centennial Puzzle"},{"floor":28,"key":"Necronomicon"},{"floor":43,"key":"Toxic Egg 2"},{"floor":44,"key":"Ginger"}],"event_choices":[{"event_name":"Golden Shrine","player_choice":"Pray","floor":2,"damage_taken":0},{"event_name":"Liars Game","player_choice":"agreed","floor":3,"damage_taken":0},{"event_name":"Big Fish","player_choice":"Box","floor":5,"damage_taken":0},{"event_name":"Fountain of Cleansing","player_choice":"Removed Curse","floor":19,"damage_taken":0},{"event_name":"Drug Dealer","player_choice":"Ignored","floor":20,"damage_taken":0},{"event_name":"Beggar","player_choice":"Gave Gold","floor":24,"damage_taken":0},{"event_name":"Cursed Tome","player_choice":"Obtained Book","floor":28,"damage_taken":0},{"event_name":"The Moai Head","player_choice":"Heal","floor":37,"damage_taken":0},{"event_name":"SensoryStone","player_choice":"Memory 1","floor":38,"damage_taken":0},{"event_name":"Tomb of Lord Red Mask","player_choice":"Paid","floor":41,"damage_taken":0},{"event_name":"MindBloom","player_choice":"Fight","floor":44,"damage_taken":0}],"is_beta":false,"boss_relics":[{"not_picked":["Ectoplasm","Lizard Tail"],"picked":"Ring of the Serpent"},{"not_picked":["Eternal Feather","Busted Crown"],"picked":"WristBlade"}],"items_purged_floors":[7,11,27],"is_endless":false,"potions_floor_spawned":[4,13,21,31,33,39,48],"killed_by":"Donu and Deca","ascension_level":0}