{"gold_per_floor":[119,135,146,160,180,211,223,223],"floor_reached":8,"playtime":554,"items_purged":[],"score":74,"play_id":"a9ea7e55-1c5a-461b-bb26-71b55f66fc15","local_time":"20190711124633","is_ascension_mode":true,"campfire_choices":[],"neow_cost":"NONE","seed_source_timestamp":48628313389562,"circlet_count":0,"master_deck":["Strike_G","Strike_G","Strike_G","Strike_G","Strike_G","Defend_G","Defend_G","Defend_G","Defend_G","Defend_G","Survivor","Neutralize","Caltrops","Dagger Spray","PiercingWail","Endless Agony","Quick Slash","Poisoned Stab"],"relics":["Ring of the Snake","Pen Nib","Turnip"],"potions_floor_usage":[8],"damage_taken":[{"damage":1,"enemies":"Small Slimes","floor":1,"turns":4},{"damage":0,"enemies":"Cultist","floor":2,"turns":4},{"damage":0,"enemies":"2 Louse","floor":3,"turns":4},{"damage":9,"enemies":"Exordium Thugs","floor":4,"turns":6},{"damage":0,"enemies":"2 Fungi Beasts","floor":5,"turns":2},{"damage":53,"enemies":"Gremlin Nob","floor":6,"turns":6},{"damage":6,"enemies":"3 Louse","floor":7,"turns":3},{"damage":2,"enemies":"Lagavulin","floor":8,"turns":3}],"seed_played":"-166604145836881010","potions_obtained":[{"floor":3,"key":"SpeedPotion"},{"floor":6,"key":"Block Potion"}],"is_trial":false,"path_per_floor":["M","M","M","M","M","E","M","E"],"character_chosen":"THE_SILENT","items_purchased":[],"campfire_rested":0,"item_purchase_floors":[],"current_hp_per_floor":[69,69,69,60,60,7,1,0],"gold":223,"neow_bonus":"RANDOM_COMMON_RELIC","is_prod":false,"is_daily":false,"chose_seed":false,"campfire_upgraded":0,"win_rate":0,"timestamp":1562863593,"path_taken":["M","M","M","M","M","E","M","E"],"build_version":"2019-07-05","purchased_purges":0,"victory":false,"max_hp_per_floor":[70,70,70,70,70,70,70,70],"card_choices":[{"not_picked":["Dagger Throw","Cloak And Dagger"],"picked":"Caltrops","floor":1},{"not_picked":["Deadly Poison","Cloak And Dagger","Deflect"],"picked":"SKIP","floor":2},{"not_picked":["Deadly Poison","Choke"],"picked":"Dagger Spray","floor":3},{"not_picked":["Outmaneuver","Dodge and Roll"],"picked":"PiercingWail","floor":4},{"not_picked":["Dagger Spray","Backstab"],"picked":"Endless Agony","floor":5},{"not_picked":["Flying Knee","Blade Dance"],"picked":"Quick Slash","floor":6},{"not_picked":["All Out Attack","Adrenaline"],"picked":"Poisoned Stab","floor":7}],"player_experience":273013,"relics_obtained":[{"floor":6,"key":"Turnip"}],"event_choices":[],"is_beta":false,"boss_relics":[],"items_purged_floors":[],"is_endless":false,"potions_floor_spawned":[3,6],"killed_by":"Lagavulin","ascension_level":4}