{"gold_per_floor":[118,130,150,162,176,176,176,210,210,7,39,39,39,57,57,158,158,172,172,156,62,79,79],"floor_reached":23,"playtime":1725,"items_purged":[],"score":244,"play_id":"cc9d1733-6ea2-48da-877c-7b50200fd7ce","local_time":"20190516120445","is_ascension_mode":true,"campfire_choices":[{"data":"Perfected Strike","floor":6,"key":"SMITH"},{"data":"Shrug It Off","floor":12,"key":"SMITH"},{"floor":15,"key":"REST"}],"neow_cost":"NONE","seed_source_timestamp":72514070282200,"circlet_count":0,"master_deck":["Strike_R+1","Strike_R","Strike_R+1","Strike_R","Strike_R","Defend_R","Defend_R","Defend_R","Bash","Wild Strike","Battle Trance","Perfected Strike+1","Burning Pact","Shrug It Off+1","Juggernaut","Dropkick","Demon Form","Shrug It Off","Blind","Headbutt"],"relics":["Burning Blood","Art of War","Bag of Preparation","HandDrill","Gremlin Horn","Mark of Pain","Nilry\u0027s Codex"],"potions_floor_usage":[5,8,8,8,16,16],"damage_taken":[{"damage":7,"enemies":"2 Louse","floor":1,"turns":4},{"damage":6,"enemies":"Cultist","floor":2,"turns":3},{"damage":0,"enemies":"Small Slimes","floor":3,"turns":2},{"damage":5,"enemies":"Exordium Wildlife","floor":4,"turns":4},{"damage":10,"enemies":"2 Fungi Beasts","floor":5,"turns":4},{"damage":16,"enemies":"3 Sentries","floor":8,"turns":6},{"damage":25,"enemies":"Lagavulin","floor":11,"turns":5},{"damage":4,"enemies":"3 Louse","floor":14,"turns":3},{"damage":35,"enemies":"The Guardian","floor":16,"turns":11},{"damage":15,"enemies":"Chosen","floor":18,"turns":6},{"damage":29,"enemies":"2 Thieves","floor":20,"turns":4},{"damage":31,"enemies":"Snake Plant","floor":22,"turns":5},{"damage":8,"enemies":"Slavers","floor":23,"turns":1}],"seed_played":"5881453164380258305","potions_obtained":[{"floor":1,"key":"SkillPotion"},{"floor":4,"key":"PowerPotion"},{"floor":5,"key":"EntropicBrew"}],"is_trial":false,"path_per_floor":["M","M","M","M","M","R","?","E","T","$","E","R","?","M","R","B",null,"M","?","M","$","M","E"],"character_chosen":"IRONCLAD","items_purchased":["HandDrill","Blind"],"campfire_rested":1,"item_purchase_floors":[10,21],"current_hp_per_floor":[79,79,80,80,76,76,60,50,50,50,31,31,31,33,57,28,80,71,55,32,32,7,0],"gold":79,"neow_bonus":"RANDOM_COMMON_RELIC","is_prod":false,"is_daily":false,"chose_seed":false,"campfire_upgraded":2,"win_rate":0,"timestamp":1558033485,"path_taken":["M","M","M","M","M","R","?","E","T","$","E","R","?","M","R","BOSS","M","?","M","$","M","E"],"build_version":"2019-01-23","purchased_purges":0,"victory":false,"max_hp_per_floor":[80,80,80,80,80,80,80,80,80,80,80,80,80,80,80,80,80,80,80,80,80,80,80],"card_choices":[{"not_picked":["Bloodletting","Clash"],"picked":"Wild Strike","floor":1},{"not_picked":["Clash","Heavy Blade"],"picked":"Battle Trance","floor":2},{"not_picked":["Clash","Flex","Sword Boomerang"],"picked":"SKIP","floor":3},{"not_picked":["Body Slam","Dual Wield","Clothesline"],"picked":"SKIP","floor":4},{"not_picked":["Dropkick","Havoc"],"picked":"Perfected Strike","floor":5},{"not_picked":["Clothesline","Hemokinesis"],"picked":"Burning Pact","floor":8},{"not_picked":["Carnage","Flex"],"picked":"Shrug It Off","floor":11},{"not_picked":["Pummel","Perfected Strike"],"picked":"Dropkick","floor":14},{"not_picked":["Bludgeon","Double Tap"],"picked":"Demon Form","floor":16},{"not_picked":["Carnage","Thunderclap"],"picked":"Shrug It Off","floor":18},{"not_picked":["Clash","Thunderclap","Twin Strike"],"picked":"SKIP","floor":20},{"not_picked":["Twin Strike","Havoc"],"picked":"Headbutt","floor":22}],"player_experience":503759,"relics_obtained":[{"floor":8,"key":"Bag of Preparation"},{"floor":11,"key":"Gremlin Horn"},{"floor":19,"key":"Nilry\u0027s Codex"}],"event_choices":[{"damage_healed":0,"gold_gain":0,"player_choice":"Entered Light","damage_taken":16,"max_hp_gain":0,"max_hp_loss":0,"event_name":"Shining Light","floor":7,"gold_loss":0,"cards_upgraded":["Strike_R","Strike_R"]},{"damage_healed":0,"gold_gain":0,"cards_transformed":["Defend_R"],"player_choice":"Transformed","damage_taken":0,"max_hp_gain":0,"max_hp_loss":0,"event_name":"Transmorgrifier","floor":13,"gold_loss":0,"cards_obtained":["Juggernaut"]},{"damage_healed":0,"gold_gain":0,"player_choice":"Obtained Book","damage_taken":16,"max_hp_gain":0,"max_hp_loss":0,"event_name":"Cursed Tome","floor":19,"gold_loss":0}],"is_beta":false,"boss_relics":[{"not_picked":["Orrery","Runic Dome"],"picked":"Mark of Pain"}],"items_purged_floors":[],"is_endless":false,"potions_floor_spawned":[1,4,5],"killed_by":"Slavers","ascension_level":4}