{"gold_per_floor":[114,124,8,22,34,34,59,75,75,75,133,149,214,244,244,315,315,329,222,222,125,40,72,72,92,92,92],"floor_reached":27,"playtime":1674,"items_purged":[],"score":398,"play_id":"ac26fb2e-94ec-4224-b4c2-1ca8087d6567","local_time":"20190624153959","is_ascension_mode":true,"campfire_choices":[{"data":"Sunder","floor":6,"key":"SMITH"},{"data":"Defragment","floor":10,"key":"SMITH"},{"data":"Capacitor","floor":15,"key":"SMITH"}],"neow_cost":"NONE","seed_source_timestamp":343842236651789,"circlet_count":0,"master_deck":["AscendersBane","Strike_B","Strike_B","Strike_B","Defend_B","Defend_B","Defend_B","Defend_B","Zap","Dualcast","Go for the Eyes","Defragment+1","Sunder+1","Auto Shields","Rip and Tear","Beam Cell","Glacier","Capacitor+1","Compile Driver","Force Field","Skim","Echo Form","Gash+1","Gash","Self Repair","Cold Snap","Recycle","Undo"],"relics":["Cracked Core","Bottled Tornado","Regal Pillow","Strawberry","Pantograph","Velvet Choker","Anchor","Blood Vial","Mercury Hourglass","Thread and Needle"],"potions_floor_usage":[12,23,23],"damage_taken":[{"damage":1,"enemies":"2 Louse","floor":1,"turns":3},{"damage":3,"enemies":"Small Slimes","floor":2,"turns":3},{"damage":2,"enemies":"Jaw Worm","floor":4,"turns":4},{"damage":2,"enemies":"Blue Slaver","floor":5,"turns":3},{"damage":20,"enemies":"3 Sentries","floor":7,"turns":4},{"damage":7,"enemies":"Exordium Wildlife","floor":8,"turns":3},{"damage":9,"enemies":"Exordium Thugs","floor":12,"turns":5},{"damage":7,"enemies":"3 Sentries","floor":13,"turns":7},{"damage":19,"enemies":"Lagavulin","floor":14,"turns":6},{"damage":10,"enemies":"The Guardian","floor":16,"turns":15},{"damage":5,"enemies":"Spheric Guardian","floor":18,"turns":4},{"damage":47,"enemies":"Slavers","floor":23,"turns":6},{"damage":0,"enemies":"2 Thieves","floor":25,"turns":4},{"damage":45,"enemies":"Gremlin Leader","floor":27,"turns":6}],"seed_played":"214196736463948480","potions_obtained":[{"floor":2,"key":"SteroidPotion"},{"floor":4,"key":"AttackPotion"},{"floor":8,"key":"Regen Potion"},{"floor":14,"key":"SkillPotion"},{"floor":23,"key":"Ancient Potion"}],"is_trial":false,"path_per_floor":["M","M","$","M","M","R","E","M","T","R","?","M","?","E","R","B",null,"M","$","?","$","?","E","T","M","T","E"],"character_chosen":"DEFECT","items_purchased":["Sunder","Auto Shields","Gash","Self Repair","AttackPotion","Cold Snap"],"campfire_rested":0,"item_purchase_floors":[3,3,19,19,21,21],"current_hp_per_floor":[67,64,64,62,60,60,40,33,33,33,33,36,36,17,17,32,70,65,65,65,65,65,25,25,34,34,0],"gold":92,"neow_bonus":"REMOVE_CARD","is_prod":false,"is_daily":false,"chose_seed":false,"campfire_upgraded":3,"win_rate":0,"timestamp":1561415999,"path_taken":["M","M","$","M","M","R","E","M","T","R","?","M","?","E","R","BOSS","M","$","?","$","?","E","?","M","T","E"],"build_version":"2019-01-23","purchased_purges":0,"victory":false,"max_hp_per_floor":[75,75,75,75,75,75,75,75,75,75,75,75,82,82,82,82,82,82,82,82,82,82,82,82,82,82,82],"card_choices":[{"not_picked":["Rebound","Double Energy"],"picked":"Go for the Eyes","floor":1},{"not_picked":["Aggregate","Stack"],"picked":"Defragment","floor":2},{"not_picked":["Redo","Hologram"],"picked":"Rip and Tear","floor":4},{"not_picked":["Rainbow","Heatsinks"],"picked":"Beam Cell","floor":5},{"not_picked":["Stack","Storm"],"picked":"Glacier","floor":7},{"not_picked":["Ball Lightning","Rebound"],"picked":"Capacitor","floor":8},{"not_picked":["Ball Lightning","Capacitor"],"picked":"Compile Driver","floor":12},{"not_picked":["Conserve Battery","Hologram"],"picked":"Force Field","floor":13},{"not_picked":["Capacitor","Recycle"],"picked":"Skim","floor":14},{"not_picked":["Multi-Cast","All For One"],"picked":"Echo Form","floor":16},{"not_picked":["Conserve Battery","Ball Lightning"],"picked":"Gash+1","floor":18},{"not_picked":["Go for the Eyes","Rebound+1"],"picked":"Recycle","floor":23},{"not_picked":["Leap","Gash"],"picked":"Undo","floor":25}],"player_experience":1303951,"relics_obtained":[{"floor":7,"key":"Bottled Tornado"},{"floor":9,"key":"Regal Pillow"},{"floor":13,"key":"Strawberry"},{"floor":14,"key":"Pantograph"},{"floor":23,"key":"Blood Vial"},{"floor":24,"key":"Mercury Hourglass"},{"floor":26,"key":"Thread and Needle"}],"event_choices":[{"damage_healed":0,"gold_gain":58,"player_choice":"Gained Gold","damage_taken":0,"max_hp_gain":0,"max_hp_loss":0,"event_name":"Golden Wing","floor":11,"gold_loss":0},{"damage_healed":0,"gold_gain":0,"player_choice":"Searched \u00272\u0027 times","damage_taken":0,"max_hp_gain":0,"max_hp_loss":0,"event_name":"Dead Adventurer","floor":13,"gold_loss":0},{"damage_healed":0,"gold_gain":0,"player_choice":"Ignored","damage_taken":0,"max_hp_gain":0,"max_hp_loss":0,"event_name":"Ghosts","floor":20,"gold_loss":0},{"damage_healed":0,"gold_gain":0,"player_choice":"Obtained Relic","damage_taken":0,"relics_obtained":["Anchor"],"max_hp_gain":0,"max_hp_loss":0,"event_name":"Addict","floor":22,"gold_loss":85}],"is_beta":false,"boss_relics":[{"not_picked":["Inserter","Empty Cage"],"picked":"Velvet Choker"}],"items_purged_floors":[],"is_endless":false,"potions_floor_spawned":[2,4,5,8,14,23],"killed_by":"Gremlin Leader","ascension_level":13}