{"gold_per_floor":[110,0,0,0,75,75,93,126,126,143,175,75,75,75],"floor_reached":14,"playtime":495,"items_purged":["Strike_B","Strike_B"],"score":101,"play_id":"4b4fe334-fe55-4efd-a007-a2da25b70632","local_time":"20190323140720","is_ascension_mode":true,"campfire_choices":[{"data":"Capacitor","floor":6,"key":"SMITH"}],"neow_cost":"NONE","seed_source_timestamp":298184533112369,"circlet_count":0,"master_deck":["Defend_B","Defend_B","Defend_B","Defend_B","Zap","Dualcast","Capacitor+1","Ball Lightning","Thunder Strike","Defragment"],"relics":["Cracked Core","Art of War","Gambling Chip","Boot","Toxic Egg 2","Bird Faced Urn"],"potions_floor_usage":[11,11,11],"damage_taken":[{"damage":1,"enemies":"Jaw Worm","floor":1,"turns":3},{"damage":6,"enemies":"Small Slimes","floor":7,"turns":3},{"damage":38,"enemies":"3 Sentries","floor":8,"turns":7},{"damage":1,"enemies":"Cultist","floor":10,"turns":3},{"damage":5,"enemies":"Gremlin Nob","floor":11,"turns":4},{"damage":11,"enemies":"3 Sentries","floor":14,"turns":3}],"seed_played":"-3271817169887391836","potions_obtained":[{"floor":1,"key":"Dexterity Potion"},{"floor":7,"key":"Weak Potion"},{"floor":8,"key":"EssenceOfSteel"}],"is_trial":false,"path_per_floor":["M","$","?","T","?","R","M","E","T","M","E","$","?","E"],"character_chosen":"DEFECT","items_purchased":["Capacitor"],"campfire_rested":0,"item_purchase_floors":[2],"current_hp_per_floor":[74,74,67,67,56,56,50,12,12,11,6,6,6,0],"gold":75,"neow_bonus":"RANDOM_COMMON_RELIC","is_prod":false,"is_daily":false,"chose_seed":false,"campfire_upgraded":1,"win_rate":0,"timestamp":1553375240,"path_taken":["M","$","?","?","?","R","M","E","T","?","E","?","?","E"],"build_version":"2019-01-23","purchased_purges":2,"victory":false,"max_hp_per_floor":[75,75,75,75,75,75,75,75,75,75,75,75,75,75],"card_choices":[{"not_picked":["Reprogram","Turbo","Cold Snap"],"picked":"SKIP","floor":1},{"not_picked":["Darkness","Hologram"],"picked":"Ball Lightning","floor":7},{"not_picked":["Beam Cell","Hologram"],"picked":"Thunder Strike","floor":8},{"not_picked":["Ball Lightning","Barrage"],"picked":"Defragment","floor":10},{"not_picked":["Leap+1","Cold Snap","Gash"],"picked":"SKIP","floor":11}],"player_experience":117622,"relics_obtained":[{"floor":4,"key":"Gambling Chip"},{"floor":8,"key":"Boot"},{"floor":9,"key":"Toxic Egg 2"},{"floor":11,"key":"Bird Faced Urn"}],"event_choices":[{"cards_removed":["Strike_B"],"damage_healed":0,"gold_gain":0,"player_choice":"Card Removal","damage_taken":7,"max_hp_gain":0,"max_hp_loss":0,"event_name":"Golden Wing","floor":3,"gold_loss":0},{"damage_healed":0,"gold_gain":75,"player_choice":"Gather Gold","damage_taken":11,"max_hp_gain":0,"max_hp_loss":0,"event_name":"World of Goop","floor":5,"gold_loss":0},{"cards_removed":["Strike_B"],"damage_healed":0,"gold_gain":0,"player_choice":"Forget","damage_taken":0,"max_hp_gain":0,"max_hp_loss":0,"event_name":"Living Wall","floor":13,"gold_loss":0}],"is_beta":false,"boss_relics":[],"items_purged_floors":[2,12],"is_endless":false,"potions_floor_spawned":[1,7,8],"killed_by":"3 Sentries","ascension_level":1}