{"gold_per_floor":[118,136,153,133,147,147,163,163,163,176,176,188,206,223,223,223],"floor_reached":16,"playtime":1794,"items_purged":[],"score":100,"play_id":"02507d2e-ac57-4ccc-9b2a-1a29963a1ce9","local_time":"20190705001251","is_ascension_mode":false,"campfire_choices":[{"data":"Double Tap","floor":6,"key":"SMITH"},{"data":"Heavy Blade","floor":8,"key":"SMITH"},{"data":"Bash","floor":11,"key":"SMITH"},{"floor":15,"key":"REST"}],"neow_cost":"NONE","seed_source_timestamp":1441415116708206,"circlet_count":0,"master_deck":["Strike_R","Strike_R","Strike_R","Strike_R","Strike_R","Defend_R","Defend_R","Defend_R","Defend_R","Bash+1","Shrug It Off","Anger","Double Tap+1","Body Slam","Heavy Blade+1","Headbutt","Heavy Blade","Headbutt","Cleave"],"relics":["Burning Blood","Calipers"],"potions_floor_usage":[13,16,16],"damage_taken":[{"damage":12,"enemies":"Cultist","floor":1,"turns":5},{"damage":3,"enemies":"Jaw Worm","floor":2,"turns":6},{"damage":3,"enemies":"Small Slimes","floor":3,"turns":4},{"damage":29,"enemies":"Exordium Thugs","floor":4,"turns":4},{"damage":8,"enemies":"Gremlin Gang","floor":5,"turns":6},{"damage":15,"enemies":"Large Slime","floor":7,"turns":8},{"damage":10,"enemies":"Exordium Thugs","floor":10,"turns":5},{"damage":0,"enemies":"2 Fungi Beasts","floor":12,"turns":3},{"damage":30,"enemies":"Large Slime","floor":13,"turns":7},{"damage":5,"enemies":"Red Slaver","floor":14,"turns":3},{"damage":60,"enemies":"The Guardian","floor":16,"turns":8}],"seed_played":"-8209570595523326225","potions_obtained":[{"floor":1,"key":"Weak Potion"},{"floor":10,"key":"SpeedPotion"},{"floor":13,"key":"AttackPotion"}],"is_trial":false,"path_per_floor":["M","M","M","M","M","R","M","R","T","M","R","M","M","M","R","B"],"character_chosen":"IRONCLAD","items_purchased":[],"campfire_rested":1,"item_purchase_floors":[],"current_hp_per_floor":[82,85,88,65,63,63,54,54,54,50,50,56,32,33,59,0],"gold":223,"neow_bonus":"TEN_PERCENT_HP_BONUS","is_prod":false,"is_daily":false,"chose_seed":false,"campfire_upgraded":3,"win_rate":0,"timestamp":1562303571,"path_taken":["M","M","M","M","?","R","M","R","T","M","R","M","M","M","R","BOSS"],"build_version":"2019-07-01","purchased_purges":0,"victory":false,"max_hp_per_floor":[88,88,88,88,88,88,88,88,88,88,88,88,88,88,88,88],"card_choices":[{"not_picked":["Burning Pact","Pommel Strike"],"picked":"Shrug It Off","floor":1},{"not_picked":["Cleave","True Grit"],"picked":"Anger","floor":2},{"not_picked":["True Grit","Disarm","Wild Strike"],"picked":"SKIP","floor":3},{"not_picked":["Clothesline","Bloodletting"],"picked":"Double Tap","floor":4},{"not_picked":["Headbutt","Armaments"],"picked":"Body Slam","floor":5},{"not_picked":["Uppercut","Armaments"],"picked":"Heavy Blade","floor":7},{"not_picked":["Second Wind","Armaments"],"picked":"Headbutt","floor":10},{"not_picked":["True Grit","Burning Pact"],"picked":"Heavy Blade","floor":12},{"not_picked":["Power Through","Anger"],"picked":"Headbutt","floor":13},{"not_picked":["Heavy Blade","Dark Embrace"],"picked":"Cleave","floor":14}],"player_experience":248182,"relics_obtained":[{"floor":9,"key":"Calipers"}],"event_choices":[],"is_beta":false,"boss_relics":[],"items_purged_floors":[],"is_endless":false,"potions_floor_spawned":[1,10,13],"killed_by":"The Guardian","ascension_level":0}