{"gold_per_floor":[110,110,124,124,137,164,164,194,194,46,46,65,85,102,102,206,206,223,223,211,231,231,231,262,262,343,362,148,148],"floor_reached":29,"playtime":1739,"items_purged":["Clothesline"],"score":408,"play_id":"e45a4f7d-4eae-4514-a72f-754ea94cf8d8","local_time":"20181222225510","is_ascension_mode":true,"campfire_choices":[{"data":"Rampage","floor":7,"key":"SMITH"},{"data":"Shrug It Off","floor":11,"key":"SMITH"},{"data":"True Grit","floor":15,"key":"SMITH"},{"floor":23,"key":"REST"},{"floor":25,"key":"REST"}],"neow_cost":"NONE","seed_source_timestamp":3489450216738667,"circlet_count":0,"master_deck":["AscendersBane","Strike_R+1","Strike_R","Strike_R+1","Defend_R","Defend_R","Defend_R","Bash+1","Impervious","Wild Strike","Rampage+1","Shrug It Off+1","True Grit+1","Flex","Demon Form","Thunderclap","Seeing Red","Shrug It Off","Second Wind","True Grit","Finesse"],"relics":["Burning Blood","NeowsBlessing","Vajra","Incense Burner","Bottled Lightning","Whetstone","Runic Dome","Question Card","Paper Frog"],"potions_floor_usage":[6,16,24,27,27,29],"damage_taken":[{"damage":0,"enemies":"Small Slimes","floor":1,"turns":1},{"damage":0,"enemies":"Cultist","floor":3,"turns":1},{"damage":2,"enemies":"2 Louse","floor":5,"turns":2},{"damage":23,"enemies":"Lagavulin","floor":6,"turns":6},{"damage":40,"enemies":"3 Sentries","floor":8,"turns":8},{"damage":6,"enemies":"Exordium Wildlife","floor":12,"turns":5},{"damage":1,"enemies":"Red Slaver","floor":13,"turns":2},{"damage":3,"enemies":"Looter","floor":14,"turns":3},{"damage":32,"enemies":"Slime Boss","floor":16,"turns":16},{"damage":7,"enemies":"Shell Parasite","floor":18,"turns":5},{"damage":6,"enemies":"2 Thieves","floor":20,"turns":4},{"damage":52,"enemies":"Cultist and Chosen","floor":21,"turns":7},{"damage":30,"enemies":"Book of Stabbing","floor":24,"turns":7},{"damage":21,"enemies":"Sentry and Sphere","floor":27,"turns":7},{"damage":25,"enemies":"Slavers","floor":29,"turns":2}],"seed_played":"-7250638188818078934","potions_obtained":[{"floor":5,"key":"EssenceOfSteel"},{"floor":12,"key":"SkillPotion"},{"floor":14,"key":"SpeedPotion"},{"floor":16,"key":"LiquidBronze"},{"floor":18,"key":"Explosive Potion"},{"floor":24,"key":"Ancient Potion"}],"is_trial":false,"path_per_floor":["M","?","M","?","M","E","R","E","T","$","R","M","M","M","R","B",null,"M","?","M","M","?","R","E","R","T","M","$","E"],"character_chosen":"IRONCLAD","items_purchased":["Whetstone","Finesse","FearPotion"],"campfire_rested":2,"item_purchase_floors":[10,28,28],"current_hp_per_floor":[78,78,80,80,80,63,63,29,29,29,29,29,34,37,37,11,63,62,62,62,16,16,40,16,40,40,25,25,0],"gold":148,"neow_bonus":"THREE_ENEMY_KILL","is_prod":false,"is_daily":false,"chose_seed":false,"campfire_upgraded":3,"win_rate":0,"timestamp":1545548110,"path_taken":["M","?","?","?","M","E","R","E","T","$","R","M","?","M","R","BOSS","M","?","M","M","?","R","E","R","T","M","?","E"],"build_version":"2018-12-20","purchased_purges":1,"victory":false,"max_hp_per_floor":[80,80,80,80,80,80,80,80,80,80,80,80,80,80,80,80,80,80,80,80,80,80,80,80,80,80,80,80,80],"card_choices":[{"not_picked":["Disarm","Anger"],"picked":"Clothesline","floor":1},{"not_picked":["Sever Soul","Headbutt","Perfected Strike"],"picked":"SKIP","floor":3},{"not_picked":["Sentinel","Clash"],"picked":"Wild Strike","floor":5},{"not_picked":["Havoc","Cleave"],"picked":"Rampage","floor":6},{"not_picked":["Clash","Clothesline"],"picked":"Shrug It Off","floor":8},{"not_picked":["Perfected Strike","Rage","Blood for Blood"],"picked":"SKIP","floor":12},{"not_picked":["Body Slam","Sentinel"],"picked":"True Grit","floor":13},{"not_picked":["Sword Boomerang","Iron Wave"],"picked":"Flex","floor":14},{"not_picked":["Bludgeon","Impervious"],"picked":"Demon Form","floor":16},{"not_picked":["Heavy Blade","Clothesline"],"picked":"Thunderclap","floor":18},{"not_picked":["Blood for Blood","Combust","Spot Weakness"],"picked":"SKIP","floor":20},{"not_picked":["Havoc","Pommel Strike"],"picked":"Shrug It Off","floor":21},{"not_picked":["Searing Blow","Thunderclap"],"picked":"Second Wind","floor":24},{"not_picked":["Clash+1","Clothesline+1","Searing Blow"],"picked":"True Grit","floor":27}],"player_experience":502667,"relics_obtained":[{"floor":6,"key":"Vajra"},{"floor":8,"key":"Incense Burner"},{"floor":9,"key":"Bottled Lightning"},{"floor":24,"key":"Question Card"},{"floor":26,"key":"Paper Frog"}],"event_choices":[{"damage_healed":0,"gold_gain":0,"cards_transformed":["Strike_R"],"player_choice":"Transformed","damage_taken":0,"max_hp_gain":0,"max_hp_loss":0,"event_name":"Transmorgrifier","floor":2,"gold_loss":0,"cards_obtained":["Impervious"]},{"damage_healed":0,"gold_gain":0,"player_choice":"Forge","damage_taken":0,"max_hp_gain":0,"max_hp_loss":0,"event_name":"Accursed Blacksmith","floor":4,"gold_loss":0,"cards_upgraded":["Bash"]},{"damage_healed":0,"gold_gain":0,"cards_transformed":["Strike_R","Defend_R"],"player_choice":"Became Test Subject","damage_taken":0,"max_hp_gain":0,"max_hp_loss":0,"event_name":"Drug Dealer","floor":19,"gold_loss":0,"cards_obtained":["Perfected Strike","Seeing Red"]},{"cards_removed":["Perfected Strike"],"damage_healed":0,"gold_gain":0,"player_choice":"Elegance","damage_taken":0,"max_hp_gain":0,"max_hp_loss":0,"event_name":"Back to Basics","floor":22,"gold_loss":0}],"is_beta":false,"boss_relics":[{"not_picked":["Tiny House","Runic Pyramid"],"picked":"Runic Dome"}],"items_purged_floors":[28],"is_endless":false,"potions_floor_spawned":[5,12,14,16,18,24],"killed_by":"Slavers","ascension_level":12}