{"gold_per_floor":[368,0,14,34,45,45,75,85,85,85,85,85,160,160,160,257,257,275,288,86,266,286,286,286,313,336,353,353,353,370,381,381,484,484,495,190,201,218,233,233,266,315,341,358,391,791,808,826,826,826],"floor_reached":51,"playtime":4095,"items_purged":["Strike_B","Defend_B","Strike_B"],"score":871,"play_id":"852257eb-2eca-452f-b6e7-e0fa66a710a1","local_time":"20190413170454","is_ascension_mode":true,"campfire_choices":[{"data":"Defragment","floor":6,"key":"SMITH"},{"data":"Zap","floor":10,"key":"SMITH"},{"data":"Dualcast","floor":11,"key":"SMITH"},{"floor":15,"key":"REST"},{"data":"Defragment","floor":23,"key":"SMITH"},{"data":"Redo","floor":24,"key":"SMITH"},{"data":"Redo","floor":29,"key":"SMITH"},{"data":"Creative AI","floor":32,"key":"SMITH"},{"data":"Echo Form","floor":40,"key":"SMITH"},{"data":"Seek","floor":49,"key":"SMITH"}],"neow_cost":"PERCENT_DAMAGE","seed_source_timestamp":124850809294259,"circlet_count":0,"master_deck":["Strike_B","Strike_B","Defend_B","Defend_B","Defend_B","Zap+1","Dualcast+1","Cold Snap+1","Defragment+1","Seek+1","Ball Lightning","BootSequence+1","Redo+1","Cold Snap+1","Seek+1","Redo+1","Defragment+1","Writhe","Creative AI+1","Echo Form+1","Loop+1","White Noise+1"],"relics":["FrozenCore","PreservedInsect","Potion Belt","WingedGreaves","The Courier","War Paint","Bird Faced Urn","Happy Flower","Toxic Egg 2","Philosopher\u0027s Stone","Sundial","Mango","Du-Vu Doll","Dream Catcher","Art of War","Old Coin"],"potions_floor_usage":[16,19,39,42],"damage_taken":[{"damage":1,"enemies":"Jaw Worm","floor":1,"turns":3},{"damage":10,"enemies":"2 Louse","floor":3,"turns":3},{"damage":0,"enemies":"Cultist","floor":4,"turns":3},{"damage":9,"enemies":"3 Louse","floor":5,"turns":3},{"damage":13,"enemies":"3 Sentries","floor":7,"turns":4},{"damage":0,"enemies":"Blue Slaver","floor":8,"turns":4},{"damage":0,"enemies":"Slime Boss","floor":16,"turns":7},{"damage":1,"enemies":"Spheric Guardian","floor":18,"turns":4},{"damage":0,"enemies":"2 Thieves","floor":19,"turns":4},{"damage":1,"enemies":"Shelled Parasite and Fungi","floor":22,"turns":7},{"damage":1,"enemies":"Gremlin Leader","floor":25,"turns":6},{"damage":0,"enemies":"Chosen and Byrds","floor":27,"turns":6},{"damage":0,"enemies":"Snake Plant","floor":30,"turns":5},{"damage":6,"enemies":"3 Cultists","floor":31,"turns":6},{"damage":0,"enemies":"Automaton","floor":33,"turns":10},{"damage":20,"enemies":"3 Darklings","floor":35,"turns":6},{"damage":5,"enemies":"Orb Walker","floor":37,"turns":4},{"damage":7,"enemies":"Sphere and 2 Shapes","floor":38,"turns":7},{"damage":8,"enemies":"4 Shapes","floor":39,"turns":6},{"damage":0,"enemies":"Nemesis","floor":41,"turns":9},{"damage":45,"enemies":"2 Orb Walkers","floor":42,"turns":6},{"damage":5,"enemies":"Maw","floor":44,"turns":9},{"damage":25,"enemies":"Giant Head","floor":45,"turns":9},{"damage":0,"enemies":"Mind Bloom Boss Battle","floor":46,"turns":5},{"damage":16,"enemies":"3 Darklings","floor":47,"turns":5},{"damage":0,"enemies":"Spire Growth","floor":48,"turns":6},{"damage":87,"enemies":"Awakened One","floor":50,"turns":11}],"seed_played":"971910683259265043","potions_obtained":[{"floor":3,"key":"AttackPotion"},{"floor":4,"key":"Block Potion"},{"floor":16,"key":"SkillPotion"},{"floor":18,"key":"AttackPotion"},{"floor":25,"key":"Ancient Potion"},{"floor":27,"key":"Fire Potion"},{"floor":30,"key":"FearPotion"},{"floor":38,"key":"Energy Potion"},{"floor":39,"key":"Dexterity Potion"},{"floor":41,"key":"SpeedPotion"},{"floor":42,"key":"Energy Potion"},{"floor":46,"key":"Energy Potion"}],"is_trial":false,"path_per_floor":["M","$","M","M","M","R","E","M","T","R","R","?","T","?","R","B",null,"M","M","$","?","M","R","R","E","T","M","?","R","M","M","R","B",null,"M","$","M","M","M","R","E","?","T","M","E","?","M","M","R","B",null],"character_chosen":"DEFECT","items_purchased":["Defragment","PreservedInsect","Seek","War Paint","Sundial"],"campfire_rested":1,"item_purchase_floors":[2,2,2,20,36],"current_hp_per_floor":[53,53,43,43,34,34,21,21,21,21,21,6,6,3,25,25,75,74,74,74,53,52,52,52,51,51,55,55,55,59,61,61,75,75,71,71,75,75,75,75,89,51,51,72,75,89,89,89,89,47],"gold":826,"neow_bonus":"TWO_FIFTY_GOLD","is_prod":false,"is_daily":false,"chose_seed":false,"campfire_upgraded":9,"win_rate":0,"timestamp":1555200294,"path_taken":["M","$","M","M","M","R","E","M","T","R","R","?","?","?","R","BOSS","M","M","$","?","?","R","R","E","T","M","?","R","M","M","R","BOSS","M","$","M","M","M","R","E","?","T","M","E","?","?","M","R","BOSS"],"build_version":"2019-01-23","purchased_purges":3,"victory":true,"max_hp_per_floor":[75,75,75,75,75,75,75,75,75,75,75,75,75,75,75,75,75,75,75,75,75,75,75,75,75,75,75,75,75,75,75,75,75,75,75,75,75,75,75,75,89,89,89,89,89,89,89,89,89,89],"card_choices":[{"not_picked":["Sweeping Beam","Steam"],"picked":"Cold Snap","floor":1},{"not_picked":["Hologram","Stack","Heatsinks"],"picked":"SKIP","floor":3},{"not_picked":["Barrage","Streamline"],"picked":"Ball Lightning","floor":4},{"not_picked":["Streamline","Turbo"],"picked":"BootSequence","floor":5},{"not_picked":["Rebound","Beam Cell"],"picked":"Redo","floor":7},{"not_picked":["Rebound","Heatsinks"],"picked":"Cold Snap","floor":8},{"not_picked":["Reboot","Rainbow"],"picked":"Seek","floor":16},{"not_picked":["Turbo","Barrage"],"picked":"Redo","floor":18},{"not_picked":["Gash+1","Genetic Algorithm"],"picked":"Defragment","floor":19},{"not_picked":["Cold Snap","Rebound","Reprogram"],"picked":"SKIP","floor":22},{"not_picked":["Scrape","Beam Cell","Fusion"],"picked":"SKIP","floor":25},{"not_picked":["Stack","Hologram","Leap+1"],"picked":"SKIP","floor":27},{"not_picked":["Stack+1","BootSequence+1"],"picked":"Creative AI","floor":30},{"not_picked":["Consume+1","Static Discharge","Reprogram+1"],"picked":"SKIP","floor":31},{"not_picked":["Electrodynamics","Fission+1"],"picked":"Echo Form","floor":33},{"not_picked":["Redo+1","Leap+1","Ball Lightning"],"picked":"SKIP","floor":35},{"not_picked":["Steam+1","Force Field+1","Hello World+1"],"picked":"SKIP","floor":37},{"not_picked":["Coolheaded+1","Force Field+1","Stack+1"],"picked":"SKIP","floor":38},{"not_picked":["Redo+1","Cold Snap+1","Reinforced Body+1"],"picked":"SKIP","floor":39},{"not_picked":["Echo Form","Beam Cell","Redo+1"],"picked":"SKIP","floor":41},{"not_picked":["Self Repair","Hologram+1"],"picked":"Loop+1","floor":42},{"not_picked":["Barrage+1","Compile Driver+1"],"picked":"White Noise+1","floor":44},{"not_picked":["Chaos+1","Go for the Eyes+1","Cold Snap+1"],"picked":"SKIP","floor":45},{"not_picked":["Leap+1","Scrape","Streamline+1"],"picked":"SKIP","floor":47},{"not_picked":["Streamline+1","Core Surge","Compile Driver"],"picked":"SKIP","floor":48}],"player_experience":173306,"relics_obtained":[{"floor":7,"key":"Potion Belt"},{"floor":9,"key":"WingedGreaves"},{"floor":13,"key":"The Courier"},{"floor":25,"key":"Bird Faced Urn"},{"floor":26,"key":"Happy Flower"},{"floor":41,"key":"Mango"},{"floor":42,"key":"Du-Vu Doll"},{"floor":43,"key":"Dream Catcher"},{"floor":45,"key":"Art of War"},{"floor":46,"key":"Old Coin"}],"event_choices":[{"damage_healed":0,"gold_gain":0,"player_choice":"Entered Light","damage_taken":15,"max_hp_gain":0,"max_hp_loss":0,"event_name":"Shining Light","floor":12,"gold_loss":0,"cards_upgraded":["Cold Snap","Cold Snap"]},{"damage_healed":0,"gold_gain":0,"player_choice":"Fled","damage_taken":3,"max_hp_gain":0,"max_hp_loss":0,"event_name":"Scrap Ooze","floor":14,"gold_loss":0},{"damage_healed":0,"gold_gain":180,"player_choice":"GOLD GOLD ","damage_taken":21,"max_hp_gain":0,"max_hp_loss":0,"event_name":"Knowing Skull","floor":21,"potions_obtained":[],"gold_loss":0,"cards_obtained":[]},{"damage_healed":0,"gold_gain":0,"player_choice":"Opened","damage_taken":0,"relics_obtained":["Toxic Egg 2"],"max_hp_gain":0,"max_hp_loss":0,"event_name":"The Mausoleum","floor":28,"gold_loss":0,"cards_obtained":["Writhe"]},{"damage_healed":0,"gold_gain":0,"player_choice":"Fight","damage_taken":0,"max_hp_gain":0,"max_hp_loss":0,"event_name":"Mysterious Sphere","floor":42,"gold_loss":0},{"damage_healed":0,"gold_gain":0,"player_choice":"Fight","damage_taken":0,"max_hp_gain":0,"max_hp_loss":0,"event_name":"MindBloom","floor":46,"gold_loss":0}],"is_beta":false,"boss_relics":[{"not_picked":["Busted Crown","Fusion Hammer"],"picked":"FrozenCore"},{"not_picked":["Cursed Key","Pandora\u0027s Box"],"picked":"Philosopher\u0027s Stone"}],"items_purged_floors":[2,20,36],"is_endless":false,"potions_floor_spawned":[3,4,16,18,25,27,30,38,39,41,42,46,48],"ascension_level":1}