{"gold_per_floor":[146,163,181,201,213,242,242,269,269,269,194,194,194,226,226,321,321,333,136,136,150,170,204,204,239,239,267,267,281,281,38,38,139,139,158,174,188,201,119,119,119,153,234,246,274,286,325,350,362,374],"floor_reached":50,"playtime":4770,"items_purged":["Strike_B","Parasite","Strike_B"],"score":635,"play_id":"0679d712-d5da-465e-a4df-4ce1bc05f830","local_time":"20190711221256","is_ascension_mode":true,"campfire_choices":[{"data":"Zap","floor":7.0,"key":"SMITH"},{"floor":10.0,"key":"REST"},{"data":"Defragment","floor":13.0,"key":"SMITH"},{"data":"Dualcast","floor":15.0,"key":"SMITH"},{"floor":24.0,"key":"REST"},{"floor":30.0,"key":"REST"},{"floor":32.0,"key":"REST"},{"floor":40,"key":"RECALL"},{"floor":44,"key":"REST"},{"floor":49,"key":"REST"}],"neow_cost":"NONE","seed_source_timestamp":0,"circlet_count":0,"master_deck":["Strike_B","Defend_B","Defend_B","Defend_B","Defend_B","Zap+1","Dualcast+1","Coolheaded","Cold Snap","Defragment+1","Biased Cognition","All For One","Conserve Battery","All For One","Go for the Eyes","Defragment","Gash","Gash","Thunder Strike","Consume+1","Go for the Eyes","Gash","Scrape","Biased Cognition","FTL+1","Parasite","Go for the Eyes+1","Loop","Writhe","Chill+1"],"special_seed":0,"relics":["FrozenCore","Tiny Chest","Incense Burner","WingedGreaves","Mercury Hourglass","Vajra","Fusion Hammer","Du-Vu Doll","Toxic Egg 2","Bag of Marbles","Juzu Bracelet","MawBank","Oddly Smooth Stone"],"potions_floor_usage":[33,37,42,50],"damage_taken":[{"damage":1.0,"enemies":"Jaw Worm","floor":1.0,"turns":3.0},{"damage":0.0,"enemies":"2 Louse","floor":2.0,"turns":3.0},{"damage":0.0,"enemies":"Small Slimes","floor":3.0,"turns":3.0},{"damage":3.0,"enemies":"Looter","floor":4.0,"turns":4.0},{"damage":5.0,"enemies":"Red Slaver","floor":5.0,"turns":4.0},{"damage":28.0,"enemies":"Lagavulin","floor":6.0,"turns":8.0},{"damage":21.0,"enemies":"3 Sentries","floor":8.0,"turns":6.0},{"damage":7.0,"enemies":"Gremlin Nob","floor":14.0,"turns":4.0},{"damage":7.0,"enemies":"Hexaghost","floor":16.0,"turns":10.0},{"damage":10.0,"enemies":"3 Byrds","floor":18.0,"turns":4.0},{"damage":0.0,"enemies":"Shell Parasite","floor":21.0,"turns":3.0},{"damage":0.0,"enemies":"Sentry and Sphere","floor":22.0,"turns":4.0},{"damage":33.0,"enemies":"Slavers","floor":23.0,"turns":4.0},{"damage":0.0,"enemies":"Gremlin Leader","floor":25.0,"turns":4.0},{"damage":12.0,"enemies":"Book of Stabbing","floor":27.0,"turns":3.0},{"damage":11.0,"enemies":"Snake Plant","floor":29.0,"turns":4.0},{"damage":7,"enemies":"Champ","floor":33,"turns":7},{"damage":0,"enemies":"3 Darklings","floor":35,"turns":6},{"damage":0,"enemies":"Orb Walker","floor":36,"turns":2},{"damage":15,"enemies":"Writhing Mass","floor":37,"turns":8},{"damage":0,"enemies":"4 Shapes","floor":38,"turns":7},{"damage":36,"enemies":"Nemesis","floor":42,"turns":15},{"damage":10,"enemies":"3 Darklings","floor":45,"turns":4},{"damage":8,"enemies":"Giant Head","floor":47,"turns":8},{"damage":9,"enemies":"Sphere and 2 Shapes","floor":48,"turns":8},{"damage":53,"enemies":"Donu and Deca","floor":50,"turns":7}],"seed_played":"-3515170901607607238","potions_obtained":[{"floor":1.0,"key":"EssenceOfSteel"},{"floor":2.0,"key":"PowerPotion"},{"floor":8.0,"key":"SteroidPotion"},{"floor":25.0,"key":"Fire Potion"},{"floor":27.0,"key":"FocusPotion"},{"floor":29.0,"key":"Block Potion"},{"floor":33,"key":"Energy Potion"},{"floor":37,"key":"Swift Potion"}],"is_trial":false,"path_per_floor":["M","M","M","M","M","E","R","E","T","R","$","?","R","E","R","B",null,"M","$","?","M","M","E","R","E","T","E","?","M","R","$","R","B",null,"M","M","M","M","$","R","?","E","T","R","M","?","E","M","R","B"],"character_chosen":"DEFECT","items_purchased":["Defragment","Gash","Gash","Scrape","Loop"],"campfire_rested":6,"item_purchase_floors":[19,19,31,31,39],"current_hp_per_floor":[74,74,74,71,66,38,38,17,17,39,39,57,57,50,50,43,75,65,65,65,65,65,32,53,53,53,41,41,30,51,51,72,65,72,72,72,57,57,57,57,72,36,36,57,47,47,39,30,51,0],"gold":374,"neow_bonus":"RANDOM_COMMON_RELIC","is_prod":false,"is_daily":false,"chose_seed":false,"campfire_upgraded":3,"win_rate":0,"timestamp":1562897576,"path_taken":["M","M","M","M","M","E","R","E","T","R","$","?","R","E","R","BOSS","M","$","?","M","M","E","R","E","T","E","?","M","R","$","R","BOSS","M","M","M","M","$","R","?","E","T","R","M","?","E","M","R","BOSS"],"build_version":"2019-07-05","purchased_purges":3,"victory":false,"max_hp_per_floor":[75,75,75,75,75,75,75,75,75,75,75,75,75,75,75,75,75,75,72,72,72,72,72,72,72,72,72,72,72,72,72,72,72,72,72,72,72,72,72,72,72,72,72,72,72,72,72,72,72,72],"card_choices":[{"not_picked":["Undo","Barrage"],"picked":"Coolheaded","floor":1.0},{"not_picked":["Turbo","Sunder","FTL"],"picked":"SKIP","floor":2.0},{"not_picked":["Ball Lightning","Leap"],"picked":"Cold Snap","floor":3.0},{"not_picked":["Beam Cell","Aggregate"],"picked":"Defragment","floor":4.0},{"not_picked":["Streamline","Compile Driver"],"picked":"Biased Cognition","floor":5.0},{"not_picked":["Go for the Eyes","Redo"],"picked":"All For One","floor":6.0},{"not_picked":["Fusion","Coolheaded"],"picked":"Conserve Battery","floor":8.0},{"not_picked":["Turbo","Compile Driver","Conserve Battery"],"picked":"SKIP","floor":14.0},{"not_picked":["Buffer","Meteor Strike"],"picked":"All For One","floor":16.0},{"not_picked":["FTL","Genetic Algorithm"],"picked":"Go for the Eyes","floor":18.0},{"not_picked":["Ball Lightning","BootSequence","Barrage"],"picked":"SKIP","floor":21.0},{"not_picked":["Force Field","Leap","Conserve Battery"],"picked":"SKIP","floor":22.0},{"not_picked":["Cold Snap","Streamline"],"picked":"Thunder Strike","floor":23.0},{"not_picked":["Ball Lightning","Steam Power","Fusion"],"picked":"SKIP","floor":25.0},{"not_picked":["Leap+1","Rainbow+1"],"picked":"Consume+1","floor":27.0},{"not_picked":["Undo+1","Hello World"],"picked":"Go for the Eyes","floor":29.0},{"not_picked":["All For One","Hyperbeam"],"picked":"Biased Cognition","floor":33},{"not_picked":["Beam Cell","Rebound"],"picked":"FTL+1","floor":35},{"not_picked":["Sunder","Streamline+1","Reprogram+1"],"picked":"SKIP","floor":36},{"not_picked":["Cold Snap","Beam Cell+1"],"picked":"Go for the Eyes+1","floor":37},{"not_picked":["Stack+1","Turbo+1","Cold Snap"],"picked":"SKIP","floor":38},{"not_picked":["Recycle+1","Multi-Cast+1","Sweeping Beam"],"picked":"SKIP","floor":42},{"not_picked":["Auto Shields+1","Coolheaded+1"],"picked":"Chill+1","floor":45},{"not_picked":["Rebound+1","Heatsinks","Lockon"],"picked":"SKIP","floor":47},{"not_picked":["Sweeping Beam","Hello World","Turbo+1"],"picked":"SKIP","floor":48}],"player_experience":290572,"relics_obtained":[{"floor":6.0,"key":"Incense Burner"},{"floor":8.0,"key":"WingedGreaves"},{"floor":9.0,"key":"Mercury Hourglass"},{"floor":14.0,"key":"Vajra"},{"floor":23.0,"key":"Du-Vu Doll"},{"floor":25.0,"key":"Toxic Egg 2"},{"floor":26.0,"key":"Bag of Marbles"},{"floor":27.0,"key":"Juzu Bracelet"},{"floor":42,"key":"MawBank"},{"floor":47,"key":"Oddly Smooth Stone"}],"event_choices":[{"damage_healed":18.0,"max_hp_gain":0.0,"max_hp_loss":0.0,"gold_gain":0.0,"event_name":"Mushrooms","player_choice":"Healed and dodged fight","floor":12.0,"gold_loss":0.0,"damage_taken":0.0,"cards_obtained":["Parasite"]},{"damage_healed":0.0,"max_hp_gain":0.0,"max_hp_loss":0.0,"gold_gain":0.0,"event_name":"The Library","player_choice":"Read","floor":20.0,"gold_loss":0.0,"damage_taken":0.0,"cards_obtained":["Gash"]},{"cards_removed":["Strike_B"],"damage_healed":0.0,"max_hp_gain":0.0,"max_hp_loss":0.0,"gold_gain":0.0,"event_name":"Back to Basics","player_choice":"Elegance","floor":28.0,"gold_loss":0.0,"damage_taken":0.0},{"damage_healed":18,"gold_gain":0,"player_choice":"Writhe","damage_taken":0,"max_hp_gain":0,"max_hp_loss":0,"event_name":"Winding Halls","floor":41,"gold_loss":0,"cards_obtained":["Writhe"]},{"damage_healed":0,"gold_gain":0,"player_choice":"Ignored","damage_taken":0,"max_hp_gain":0,"max_hp_loss":0,"event_name":"Mysterious Sphere","floor":46,"gold_loss":0}],"is_beta":false,"boss_relics":[{"not_picked":["Tiny House","Calling Bell"],"picked":"Fusion Hammer"},{"not_picked":["Nuclear Battery","Runic Dome"],"picked":"FrozenCore"}],"items_purged_floors":[11,19,31],"is_endless":false,"potions_floor_spawned":[1,2,8,25,27,29,33,37,38],"killed_by":"Donu and Deca","ascension_level":1}