{"gold_per_floor":[114,125,50,64,83,83,83,83,107,118,118,128,128,140,140,140],"floor_reached":16,"playtime":1932,"items_purged":["Regret"],"score":188,"play_id":"e614a7cd-c2c9-4f64-b847-2f066b400726","local_time":"20190331200902","is_ascension_mode":true,"campfire_choices":[{"floor":6,"key":"DIG"},{"floor":8,"key":"DIG"},{"floor":11,"key":"DIG"},{"data":"Armaments","floor":15,"key":"SMITH"}],"neow_cost":"CURSE","seed_source_timestamp":1403890248636667,"circlet_count":0,"master_deck":["AscendersBane","Strike_R","Strike_R","Strike_R","Strike_R","Defend_R","Defend_R","Defend_R","Defend_R","Bash","Thunderclap","Shockwave","Armaments+1","Feel No Pain","Headbutt+1","True Grit"],"relics":["Burning Blood","Shovel","Bag of Marbles","Gambling Chip","Molten Egg 2"],"potions_floor_usage":[16,16],"damage_taken":[{"damage":4,"enemies":"2 Louse","floor":1,"turns":3},{"damage":6,"enemies":"Cultist","floor":2,"turns":3},{"damage":5,"enemies":"Small Slimes","floor":4,"turns":3},{"damage":8,"enemies":"Blue Slaver","floor":5,"turns":7},{"damage":5,"enemies":"3 Louse","floor":10,"turns":4},{"damage":15,"enemies":"Exordium Thugs","floor":12,"turns":6},{"damage":10,"enemies":"Blue Slaver","floor":14,"turns":3},{"damage":63,"enemies":"Slime Boss","floor":16,"turns":10}],"seed_played":"4256772091814066116","potions_obtained":[{"floor":1,"key":"Strength Potion"},{"floor":12,"key":"Weak Potion"}],"is_trial":false,"path_per_floor":["M","M","$","M","M","R","?","R","T","M","R","M","?","M","R","B"],"character_chosen":"IRONCLAD","items_purchased":[],"campfire_rested":0,"item_purchase_floors":[],"current_hp_per_floor":[70,70,70,71,69,69,62,62,62,63,63,54,54,50,50,0],"gold":140,"neow_bonus":"ONE_RARE_RELIC","is_prod":false,"is_daily":false,"chose_seed":false,"campfire_upgraded":1,"win_rate":0,"timestamp":1554088142,"path_taken":["M","M","$","M","M","R","?","R","T","M","R","M","?","M","R","BOSS"],"build_version":"2019-01-23","purchased_purges":1,"victory":false,"max_hp_per_floor":[75,75,75,75,75,75,75,75,75,75,75,75,75,75,75,75],"card_choices":[{"not_picked":["Rage","Bloodletting"],"picked":"Thunderclap","floor":1},{"not_picked":["Heavy Blade","Perfected Strike"],"picked":"Shockwave","floor":2},{"not_picked":["Warcry","Body Slam"],"picked":"Armaments","floor":4},{"not_picked":["Intimidate","Sentinel","Iron Wave"],"picked":"SKIP","floor":5},{"not_picked":["Power Through","Impervious"],"picked":"Feel No Pain","floor":10},{"not_picked":["Thunderclap+1","Burning Pact"],"picked":"Headbutt+1","floor":12},{"not_picked":["Bloodletting","Armaments"],"picked":"True Grit","floor":14}],"player_experience":793651,"relics_obtained":[{"floor":6,"key":"Bag of Marbles"},{"floor":8,"key":"Gambling Chip"},{"floor":11,"key":"Molten Egg 2"}],"event_choices":[{"cards_removed":["Strike_R"],"damage_healed":0,"gold_gain":0,"player_choice":"Card Removal","damage_taken":7,"max_hp_gain":0,"max_hp_loss":0,"event_name":"Golden Wing","floor":7,"gold_loss":0},{"damage_healed":0,"gold_gain":0,"player_choice":"0 cards matched","damage_taken":0,"max_hp_gain":0,"max_hp_loss":0,"event_name":"Match and Keep!","floor":13,"gold_loss":0,"cards_obtained":[]}],"is_beta":false,"boss_relics":[],"items_purged_floors":[3],"is_endless":false,"potions_floor_spawned":[1,12,14],"killed_by":"Slime Boss","ascension_level":20}