{"gold_per_floor":[211,211,226,326,10,10,22,32,32,64,64,76,88,117,117,117],"floor_reached":16,"playtime":2313,"items_purged":[],"score":137,"play_id":"0b018c7b-d2b9-42ae-871f-00bc45c4db9a","local_time":"20190710052133","is_ascension_mode":false,"campfire_choices":[{"floor":6,"key":"DIG"},{"floor":15,"key":"DIG"}],"neow_cost":"NONE","seed_source_timestamp":1891420562751632,"circlet_count":0,"master_deck":["Strike_G","Strike_G","Strike_G+1","Strike_G+1","Strike_G","Defend_G","Defend_G","Defend_G","Defend_G","Defend_G","Survivor","Neutralize","Crippling Poison","Poisoned Stab","Corpse Explosion","Catalyst"],"relics":["Ring of the Snake","Shovel","Matryoshka","Snake Skull","Mercury Hourglass","Ancient Tea Set","Turnip","Whetstone"],"potions_floor_usage":[10,10,13,13,13,14,14,16],"damage_taken":[{"damage":0,"enemies":"Small Slimes","floor":1,"turns":3},{"damage":0,"enemies":"Cultist","floor":3,"turns":5},{"damage":0,"enemies":"Jaw Worm","floor":7,"turns":4},{"damage":4,"enemies":"Red Slaver","floor":8,"turns":5},{"damage":0,"enemies":"Gremlin Nob","floor":10,"turns":5},{"damage":0,"enemies":"3 Louse","floor":12,"turns":1},{"damage":0,"enemies":"Exordium Wildlife","floor":13,"turns":2},{"damage":2,"enemies":"Lagavulin","floor":14,"turns":6},{"damage":76,"enemies":"Slime Boss","floor":16,"turns":11}],"seed_played":"825358358450454958","potions_obtained":[{"floor":1,"key":"GhostInAJar"},{"floor":2,"key":"EntropicBrew"},{"floor":2,"key":"Block Potion"},{"floor":12,"key":"SpeedPotion"},{"floor":13,"key":"Swift Potion"},{"floor":14,"key":"Energy Potion"}],"is_trial":false,"path_per_floor":["M","?","M","?","$","R","M","M","T","E","$","M","M","E","R","B"],"character_chosen":"THE_SILENT","items_purchased":["Shovel","Poisoned Stab"],"campfire_rested":0,"item_purchase_floors":[5,5],"current_hp_per_floor":[70,70,70,70,70,70,70,66,66,66,66,66,66,64,64,0],"gold":117,"neow_bonus":"HUNDRED_GOLD","is_prod":false,"is_daily":false,"chose_seed":false,"campfire_upgraded":0,"win_rate":0,"timestamp":1562754093,"path_taken":["M","?","?","?","$","R","M","M","T","E","$","M","M","E","R","BOSS"],"build_version":"2019-07-05","purchased_purges":0,"victory":false,"max_hp_per_floor":[70,70,70,70,70,70,70,70,70,70,70,70,70,70,70,70],"card_choices":[{"not_picked":["Masterful Stab","Poisoned Stab"],"picked":"Crippling Poison","floor":1},{"not_picked":["Well Laid Plans","Bane","Dodge and Roll"],"picked":"SKIP","floor":3},{"not_picked":["Tactician","Blade Dance","Concentrate"],"picked":"SKIP","floor":7},{"not_picked":["Accuracy","Quick Slash","Blade Dance"],"picked":"SKIP","floor":8},{"not_picked":["Acrobatics","Dagger Throw"],"picked":"Corpse Explosion","floor":10},{"not_picked":["Blade Dance","Eviscerate","Dodge and Roll"],"picked":"SKIP","floor":12},{"not_picked":["Footwork","Bane","Dodge and Roll"],"picked":"SKIP","floor":13},{"not_picked":["Tactician","Concentrate"],"picked":"Catalyst","floor":14}],"player_experience":328646,"relics_obtained":[{"floor":6,"key":"Matryoshka"},{"floor":9,"key":"Snake Skull"},{"floor":9,"key":"Mercury Hourglass"},{"floor":10,"key":"Ancient Tea Set"},{"floor":14,"key":"Turnip"},{"floor":15,"key":"Whetstone"}],"event_choices":[{"damage_healed":0,"gold_gain":0,"player_choice":"Got Potions","damage_taken":0,"max_hp_gain":0,"max_hp_loss":0,"event_name":"Lab","floor":2,"gold_loss":0},{"damage_healed":0,"gold_gain":100,"player_choice":"Pray","damage_taken":0,"max_hp_gain":0,"max_hp_loss":0,"event_name":"Golden Shrine","floor":4,"gold_loss":0}],"is_beta":false,"boss_relics":[],"items_purged_floors":[],"is_endless":false,"potions_floor_spawned":[1,12,13,14],"killed_by":"Slime Boss","ascension_level":0}