{"gold_per_floor":[114,114,133,133,153,153,10,38,38,38,73,73,86,104,104,199,249,265,265,284,24,37,37,37,37,37,37,37,67,67,78,78,78],"floor_reached":33,"playtime":4054,"items_purged":[],"score":462,"play_id":"16b173e1-432d-4e9d-8caf-84388a8f4231","local_time":"20181225092125","is_ascension_mode":true,"campfire_choices":[{"data":"Berserk","floor":6.0,"key":"SMITH"},{"data":"Combust","floor":10.0,"key":"SMITH"},{"data":"Juggernaut","floor":12.0,"key":"SMITH"},{"data":"Rupture","floor":15.0,"key":"SMITH"},{"data":"Shrug It Off","floor":23.0,"key":"SMITH"},{"data":"Master of Strategy","floor":25.0,"key":"SMITH"},{"floor":32.0,"key":"RECALL"}],"neow_cost":"NONE","seed_source_timestamp":0,"circlet_count":0,"master_deck":["AscendersBane","Strike_R+1","Strike_R","Strike_R","Strike_R","Strike_R","Defend_R","Defend_R","Defend_R+1","Defend_R+1","Bash","Cleave","Combust+1","Berserk+1","Blood for Blood","Juggernaut+1","Shrug It Off+1","Rupture+1","Reaper","Combust","Shrug It Off+1","Master of Strategy+1","Dual Wield","Battle Trance","Shame","Ghostly","Ghostly","Ghostly","Ghostly","Ghostly"],"special_seed":0,"relics":["Burning Blood","NeowsBlessing","Bird Faced Urn","War Paint","Bag of Marbles","Juzu Bracelet","Tiny House","Boot","Vajra","Shuriken","Oddly Smooth Stone","Bottled Tornado"],"potions_floor_usage":[33],"damage_taken":[{"damage":0.0,"enemies":"Small Slimes","floor":1.0,"turns":1.0},{"damage":0.0,"enemies":"Cultist","floor":3.0,"turns":1.0},{"damage":0.0,"enemies":"Jaw Worm","floor":5.0,"turns":1.0},{"damage":30.0,"enemies":"Gremlin Nob","floor":8.0,"turns":4.0},{"damage":23.0,"enemies":"Lagavulin","floor":11.0,"turns":6.0},{"damage":14.0,"enemies":"Exordium Wildlife","floor":13.0,"turns":3.0},{"damage":12.0,"enemies":"Large Slime","floor":14.0,"turns":5.0},{"damage":22.0,"enemies":"The Guardian","floor":16.0,"turns":9.0},{"damage":45.0,"enemies":"Shell Parasite","floor":18.0,"turns":6.0},{"damage":8.0,"enemies":"Spheric Guardian","floor":20.0,"turns":5.0},{"damage":27.0,"enemies":"Cultist and Chosen","floor":22.0,"turns":4.0},{"damage":28.0,"enemies":"Gremlin Leader","floor":29.0,"turns":4.0},{"damage":10.0,"enemies":"Centurion and Healer","floor":31.0,"turns":7.0},{"damage":63,"enemies":"Collector","floor":33,"turns":7}],"seed_played":"1619574855918932002","potions_obtained":[{"floor":5.0,"key":"Strength Potion"},{"floor":11.0,"key":"Ancient Potion"},{"floor":13.0,"key":"Explosive Potion"},{"floor":17.0,"key":"Strength Potion"},{"floor":18.0,"key":"LiquidBronze"},{"floor":20.0,"key":"Poison Potion"}],"is_trial":false,"path_per_floor":["M","?","M","?","M","R","$","E","T","R","E","R","M","M","R","B",null,"M","?","M","$","M","M","R","?","R","T","T","$","E","?","M","R","B"],"character_chosen":"IRONCLAD","items_purchased":["War Paint","Master of Strategy","Dual Wield"],"campfire_rested":0,"item_purchase_floors":[7,21,21],"current_hp_per_floor":[78,71,77,77,80,80,80,58,58,58,45,45,39,39,39,31,73,44,44,50,50,39,39,39,39,39,39,39,27,27,42,42,0],"gold":78,"neow_bonus":"THREE_ENEMY_KILL","is_prod":false,"is_daily":false,"chose_seed":false,"campfire_upgraded":6,"win_rate":0,"timestamp":1545758485,"path_taken":["M","?","M","?","?","R","?","E","T","R","E","R","M","M","R","BOSS","M","?","M","$","M","R","?","R","T","?","$","E","?","M","R","BOSS"],"build_version":"2018-12-20","purchased_purges":0,"victory":false,"max_hp_per_floor":[80,80,80,80,80,80,80,80,80,80,80,80,80,80,80,80,85,85,85,85,85,85,85,85,85,85,85,85,85,42,42,42,42],"card_choices":[{"not_picked":["Entrench","Carnage"],"picked":"Cleave","floor":1.0},{"not_picked":["Corruption","Body Slam"],"picked":"Combust","floor":3.0},{"not_picked":["Thunderclap","Seeing Red"],"picked":"Berserk","floor":5.0},{"not_picked":["Clothesline","Wild Strike"],"picked":"Blood for Blood","floor":8.0},{"not_picked":["Pommel Strike","Bludgeon"],"picked":"Juggernaut","floor":11.0},{"not_picked":["Headbutt","Havoc"],"picked":"Shrug It Off","floor":13.0},{"not_picked":["Pommel Strike","Infernal Blade"],"picked":"Rupture","floor":14.0},{"not_picked":["Immolate","Demon Form"],"picked":"Reaper","floor":16.0},{"not_picked":["Whirlwind","Feel No Pain"],"picked":"Combust","floor":17.0},{"not_picked":["Perfected Strike","Warcry"],"picked":"Shrug It Off+1","floor":18.0},{"not_picked":["Cleave","Clash","Wild Strike"],"picked":"SKIP","floor":20.0},{"not_picked":["True Grit","Shrug It Off"],"picked":"Battle Trance","floor":22.0},{"not_picked":["Clothesline+1","Whirlwind","Cleave"],"picked":"SKIP","floor":29.0},{"not_picked":["Fire Breathing","Dropkick+1","Headbutt+1"],"picked":"SKIP","floor":31.0}],"player_experience":534012,"relics_obtained":[{"floor":8.0,"key":"Bag of Marbles"},{"floor":11.0,"key":"Juzu Bracelet"},{"floor":26.0,"key":"Shuriken"},{"floor":27.0,"key":"Oddly Smooth Stone"},{"floor":29.0,"key":"Bottled Tornado"}],"event_choices":[{"damage_healed":0.0,"max_hp_gain":0.0,"max_hp_loss":0.0,"gold_gain":0.0,"event_name":"Scrap Ooze","player_choice":"Success","floor":2.0,"gold_loss":0.0,"damage_taken":7.0,"relics_obtained":["Bird Faced Urn"]},{"damage_healed":0.0,"max_hp_gain":0.0,"max_hp_loss":0.0,"gold_gain":0.0,"event_name":"The Woman in Blue","player_choice":"Bought 0 Potions","floor":4.0,"gold_loss":0.0,"damage_taken":0.0},{"damage_healed":0.0,"max_hp_gain":0.0,"max_hp_loss":0.0,"gold_gain":0.0,"event_name":"The Mausoleum","player_choice":"Opened","floor":19.0,"gold_loss":0.0,"damage_taken":0.0,"relics_obtained":["Boot"]},{"damage_healed":0.0,"max_hp_gain":0.0,"max_hp_loss":0.0,"gold_gain":0.0,"event_name":"Addict","player_choice":"Stole Relic","floor":24.0,"gold_loss":0.0,"damage_taken":0.0,"relics_obtained":["Vajra"],"cards_obtained":["Shame"]},{"damage_healed":0.0,"max_hp_gain":0.0,"max_hp_loss":43.0,"gold_gain":0.0,"event_name":"Ghosts","player_choice":"Became a Ghost","floor":30.0,"gold_loss":0.0,"damage_taken":0.0,"cards_obtained":["Ghostly","Ghostly","Ghostly","Ghostly","Ghostly"]}],"is_beta":false,"boss_relics":[{"not_picked":["Astrolabe","Pandora\u0027s Box"],"picked":"Tiny House"}],"items_purged_floors":[],"is_endless":false,"potions_floor_spawned":[5,11,13,14,18,20],"killed_by":"Collector","ascension_level":12}