{"gold_per_floor":[110,122,142,73,93,93,121,53,53,83,95,110,110,78,78,174,174,186,176,193,209,219,91,190,190,244,244,244,263,263,280,280,384,384,401,420,437,61,61,96,96,121,172,172,185,185,199,74,74,74],"floor_reached":51,"playtime":2632,"items_purged":["Strike_B","Defend_B","Strike_B"],"score":898,"play_id":"165f6b10-3944-406d-8301-afc1a7d174ea","local_time":"20190624174642","is_ascension_mode":true,"campfire_choices":[{"data":"Sunder","floor":6,"key":"SMITH"},{"data":"Defragment","floor":13,"key":"SMITH"},{"data":"Consume","floor":15,"key":"SMITH"},{"data":"Hyperbeam","floor":25,"key":"SMITH"},{"data":"Self Repair","floor":27,"key":"SMITH"},{"data":"Chill","floor":30,"key":"SMITH"},{"data":"Capacitor","floor":32,"key":"SMITH"},{"data":"Echo Form","floor":41,"key":"SMITH"},{"floor":44,"key":"DIG"},{"floor":46,"key":"DIG"},{"floor":49,"key":"DIG"}],"neow_cost":"CURSE","seed_source_timestamp":489165153654104,"circlet_count":0,"master_deck":["Strike_B+1","Strike_B+1","Defend_B","Defend_B","Defend_B+1","Zap","Dualcast","Writhe","Cold Snap","Redo","Defragment+1","Self Repair+1","Sunder+1","Chill+1","Capacitor+1","Cold Snap","Conserve Battery","Consume+1","Hyperbeam+1","Lockon+1","Cold Snap","Coolheaded+1","Defragment+1","Redo","Echo Form+1","Tempest+1","Coolheaded+1","Parasite"],"relics":["FrozenCore","Ice Cream","FossilizedHelix","Symbiotic Virus","Darkstone Periapt","Coffee Dripper","PreservedInsect","Runic Capacitor","Shovel","Whetstone","Ancient Tea Set","Pear","Thread and Needle","War Paint"],"potions_floor_usage":[7,22,22],"damage_taken":[{"damage":0,"enemies":"Cultist","floor":1,"turns":4},{"damage":8,"enemies":"Small Slimes","floor":2,"turns":2},{"damage":2,"enemies":"2 Louse","floor":3,"turns":3},{"damage":13,"enemies":"Red Slaver","floor":5,"turns":3},{"damage":10,"enemies":"Gremlin Nob","floor":7,"turns":4},{"damage":12,"enemies":"Lagavulin","floor":10,"turns":5},{"damage":21,"enemies":"Lots of Slimes","floor":11,"turns":5},{"damage":0,"enemies":"Gremlin Gang","floor":12,"turns":4},{"damage":8,"enemies":"Exordium Thugs","floor":14,"turns":5},{"damage":0,"enemies":"Slime Boss","floor":16,"turns":13},{"damage":3,"enemies":"Shell Parasite","floor":18,"turns":7},{"damage":23,"enemies":"2 Thieves","floor":19,"turns":4},{"damage":17,"enemies":"Chosen and Byrds","floor":20,"turns":4},{"damage":13,"enemies":"Snake Plant","floor":21,"turns":4},{"damage":18,"enemies":"Snecko","floor":22,"turns":4},{"damage":0,"enemies":"3 Cultists","floor":29,"turns":5},{"damage":0,"enemies":"Centurion and Healer","floor":31,"turns":7},{"damage":14,"enemies":"Champ","floor":33,"turns":21},{"damage":0,"enemies":"Orb Walker","floor":35,"turns":4},{"damage":24,"enemies":"3 Darklings","floor":36,"turns":9},{"damage":18,"enemies":"Transient","floor":37,"turns":5},{"damage":0,"enemies":"Nemesis","floor":40,"turns":7},{"damage":41,"enemies":"Reptomancer","floor":42,"turns":6},{"damage":0,"enemies":"Writhing Mass","floor":45,"turns":6},{"damage":0,"enemies":"Spire Growth","floor":47,"turns":6},{"damage":2,"enemies":"Time Eater","floor":50,"turns":12}],"seed_played":"4693925472085887492","potions_obtained":[{"floor":1,"key":"AttackPotion"},{"floor":2,"key":"FearPotion"},{"floor":7,"key":"Explosive Potion"},{"floor":18,"key":"Energy Potion"},{"floor":19,"key":"Energy Potion"},{"floor":35,"key":"SteroidPotion"},{"floor":36,"key":"Strength Potion"}],"is_trial":false,"path_per_floor":["M","M","M","$","M","R","E","$","T","E","M","M","R","M","R","B",null,"M","M","M","M","M","$","?","R","T","R","?","M","R","M","R","B",null,"M","M","M","$","?","E","R","E","T","R","M","R","M","$","R","B",null],"character_chosen":"DEFECT","items_purchased":["Self Repair","Capacitor","Coolheaded","Runic Capacitor","Tempest"],"campfire_rested":0,"item_purchase_floors":[4,8,23,38,38],"current_hp_per_floor":[75,67,65,65,52,52,49,49,49,44,30,37,37,36,36,43,75,75,59,42,29,18,18,18,18,18,18,18,28,28,38,38,34,75,75,61,53,53,53,73,73,42,42,52,68,68,78,78,78,86],"gold":74,"neow_bonus":"ONE_RARE_RELIC","is_prod":false,"is_daily":false,"chose_seed":false,"campfire_upgraded":8,"win_rate":0,"timestamp":1561423602,"path_taken":["M","?","M","$","M","R","E","$","T","E","M","M","R","M","R","BOSS","M","M","M","M","?","$","?","R","T","R","?","M","R","M","R","BOSS","M","M","M","$","?","E","R","E","T","R","M","R","?","$","R","BOSS"],"build_version":"2019-01-23","purchased_purges":3,"victory":true,"max_hp_per_floor":[75,75,75,75,75,75,75,75,75,75,75,75,75,75,75,75,75,75,75,75,75,75,75,75,75,75,75,75,75,75,75,75,75,75,75,75,75,75,75,75,75,75,75,85,91,91,91,91,91,91],"card_choices":[{"not_picked":["Undo","Leap"],"picked":"Cold Snap","floor":1},{"not_picked":["Gash","Rebound"],"picked":"Redo","floor":2},{"not_picked":["Static Discharge","Barrage"],"picked":"Defragment","floor":3},{"not_picked":["Streamline","Barrage"],"picked":"Sunder","floor":5},{"not_picked":["Genetic Algorithm","Heatsinks"],"picked":"Chill","floor":7},{"not_picked":["Conserve Battery","Force Field"],"picked":"Cold Snap","floor":10},{"not_picked":["Compile Driver","White Noise"],"picked":"Conserve Battery","floor":11},{"not_picked":["Reinforced Body","Barrage","Turbo"],"picked":"SKIP","floor":12},{"not_picked":["Multi-Cast","Reinforced Body"],"picked":"Consume","floor":14},{"not_picked":["Fission","All For One"],"picked":"Hyperbeam","floor":16},{"not_picked":["Chaos","Streamline","Force Field"],"picked":"SKIP","floor":18},{"not_picked":["Barrage+1","Rebound"],"picked":"Lockon+1","floor":19},{"not_picked":["Sunder+1","Steam+1","Stack"],"picked":"SKIP","floor":20},{"not_picked":["Reboot","Leap+1","Stack"],"picked":"SKIP","floor":21},{"not_picked":["Streamline","Rebound+1"],"picked":"Cold Snap","floor":22},{"not_picked":["Beam Cell","BootSequence","Cold Snap+1"],"picked":"SKIP","floor":29},{"not_picked":["Go for the Eyes","Cold Snap"],"picked":"Redo","floor":31},{"not_picked":["Seek","Rainbow"],"picked":"Echo Form","floor":33},{"not_picked":["Rip and Tear","Rebound+1","Sweeping Beam"],"picked":"SKIP","floor":35},{"not_picked":["Go for the Eyes+1","Hologram","Redo+1"],"picked":"SKIP","floor":36},{"not_picked":["Compile Driver","Stack+1","Force Field+1"],"picked":"SKIP","floor":37},{"not_picked":["Reboot","Barrage","FTL"],"picked":"SKIP","floor":40},{"not_picked":["Consume","Leap"],"picked":"Coolheaded+1","floor":42},{"not_picked":["Self Repair","Heatsinks+1","Redo+1"],"picked":"SKIP","floor":45},{"not_picked":["Hologram","Reboot","Redo+1"],"picked":"SKIP","floor":47}],"player_experience":218776,"relics_obtained":[{"floor":7,"key":"FossilizedHelix"},{"floor":9,"key":"Symbiotic Virus"},{"floor":10,"key":"Darkstone Periapt"},{"floor":26,"key":"PreservedInsect"},{"floor":40,"key":"Shovel"},{"floor":42,"key":"Whetstone"},{"floor":43,"key":"Ancient Tea Set"},{"floor":44,"key":"Pear"},{"floor":46,"key":"Thread and Needle"},{"floor":49,"key":"War Paint"}],"event_choices":[{"damage_healed":0,"gold_gain":99,"player_choice":"Stole From Cult","damage_taken":0,"max_hp_gain":0,"max_hp_loss":0,"event_name":"Nest","floor":24,"gold_loss":0},{"damage_healed":0,"gold_gain":0,"player_choice":"Copied","damage_taken":0,"max_hp_gain":0,"max_hp_loss":0,"event_name":"Duplicator","floor":28,"gold_loss":0,"cards_obtained":["Defragment"]},{"damage_healed":0,"gold_gain":0,"player_choice":"Upgraded","damage_taken":0,"max_hp_gain":0,"max_hp_loss":0,"event_name":"Upgrade Shrine","floor":39,"gold_loss":0,"cards_upgraded":["Tempest"]}],"is_beta":false,"boss_relics":[{"not_picked":["Sozu","Runic Dome"],"picked":"Coffee Dripper"},{"not_picked":["White Beast Statue","Lizard Tail"],"picked":"FrozenCore"}],"items_purged_floors":[23,38,48],"is_endless":false,"potions_floor_spawned":[1,2,7,18,19,21,35,36,45],"ascension_level":2}