{"gold_per_floor":[111,121,136,118,133,133,144,161,161,86,119,119,119,83,83,184,184,201,213,313,313,35,35,46,46,70,70,86,86,99,117,117,117],"floor_reached":33,"playtime":3158,"items_purged":["Regret"],"score":314,"play_id":"99086819-1f5b-452f-b645-eb459d1cf002","local_time":"20190502143342","is_ascension_mode":true,"campfire_choices":[{"floor":6,"key":"REST"},{"floor":12,"key":"REST"},{"floor":15,"key":"REST"},{"floor":23,"key":"REST"},{"floor":27,"key":"REST"},{"data":"Double Tap","floor":29,"key":"SMITH"},{"floor":32,"key":"REST"}],"neow_cost":"CURSE","seed_source_timestamp":0,"circlet_count":0,"master_deck":["Strike_R","Strike_R","Strike_R","Strike_R","Strike_R","Defend_R","Defend_R","Defend_R","Defend_R","Bash","Feed","Pommel Strike","Inflame","Spot Weakness","Double Tap+1","Inflame","Perfected Strike","Flame Barrier","Exhume","Uppercut+1","Ghostly Armor"],"special_seed":0,"relics":["Black Blood","Omamori","Orichalcum","Pen Nib","Magic Flower","Question Card","Frozen Egg 2","Membership Card","Happy Flower","Vajra"],"potions_floor_usage":[8,16,16,20,33,33,33],"damage_taken":[{"damage":21,"enemies":"Cultist","floor":1,"turns":5},{"damage":22,"enemies":"2 Louse","floor":2,"turns":5},{"damage":9,"enemies":"Small Slimes","floor":3,"turns":3},{"damage":12,"enemies":"Exordium Thugs","floor":4,"turns":4},{"damage":25,"enemies":"Looter","floor":5,"turns":4},{"damage":15,"enemies":"2 Fungi Beasts","floor":7,"turns":3},{"damage":29,"enemies":"Gremlin Gang","floor":8,"turns":5},{"damage":50,"enemies":"Lagavulin","floor":11,"turns":7},{"damage":63,"enemies":"Hexaghost","floor":16,"turns":10},{"damage":39,"enemies":"2 Thieves","floor":18,"turns":4},{"damage":19,"enemies":"3 Byrds","floor":19,"turns":6},{"damage":30,"enemies":"Colosseum Slavers","floor":20,"turns":6},{"damage":37,"enemies":"Colosseum Nobs","floor":20,"turns":5},{"damage":9,"enemies":"Snecko","floor":24,"turns":4},{"damage":19,"enemies":"Centurion and Healer","floor":28,"turns":5},{"damage":31,"enemies":"Shelled Parasite and Fungi","floor":30,"turns":6},{"damage":71,"enemies":"3 Cultists","floor":31,"turns":8},{"damage":104,"enemies":"Collector","floor":33,"turns":9}],"seed_played":"583757502594745166","potions_obtained":[{"floor":2,"key":"GamblersBrew"},{"floor":3,"key":"GamblersBrew"},{"floor":7,"key":"Regen Potion"},{"floor":8,"key":"Swift Potion"},{"floor":19,"key":"SkillPotion"},{"floor":20,"key":"Poison Potion"},{"floor":24,"key":"Weak Potion"},{"floor":31,"key":"Swift Potion"}],"is_trial":false,"path_per_floor":["M","M","M","M","M","R","M","M","T","$","E","R","?","$","R","B",null,"M","M","?","T","$","R","M","$","T","R","M","R","M","M","R","B"],"character_chosen":"IRONCLAD","items_purchased":["Flame Barrier","Membership Card","Happy Flower"],"campfire_rested":6,"item_purchase_floors":[14,22,22],"current_hp_per_floor":[68,55,55,52,36,64,58,52,52,52,11,42,42,42,73,16,104,78,72,31,31,31,65,71,71,71,105,106,106,95,44,81,0],"gold":117,"neow_bonus":"THREE_RARE_CARDS","is_prod":false,"is_daily":false,"chose_seed":false,"campfire_upgraded":1,"win_rate":0,"timestamp":1556832822,"path_taken":["M","M","M","M","M","R","M","M","T","?","E","R","?","$","R","BOSS","M","M","?","?","$","R","M","$","T","R","M","R","M","M","R","BOSS"],"build_version":"2019-01-23","purchased_purges":1,"victory":false,"max_hp_per_floor":[83,86,89,92,95,95,98,101,101,101,104,104,104,104,104,104,104,107,110,116,116,116,116,116,116,116,116,119,119,122,125,125,125],"card_choices":[{"not_picked":["Offering","Double Tap"],"picked":"Feed","floor":0.0},{"not_picked":["Twin Strike","Body Slam"],"picked":"Pommel Strike","floor":1},{"not_picked":["Body Slam","Havoc","Pommel Strike"],"picked":"SKIP","floor":2},{"not_picked":["Ghostly Armor","Anger"],"picked":"Inflame","floor":3},{"not_picked":["Anger","Whirlwind"],"picked":"Spot Weakness","floor":4},{"not_picked":["Pummel","Cleave","Sever Soul"],"picked":"SKIP","floor":5},{"not_picked":["Headbutt","Sword Boomerang"],"picked":"Double Tap","floor":7},{"not_picked":["Armaments","Cleave"],"picked":"Inflame","floor":8},{"not_picked":["Body Slam","Pommel Strike"],"picked":"Perfected Strike","floor":11},{"not_picked":["Brutality","Impervious"],"picked":"Exhume","floor":16},{"not_picked":["Flex","True Grit"],"picked":"Uppercut+1","floor":18},{"not_picked":["Whirlwind+1","Disarm"],"picked":"Ghostly Armor","floor":19},{"not_picked":["Pommel Strike","Anger","Seeing Red","Thunderclap+1"],"picked":"SKIP","floor":24},{"not_picked":["Second Wind","True Grit","Anger","Armaments"],"picked":"SKIP","floor":28},{"not_picked":["Seeing Red","True Grit","Anger","Bloodletting"],"picked":"SKIP","floor":30},{"not_picked":["Pommel Strike","Armaments","Pummel","Offering"],"picked":"SKIP","floor":31}],"player_experience":428281,"relics_obtained":[{"floor":9,"key":"Omamori"},{"floor":11,"key":"Orichalcum"},{"floor":20,"key":"Magic Flower"},{"floor":20,"key":"Question Card"},{"floor":21,"key":"Frozen Egg 2"},{"floor":26,"key":"Vajra"}],"event_choices":[{"damage_healed":0,"gold_gain":0,"player_choice":"Searched \u00272\u0027 times","damage_taken":0,"relics_obtained":["Pen Nib"],"max_hp_gain":0,"max_hp_loss":0,"event_name":"Dead Adventurer","floor":13,"gold_loss":0},{"damage_healed":0,"gold_gain":0,"player_choice":"Fight","damage_taken":0,"max_hp_gain":0,"max_hp_loss":0,"event_name":"Colosseum","floor":20,"gold_loss":0},{"damage_healed":0,"gold_gain":0,"player_choice":"Fought Nobs","damage_taken":0,"max_hp_gain":0,"max_hp_loss":0,"event_name":"Colosseum","floor":20,"gold_loss":0}],"is_beta":false,"boss_relics":[{"not_picked":["Astrolabe","Fusion Hammer"],"picked":"Black Blood"}],"items_purged_floors":[10],"is_endless":false,"potions_floor_spawned":[2,3,7,8,19,20,24,28,31],"killed_by":"Collector","ascension_level":1}