{"gold_per_floor":[115,115,128,303,18,52,52,86,86,113,113,63,63,79,79,152,152,167,178,178,192,192,223,223,239,239,251,279,279],"floor_reached":29,"playtime":1972,"items_purged":["Doubt"],"score":530,"play_id":"20d84cdf-70b4-4633-8af5-bc7df1c48062","local_time":"20190619232834","is_ascension_mode":true,"campfire_choices":[{"data":"Darkness","floor":7,"key":"SMITH"},{"data":"Go for the Eyes","floor":11,"key":"SMITH"},{"data":"Regret","floor":15,"key":"PURGE"},{"data":"Recycle","floor":24,"key":"SMITH"}],"neow_cost":"NONE","seed_source_timestamp":167468404476983,"circlet_count":0,"master_deck":["AscendersBane","Strike_B+1","Strike_B+1","Defend_B+1","Defend_B+1","Defend_B+1","Defend_B+1","Zap","Dualcast","Darkness+1","Ball Lightning","Rip and Tear","Go for the Eyes+1","Undo","Seek","Electrodynamics","Redo","Fusion+1","Decay","Compile Driver","Recycle+1","Leap","All For One","Fission"],"special_seed":0,"relics":["Cracked Core","NeowsBlessing","OrangePellets","Darkstone Periapt","Peace Pipe","PreservedInsect","Anchor","Orichalcum","Snecko Eye","Pear","Nunchaku","Gremlin Horn"],"potions_floor_usage":[16,23,27],"damage_taken":[{"damage":0,"enemies":"Cultist","floor":1,"turns":1},{"damage":0,"enemies":"Small Slimes","floor":3,"turns":1},{"damage":0,"enemies":"Gremlin Nob","floor":6,"turns":1},{"damage":20,"enemies":"Lagavulin","floor":8,"turns":6},{"damage":15,"enemies":"Gremlin Nob","floor":10,"turns":3},{"damage":2,"enemies":"2 Louse","floor":14,"turns":3},{"damage":23,"enemies":"The Guardian","floor":16,"turns":9},{"damage":2,"enemies":"Chosen","floor":18,"turns":5},{"damage":6,"enemies":"2 Thieves","floor":19,"turns":3},{"damage":16,"enemies":"Snecko","floor":21,"turns":5},{"damage":15,"enemies":"Gremlin Leader","floor":23,"turns":5},{"damage":0,"enemies":"Cultist and Chosen","floor":25,"turns":4},{"damage":32,"enemies":"Centurion and Healer","floor":27,"turns":4},{"damage":24,"enemies":"Slavers","floor":28,"turns":5},{"damage":2,"enemies":"Snecko","floor":29,"turns":3}],"seed_played":"1405683393816474584","potions_obtained":[{"floor":1,"key":"Regen Potion"},{"floor":6,"key":"SpeedPotion"},{"floor":8,"key":"PowerPotion"},{"floor":18,"key":"Energy Potion"},{"floor":19,"key":"Regen Potion"},{"floor":23,"key":"SteroidPotion"}],"is_trial":false,"path_per_floor":["M","?","M","?","$","E","R","E","T","E","R","?","?","M","R","B",null,"M","M","?","M","?","E","R","M","T","M","E","M"],"character_chosen":"DEFECT","items_purchased":["OrangePellets"],"campfire_rested":0,"item_purchase_floors":[5],"current_hp_per_floor":[68,61,61,61,61,61,61,41,41,26,26,26,32,30,30,22,66,64,58,64,48,48,57,57,57,57,25,1,0],"gold":279,"neow_bonus":"THREE_ENEMY_KILL","is_prod":false,"is_daily":false,"chose_seed":false,"campfire_upgraded":3,"win_rate":0,"timestamp":1561012114,"path_taken":["M","?","M","?","$","E","R","E","T","E","R","?","?","M","R","BOSS","M","M","?","?","?","E","R","M","T","M","E","M"],"build_version":"2019-01-23","purchased_purges":1,"victory":false,"max_hp_per_floor":[75,75,75,75,75,75,75,75,75,75,75,75,81,81,81,81,81,81,81,87,87,87,97,97,97,97,97,97,97],"card_choices":[{"not_picked":["Gash","Stack"],"picked":"Darkness","floor":1},{"not_picked":["Turbo","Steam"],"picked":"Ball Lightning","floor":3},{"not_picked":["Reboot","Capacitor"],"picked":"Rip and Tear","floor":6},{"not_picked":["Steam","Self Repair"],"picked":"Go for the Eyes","floor":8},{"not_picked":["Go for the Eyes","Beam Cell"],"picked":"Undo","floor":10},{"not_picked":["Coolheaded","Beam Cell"],"picked":"Seek","floor":14},{"not_picked":["Meteor Strike","Rainbow"],"picked":"Electrodynamics","floor":16},{"not_picked":["Coolheaded+1","Go for the Eyes"],"picked":"Redo","floor":18},{"not_picked":["Compile Driver+1","Rip and Tear"],"picked":"Fusion+1","floor":19},{"not_picked":["Melter+1","Redo"],"picked":"Compile Driver","floor":21},{"not_picked":["Redo","Conserve Battery"],"picked":"Recycle","floor":23},{"not_picked":["Beam Cell","Double Energy"],"picked":"Leap","floor":25},{"not_picked":["Conserve Battery","Consume"],"picked":"All For One","floor":27},{"not_picked":["Ball Lightning","Steam"],"picked":"Fission","floor":28}],"player_experience":1278195,"relics_obtained":[{"floor":6,"key":"Darkstone Periapt"},{"floor":8,"key":"Peace Pipe"},{"floor":9,"key":"PreservedInsect"},{"floor":10,"key":"Anchor"},{"floor":23,"key":"Pear"},{"floor":26,"key":"Nunchaku"},{"floor":28,"key":"Gremlin Horn"}],"event_choices":[{"cards_removed":["Strike_B"],"damage_healed":0,"gold_gain":0,"player_choice":"Card Removal","damage_taken":7,"max_hp_gain":0,"max_hp_loss":0,"event_name":"Golden Wing","floor":2,"gold_loss":0},{"damage_healed":0,"gold_gain":175,"player_choice":"AGREE","damage_taken":0,"max_hp_gain":0,"max_hp_loss":0,"event_name":"Liars Game","floor":4,"gold_loss":0,"cards_obtained":["Doubt"]},{"cards_removed":["Strike_B"],"damage_healed":0,"gold_gain":0,"player_choice":"Card Removal","damage_taken":0,"max_hp_gain":0,"max_hp_loss":0,"event_name":"The Cleric","floor":12,"gold_loss":50},{"damage_healed":0,"gold_gain":0,"player_choice":"Box","damage_taken":0,"relics_obtained":["Orichalcum"],"max_hp_gain":0,"max_hp_loss":0,"event_name":"Big Fish","floor":13,"gold_loss":0,"cards_obtained":["Regret"]},{"damage_healed":0,"gold_gain":0,"player_choice":"Cursed","damage_taken":0,"max_hp_gain":0,"max_hp_loss":0,"event_name":"Wheel of Change","floor":20,"gold_loss":0,"cards_obtained":["Decay"]},{"damage_healed":0,"gold_gain":0,"player_choice":"Simplicity","damage_taken":0,"max_hp_gain":0,"max_hp_loss":0,"event_name":"Back to Basics","floor":22,"gold_loss":0,"cards_upgraded":["Strike_B","Strike_B","Defend_B","Defend_B","Defend_B","Defend_B"]}],"is_beta":false,"boss_relics":[{"not_picked":["Black Star","Fusion Hammer"],"picked":"Snecko Eye"}],"items_purged_floors":[5],"is_endless":false,"potions_floor_spawned":[1,6,8,18,19,23,25],"killed_by":"Snecko","ascension_level":13}