{"gold_per_floor":[15,30,30,105,121,121,149,26,26,37,37,37,37],"floor_reached":13,"playtime":403,"items_purged":["Strike_R"],"score":95,"play_id":"9d1f606b-ed53-4c6e-8be2-ba8869dc3d11","local_time":"20190630214747","is_ascension_mode":true,"campfire_choices":[{"data":"Demon Form","floor":6,"key":"SMITH"},{"floor":12,"key":"REST"}],"neow_cost":"NO_GOLD","seed_source_timestamp":1024267213885618,"circlet_count":0,"master_deck":["Strike_R","Strike_R","Strike_R","Strike_R","Defend_R","Defend_R+1","Defend_R","Defend_R","Bash+1","Demon Form+1","Spot Weakness","Barricade","Shrug It Off","Entrench"],"relics":["Burning Blood","Question Card","Mercury Hourglass"],"potions_floor_usage":[10],"damage_taken":[{"damage":5,"enemies":"2 Louse","floor":1,"turns":5},{"damage":12,"enemies":"Jaw Worm","floor":2,"turns":4},{"damage":6,"enemies":"Cultist","floor":5,"turns":4},{"damage":40,"enemies":"Gremlin Nob","floor":7,"turns":5},{"damage":11,"enemies":"Large Slime","floor":10,"turns":9},{"damage":35,"enemies":"Exordium Thugs","floor":13,"turns":4}],"seed_played":"7249302715708914525","potions_obtained":[{"floor":2,"key":"Dexterity Potion"},{"floor":10,"key":"SteroidPotion"}],"is_trial":false,"path_per_floor":["M","M","?","?","M","R","E","$","T","M","$","R","M"],"character_chosen":"IRONCLAD","items_purchased":["Shrug It Off"],"campfire_rested":1,"item_purchase_floors":[8],"current_hp_per_floor":[80,74,58,47,47,47,13,13,13,8,8,32,0],"gold":37,"neow_bonus":"THREE_RARE_CARDS","is_prod":false,"is_daily":false,"chose_seed":false,"campfire_upgraded":1,"win_rate":0,"timestamp":1561956467,"path_taken":["M","M","?","?","M","R","E","$","T","M","?","R","M"],"build_version":"2019-01-23","purchased_purges":1,"victory":false,"max_hp_per_floor":[80,80,80,80,80,80,80,80,80,80,80,80,80],"card_choices":[{"not_picked":["Immolate","Berserk"],"picked":"Demon Form","floor":0},{"not_picked":["Armaments","Clash","Anger"],"picked":"SKIP","floor":1},{"not_picked":["Headbutt","Flex","Cleave"],"picked":"SKIP","floor":2},{"not_picked":["Headbutt","Sword Boomerang"],"picked":"Spot Weakness","floor":5},{"not_picked":["Fire Breathing","Power Through"],"picked":"Barricade","floor":7},{"not_picked":["Sword Boomerang","Pommel Strike","Wild Strike"],"picked":"Entrench","floor":10}],"player_experience":228881,"relics_obtained":[{"floor":7,"key":"Question Card"},{"floor":9,"key":"Mercury Hourglass"}],"event_choices":[{"damage_healed":0,"gold_gain":0,"player_choice":"Entered Light","damage_taken":16,"max_hp_gain":0,"max_hp_loss":0,"event_name":"Shining Light","floor":3,"gold_loss":0,"cards_upgraded":["Defend_R","Bash"]},{"damage_healed":0,"gold_gain":75,"player_choice":"Gather Gold","damage_taken":11,"max_hp_gain":0,"max_hp_loss":0,"event_name":"World of Goop","floor":4,"gold_loss":0}],"is_beta":false,"boss_relics":[],"items_purged_floors":[8],"is_endless":false,"potions_floor_spawned":[2,10],"killed_by":"Exordium Thugs","ascension_level":3}